{"gold_per_floor":[364,26,26,26,81,81,231,265,289,289,307,12,12,31,31,109,109,121,121],"floor_reached":19,"playtime":590,"items_purged":["Strike_B"],"score":293,"play_id":"baac1e53-9aa5-4ddb-acaa-29283a4255d7","local_time":"20190316112505","is_ascension_mode":true,"campfire_choices":[{"floor":6,"key":"REST"},{"floor":10,"key":"REST"},{"data":"Deep Breath","floor":13,"key":"SMITH"},{"floor":15,"key":"REST"}],"neow_cost":"PERCENT_DAMAGE","seed_source_timestamp":299463224667304,"circlet_count":0,"master_deck":["AscendersBane","Strike_B","Strike_B","Strike_B","Defend_B","Defend_B","Defend_B","Defend_B","Zap","Dualcast","Streamline","Chill","Loop","Deep Breath+1","Doubt","Capacitor","Capacitor","Chill","Thunder Strike","Melter+1"],"special_seed":0,"relics":["Cracked Core","Peace Pipe","Regal Pillow","Strange Spoon","Black Star"],"potions_floor_usage":[14,18,19],"damage_taken":[{"damage":7.0,"enemies":"Jaw Worm","floor":1.0,"turns":3.0},{"damage":44,"enemies":"Gremlin Nob","floor":8,"turns":6},{"damage":4,"enemies":"2 Louse","floor":11,"turns":3},{"damage":0,"enemies":"Cultist","floor":14,"turns":4},{"damage":31,"enemies":"The Guardian","floor":16,"turns":15},{"damage":42,"enemies":"Shell Parasite","floor":18,"turns":8},{"damage":14,"enemies":"3 Byrds","floor":19,"turns":3}],"seed_played":"-1089515799530815939","potions_obtained":[{"floor":11,"key":"SkillPotion"},{"floor":14,"key":"GamblersBrew"},{"floor":16,"key":"Fire Potion"},{"floor":18,"key":"AttackPotion"}],"is_trial":false,"path_per_floor":["M","$","?","?","?","R","?","E","T","R","M","$","R","M","R","B",null,"M","M"],"character_chosen":"DEFECT","items_purchased":["Chill","Loop","Deep Breath","Strange Spoon","Capacitor"],"campfire_rested":3,"item_purchase_floors":[2,2,2,12,12],"current_hp_per_floor":[39,39,39,39,39,60,60,16,16,52,48,48,48,48,71,40,63,21,7],"gold":121,"neow_bonus":"TWO_FIFTY_GOLD","is_prod":false,"is_daily":false,"chose_seed":false,"campfire_upgraded":1,"win_rate":0,"timestamp":1552753505,"path_taken":["M","$","?","?","?","R","?","E","T","R","M","$","R","M","R","BOSS","M","M"],"build_version":"2019-01-23","purchased_purges":1,"victory":false,"max_hp_per_floor":[71,71,71,71,71,71,71,71,71,71,71,71,71,71,71,71,71,71,71],"card_choices":[{"not_picked":["Heatsinks","Go for the Eyes"],"picked":"Streamline","floor":1.0},{"not_picked":["Sweeping Beam","Steam"],"picked":"Capacitor","floor":8},{"not_picked":["Beam Cell","Steam","Lockon"],"picked":"SKIP","floor":11},{"not_picked":["Go for the Eyes","Coolheaded"],"picked":"Chill","floor":14},{"not_picked":["All For One","Hyperbeam"],"picked":"Thunder Strike","floor":16},{"not_picked":["Redo","BootSequence"],"picked":"Melter+1","floor":18}],"player_experience":730828,"relics_obtained":[{"floor":8,"key":"Peace Pipe"},{"floor":9,"key":"Regal Pillow"}],"event_choices":[{"damage_healed":0,"gold_gain":0,"player_choice":"Fled","damage_taken":0,"max_hp_gain":0,"max_hp_loss":0,"event_name":"Scrap Ooze","floor":3,"gold_loss":0},{"damage_healed":0,"gold_gain":0,"player_choice":"Leave","damage_taken":0,"max_hp_gain":0,"max_hp_loss":0,"event_name":"The Cleric","floor":4,"gold_loss":0},{"damage_healed":0,"gold_gain":55,"player_choice":"Gained Gold","damage_taken":0,"max_hp_gain":0,"max_hp_loss":0,"event_name":"Golden Wing","floor":5,"gold_loss":0},{"damage_healed":0,"gold_gain":150,"player_choice":"AGREE","damage_taken":0,"max_hp_gain":0,"max_hp_loss":0,"event_name":"Liars Game","floor":7,"gold_loss":0,"cards_obtained":["Doubt"]}],"is_beta":false,"boss_relics":[{"not_picked":["Philosopher\u0027s Stone","Sozu"],"picked":"Black Star"}],"items_purged_floors":[2],"is_endless":false,"potions_floor_spawned":[11,14,16,18],"killed_by":"3 Byrds","ascension_level":16}