{"path_per_floor":["M","$","?","?","?","R","E","R","T","$","R","M","M","M","R","B",null,"M","?","M","?","M","R","E","?","T","M"],"character_chosen":"IRONCLAD","items_purchased":["Shrug It Off","Metallicize","Trip"],"gold_per_floor":[117,36,36,36,36,36,63,63,110,18,18,37,47,57,57,162,162,175,75,92,92,104,104,137,137,183,195],"floor_reached":28,"campfire_rested":4,"playtime":1453,"current_hp_per_floor":[52,52,52,52,40,59,38,57,57,57,57,52,48,48,64,38,64,50,50,26,47,21,40,32,16,16,11],"items_purged":[],"gold":195,"play_id":"5d56d7c8-c466-4ad7-b7db-b743b8433e1c","is_prod":false,"is_daily":false,"is_ascension_mode":false,"campfire_upgraded":1,"path_taken":["M","$","?","?","?","R","E","R","T","$","R","M","?","M","R","BOSS","M","?","?","?","M","R","E","?","T","M","?"],"build_version":"2018-01-25-PROD3","purchased_purges":0,"victory":false,"master_deck":["Strike_R","Strike_R","Strike_R","Strike_R","Strike_R","Defend_R","Defend_R+1","Defend_R","Defend_R","Bash+1","Perfected Strike+1","Metallicize","Inflame","Trip+1","Rampage","Rampage","Juggernaut","Writhe","Searing Blow+1","Juggernaut+1","Cleave+1","J.A.X.","Cleave+1","Cleave+1","Shrug It Off+1","Thunderclap+1"],"max_hp_per_floor":[64,64,64,64,64,64,64,64,64,64,64,64,64,64,64,64,64,64,64,64,64,64,64,64,64,64,64],"relics":["Runic Cube","Orichalcum","Bronze Scales","Pen Nib","Astrolabe","Unceasing Top","Enchiridion","Bag of Preparation"],"card_choices":[{"not_picked":["Cleave","Power Through"],"picked":"Perfected Strike"},{"not_picked":["Anger","Body Slam"],"picked":"Inflame"},{"not_picked":["Hemokinesis","Blood for Blood"],"picked":"Perfected Strike"},{"not_picked":["Pommel Strike","Whirlwind"],"picked":"Rampage"},{"not_picked":["Flex","Thunderclap"],"picked":"Rampage"},{"not_picked":["Berserk","Fiend Fire"],"picked":"Juggernaut"},{"not_picked":["Pommel Strike","Shockwave"],"picked":"Cleave"},{"not_picked":["Feel No Pain","Clothesline"],"picked":"Cleave"},{"not_picked":["Perfected Strike","Headbutt"],"picked":"Cleave"},{"not_picked":["Flame Barrier","Inflame"],"picked":"Shrug It Off"},{"not_picked":["Pommel Strike","Disarm"],"picked":"Thunderclap"}],"player_experience":2930,"potions_floor_usage":[24,24,27],"damage_taken":[{"damage":12,"enemies":"Small Slimes","floor":1,"turns":5},{"damage":21,"enemies":"3 Sentries","floor":7,"turns":9},{"damage":5,"enemies":"Jaw Worm","floor":12,"turns":2},{"damage":4,"enemies":"Blue Slaver","floor":13,"turns":3},{"damage":0,"enemies":"2 Fungi Beasts","floor":14,"turns":3},{"damage":26,"enemies":"Slime Boss","floor":16,"turns":9},{"damage":14,"enemies":"3 Byrds","floor":18,"turns":3},{"damage":24,"enemies":"Chosen","floor":20,"turns":5},{"damage":26,"enemies":"Centurion and Healer","floor":22,"turns":6},{"damage":8,"enemies":"Slavers","floor":24,"turns":3},{"damage":5,"enemies":"3 Cultists","floor":27,"turns":4},{"damage":17,"enemies":"Snecko","floor":28,"turns":3}],"event_choices":[{"event_name":"Living Wall","player_choice":"Grow","floor":3,"damage_taken":0},{"event_name":"Accursed Blacksmith","player_choice":"Rummage","floor":4,"damage_taken":0},{"event_name":"Shining Light","player_choice":"Entered Light","floor":5,"damage_taken":0},{"event_name":"Drug Dealer","player_choice":"Got JAXXED","floor":19,"damage_taken":0},{"event_name":"The Library","player_choice":"Heal","floor":21,"damage_taken":0},{"event_name":"Cursed Tome","player_choice":"Obtained Book","floor":25,"damage_taken":0}],"boss_relics":[{"not_picked":["Philosopher\u0027s Stone","Ectoplasm"],"picked":"Astrolabe"}],"potions_floor_spawned":[7,12,20,24],"seed_played":"-3096238532391229974","killed_by":"Snecko","ascension_level":0,"is_trial":false}