{"gold_per_floor":[118,138,238,250,266,293,293,320,391,402,414,479,479,507,507,612,612,587,587,184,201,213,213,226,226,253,253,253,253],"floor_reached":29,"playtime":20588,"items_purged":["Infinite Blades"],"score":380,"play_id":"a44276a4-f423-456a-9131-62dd95ffdfb2","local_time":"20190406184754","is_ascension_mode":true,"campfire_choices":[{"floor":7.0,"key":"REST"},{"data":"Glass Knife","floor":13.0,"key":"SMITH"},{"floor":15.0,"key":"REST"},{"data":"Burst","floor":23.0,"key":"SMITH"},{"data":"Setup","floor":27.0,"key":"SMITH"}],"neow_cost":"NONE","seed_source_timestamp":214463971800,"circlet_count":0,"master_deck":["AscendersBane","Survivor","Neutralize","Glass Knife+1","Deadly Poison","Dagger Spray","Dagger Spray","PiercingWail","Adrenaline","Crippling Poison","Calculated Gamble","Quick Slash","Setup+1","Die Die Die","Poisoned Stab","Burst","Footwork","Deflect","Burst+1","Deadly Poison","Blur","Dash","Predator+1","Caltrops","Escape Plan","Heel Hook+1","Concentrate+1","Necronomicurse"],"special_seed":0,"relics":["Ring of the Snake","Meat on the Bone","Gambling Chip","Ninja Scroll","Bag of Preparation","Juzu Bracelet","Pandora\u0027s Box","Paper Crane","Potion Belt","Necronomicon"],"potions_floor_usage":[29],"damage_taken":[{"damage":0.0,"enemies":"2 Louse","floor":1.0,"turns":2.0},{"damage":0.0,"enemies":"Cultist","floor":2.0,"turns":3.0},{"damage":4.0,"enemies":"Jaw Worm","floor":4.0,"turns":4.0},{"damage":8.0,"enemies":"Looter","floor":5.0,"turns":3.0},{"damage":34.0,"enemies":"Gremlin Nob","floor":6.0,"turns":5.0},{"damage":9.0,"enemies":"3 Sentries","floor":8.0,"turns":6.0},{"damage":4.0,"enemies":"Gremlin Gang","floor":10.0,"turns":2.0},{"damage":0.0,"enemies":"2 Fungi Beasts","floor":11.0,"turns":2.0},{"damage":0.0,"enemies":"Gremlin Nob","floor":12.0,"turns":2.0},{"damage":23.0,"enemies":"Gremlin Nob","floor":14.0,"turns":4.0},{"damage":4.0,"enemies":"Slime Boss","floor":16.0,"turns":6.0},{"damage":17.0,"enemies":"2 Thieves","floor":18.0,"turns":5.0},{"damage":8.0,"enemies":"Shell Parasite","floor":21.0,"turns":5.0},{"damage":21.0,"enemies":"3 Cultists","floor":22.0,"turns":5.0},{"damage":17.0,"enemies":"Shelled Parasite and Fungi","floor":24.0,"turns":6.0},{"damage":9,"enemies":"Cultist and Chosen","floor":29,"turns":4}],"seed_played":"-8665245925746972096","potions_obtained":[{"floor":1.0,"key":"Block Potion"},{"floor":8.0,"key":"SpeedPotion"},{"floor":11.0,"key":"SteroidPotion"},{"floor":12.0,"key":"SpeedPotion"},{"floor":14.0,"key":"SkillPotion"},{"floor":16.0,"key":"Block Potion"},{"floor":18.0,"key":"FearPotion"},{"floor":24.0,"key":"AttackPotion"}],"is_trial":false,"path_per_floor":["M","M","?","M","M","E","R","E","T","M","M","?","R","E","R","B",null,"M","?","$","M","M","R","M","?","T","R","?","M"],"character_chosen":"THE_SILENT","items_purchased":["Paper Crane","Caltrops"],"campfire_rested":2,"item_purchase_floors":[20,20],"current_hp_per_floor":[63,63,63,59,51,17,38,41,41,37,37,37,37,26,47,43,63,46,46,46,38,29,29,24,24,24,24,8,0],"gold":253,"neow_bonus":"ONE_RANDOM_RARE_CARD","is_prod":false,"is_daily":false,"chose_seed":false,"campfire_upgraded":3,"win_rate":0,"timestamp":1554601674,"path_taken":["M","M","?","M","M","E","R","E","T","?","M","?","R","E","R","BOSS","M","?","$","M","M","R","M","?","T","R","?","M"],"build_version":"2019-01-23","purchased_purges":1,"victory":false,"max_hp_per_floor":[70,70,70,70,70,70,70,70,70,70,70,70,70,70,70,70,70,70,70,70,70,70,70,70,70,70,70,70,70],"card_choices":[{"not_picked":["Riddle With Holes","Sucker Punch"],"picked":"Deadly Poison","floor":1.0},{"not_picked":["Prepared","Quick Slash"],"picked":"Dagger Spray","floor":2.0},{"not_picked":["Blade Dance","All Out Attack"],"picked":"Dagger Spray","floor":4.0},{"not_picked":["Deadly Poison","Dagger Throw"],"picked":"PiercingWail","floor":5.0},{"not_picked":["Leg Sweep","Flechettes"],"picked":"Adrenaline","floor":6.0},{"not_picked":["Backflip","Concentrate"],"picked":"Crippling Poison","floor":8.0},{"not_picked":["Deflect","Setup"],"picked":"Calculated Gamble","floor":10.0},{"not_picked":["Flechettes","Deadly Poison","Dagger Spray"],"picked":"SKIP","floor":11.0},{"not_picked":["Slice","Expertise"],"picked":"Quick Slash","floor":12.0},{"not_picked":["Blade Dance","Quick Slash"],"picked":"Setup","floor":14.0},{"not_picked":["Night Terror","Storm of Steel"],"picked":"Die Die Die","floor":16.0},{"not_picked":["Deadly Poison","Outmaneuver"],"picked":"Predator+1","floor":18.0},{"not_picked":["Acrobatics+1","Distraction"],"picked":"Escape Plan","floor":21.0},{"not_picked":["Flying Knee+1","Underhanded Strike"],"picked":"Heel Hook+1","floor":22.0},{"not_picked":["Slice","Infinite Blades"],"picked":"Concentrate+1","floor":24.0}],"player_experience":713338,"relics_obtained":[{"floor":6.0,"key":"Meat on the Bone"},{"floor":8.0,"key":"Gambling Chip"},{"floor":9.0,"key":"Ninja Scroll"},{"floor":12.0,"key":"Bag of Preparation"},{"floor":14.0,"key":"Juzu Bracelet"},{"floor":26.0,"key":"Potion Belt"},{"floor":28.0,"key":"Necronomicon"}],"event_choices":[{"damage_healed":0.0,"max_hp_gain":0.0,"max_hp_loss":0.0,"gold_gain":100.0,"event_name":"Golden Shrine","player_choice":"Pray","floor":3.0,"gold_loss":0.0,"damage_taken":0.0},{"damage_healed":0.0,"max_hp_gain":0.0,"max_hp_loss":0.0,"gold_gain":0.0,"event_name":"Dead Adventurer","player_choice":"Searched \u00271\u0027 times","floor":12.0,"gold_loss":0.0,"damage_taken":0.0},{"cards_removed":["Concentrate"],"damage_healed":0.0,"max_hp_gain":0.0,"max_hp_loss":0.0,"gold_gain":0.0,"event_name":"Back to Basics","player_choice":"Elegance","floor":19.0,"gold_loss":0.0,"damage_taken":0.0},{"damage_healed":0.0,"max_hp_gain":0.0,"max_hp_loss":0.0,"gold_gain":0.0,"event_name":"Match and Keep!","player_choice":"0 cards matched","floor":25.0,"gold_loss":0.0,"damage_taken":0.0,"cards_obtained":[]},{"damage_healed":0.0,"max_hp_gain":0.0,"max_hp_loss":0.0,"gold_gain":0.0,"event_name":"Cursed Tome","player_choice":"Obtained Book","floor":28.0,"gold_loss":0.0,"damage_taken":16.0}],"is_beta":false,"boss_relics":[{"not_picked":["Orrery","Runic Dome"],"picked":"Pandora\u0027s Box"}],"items_purged_floors":[20],"is_endless":false,"potions_floor_spawned":[1,8,11,12,14,16,18,24],"killed_by":"Cultist and Chosen","ascension_level":11}