{"gold_per_floor":[115,115,80,90,100,100,125,125,125,156,156,191,208,235,235,337,337,351,369,86,86,113,113,113],"floor_reached":24,"playtime":960,"items_purged":["Regret"],"score":325,"play_id":"ed37d3f9-4f29-4034-9e21-166f638eb889","local_time":"20190228002939","is_ascension_mode":true,"campfire_choices":[{"data":"Dualcast","floor":6,"key":"SMITH"},{"floor":8,"key":"REST"},{"floor":11,"key":"REST"},{"floor":15,"key":"REST"},{"floor":23,"key":"REST"}],"neow_cost":"NONE","seed_source_timestamp":707900836674077,"circlet_count":0,"master_deck":["Defend_B","Defend_B","Defend_B","Defend_B","Zap","Dualcast+1","Panacea","Cold Snap+1","Coolheaded","Cold Snap","Capacitor","Cold Snap","Decay","Clumsy","Bite","Bite","Bite","Bite","Bite"],"relics":["Cracked Core","Whetstone","Singing Bowl","Blue Candle","Gremlin Horn","Vajra","Calling Bell","Torii","Dodecahedron","Pen Nib","PrismaticShard","Omamori"],"potions_floor_usage":[14,16,16],"damage_taken":[{"damage":8,"enemies":"2 Louse","floor":1,"turns":3},{"damage":5,"enemies":"Jaw Worm","floor":4,"turns":3},{"damage":8,"enemies":"Small Slimes","floor":5,"turns":2},{"damage":27,"enemies":"3 Sentries","floor":7,"turns":8},{"damage":20,"enemies":"Lagavulin","floor":10,"turns":7},{"damage":16,"enemies":"Gremlin Nob","floor":12,"turns":5},{"damage":4,"enemies":"Blue Slaver","floor":13,"turns":2},{"damage":22,"enemies":"Lagavulin","floor":14,"turns":6},{"damage":15,"enemies":"The Guardian","floor":16,"turns":13},{"damage":23,"enemies":"Spheric Guardian","floor":18,"turns":4},{"damage":22,"enemies":"3 Byrds","floor":19,"turns":8},{"damage":59,"enemies":"3 Cultists","floor":24,"turns":6}],"seed_played":"4391586175030825153","potions_obtained":[{"floor":1,"key":"PowerPotion"},{"floor":12,"key":"Dexterity Potion"},{"floor":14,"key":"SkillPotion"},{"floor":18,"key":"Dexterity Potion"},{"floor":19,"key":"FearPotion"}],"is_trial":false,"path_per_floor":["M","?","?","M","M","R","E","R","T","E","R","E","M","E","R","B",null,"M","M","$","?","T","R","M"],"character_chosen":"DEFECT","items_purchased":["PrismaticShard"],"campfire_rested":4,"item_purchase_floors":[20],"current_hp_per_floor":[60,45,63,58,50,50,23,45,45,25,47,31,27,7,30,17,64,43,23,23,23,23,40,0],"gold":113,"neow_bonus":"RANDOM_COLORLESS","is_prod":false,"is_daily":false,"chose_seed":false,"campfire_upgraded":1,"win_rate":0,"timestamp":1551310179,"path_taken":["M","?","?","M","M","R","E","R","T","E","R","E","M","E","R","BOSS","M","M","$","?","?","R","M"],"build_version":"2019-01-23","purchased_purges":1,"victory":false,"max_hp_per_floor":[75,75,75,75,75,75,75,75,75,75,75,75,75,77,77,79,79,81,83,83,58,58,58,58],"card_choices":[{"not_picked":["Aggregate","Leap"],"picked":"Cold Snap","floor":1},{"not_picked":["Turbo","Stack","Steam"],"picked":"SKIP","floor":4},{"not_picked":["Beam Cell","Rip and Tear","White Noise"],"picked":"SKIP","floor":5},{"not_picked":["Undo","Thunder Strike"],"picked":"Coolheaded","floor":7},{"not_picked":["Static Discharge","Go for the Eyes"],"picked":"Cold Snap","floor":10},{"not_picked":["Streamline","Sweeping Beam"],"picked":"Capacitor","floor":12},{"not_picked":["Go for the Eyes","Redo"],"picked":"Cold Snap","floor":13},{"not_picked":["Rainbow","Steam","Barrage"],"picked":"Singing Bowl","floor":14},{"not_picked":["Seek","Hyperbeam","Multi-Cast"],"picked":"Singing Bowl","floor":16},{"not_picked":["FTL+1","Steam+1","Reprogram"],"picked":"Singing Bowl","floor":18},{"not_picked":["Turbo","Cold Snap","Go for the Eyes"],"picked":"Singing Bowl","floor":19}],"player_experience":244796,"relics_obtained":[{"floor":7,"key":"Whetstone"},{"floor":9,"key":"Singing Bowl"},{"floor":10,"key":"Blue Candle"},{"floor":12,"key":"Gremlin Horn"},{"floor":14,"key":"Vajra"},{"floor":17,"key":"Torii"},{"floor":17,"key":"Dodecahedron"},{"floor":17,"key":"Pen Nib"},{"floor":22,"key":"Omamori"}],"event_choices":[{"damage_healed":0,"gold_gain":0,"player_choice":"Entered Light","damage_taken":15,"max_hp_gain":0,"max_hp_loss":0,"event_name":"Shining Light","floor":2,"gold_loss":0,"cards_upgraded":["Strike_B","Strike_B"]},{"damage_healed":18,"gold_gain":0,"player_choice":"Healed","damage_taken":0,"max_hp_gain":0,"max_hp_loss":0,"event_name":"The Cleric","floor":3,"gold_loss":35},{"damage_healed":0,"gold_gain":0,"player_choice":"Became a vampire","damage_taken":0,"max_hp_gain":0,"max_hp_loss":25,"event_name":"Vampires","floor":21,"gold_loss":0,"cards_obtained":["Bite","Bite","Bite","Bite","Bite"]}],"is_beta":false,"boss_relics":[{"not_picked":["Orrery","Sozu"],"picked":"Calling Bell"}],"items_purged_floors":[20],"is_endless":false,"potions_floor_spawned":[1,12,14,18,19],"killed_by":"3 Cultists","ascension_level":7}