{"gold_per_floor":[14,29,47,47,63,63,98,0,0,10,28,28,39,72,72,171,171,190,190,190,190,210,210,125,125,152,170,180,180],"floor_reached":29,"playtime":1713,"items_purged":["Defend_G"],"score":237,"play_id":"71566a7c-955c-4f9c-b110-3fecf10ccfbc","local_time":"20181015030021","is_ascension_mode":false,"campfire_choices":[{"data":"Poisoned Stab","floor":6,"key":"SMITH"},{"data":"Calculated Gamble","floor":12,"key":"SMITH"},{"floor":15,"key":"REST"},{"data":"Prepared","floor":23,"key":"SMITH"},{"data":"Adrenaline","floor":25,"key":"SMITH"}],"neow_cost":"NO_GOLD","seed_source_timestamp":211948899576960,"circlet_count":0,"master_deck":["Defend_G","Defend_G","Defend_G","Defend_G","Strike_G","Strike_G","Strike_G","Strike_G","Strike_G","Survivor","Neutralize","Bullet Time","Calculated Gamble+1","Backflip","Poisoned Stab","Poisoned Stab+1","Backflip","Deadly Poison","Acrobatics","Prepared+1","Poisoned Stab","Adrenaline+1","Backstab","J.A.X.","Prepared+1","Noxious Fumes","Blade Dance+1"],"relics":["Ring of the Snake","Orichalcum","Question Card","Pen Nib","Centennial Puzzle","WristBlade","Dream Catcher","Strawberry"],"potions_floor_usage":[7,7,7,14,29],"damage_taken":[{"damage":1,"enemies":"Cultist","floor":1,"turns":4},{"damage":2,"enemies":"Jaw Worm","floor":2,"turns":5},{"damage":0,"enemies":"2 Louse","floor":3,"turns":3},{"damage":4,"enemies":"Red Slaver","floor":5,"turns":4},{"damage":17,"enemies":"3 Sentries","floor":7,"turns":5},{"damage":2,"enemies":"Looter","floor":10,"turns":2},{"damage":11,"enemies":"Large Slime","floor":11,"turns":6},{"damage":0,"enemies":"Blue Slaver","floor":13,"turns":4},{"damage":17,"enemies":"Lagavulin","floor":14,"turns":6},{"damage":18,"enemies":"Hexaghost","floor":16,"turns":8},{"damage":14,"enemies":"2 Thieves","floor":18,"turns":4},{"damage":7,"enemies":"Chosen","floor":22,"turns":2},{"damage":18,"enemies":"Snecko","floor":27,"turns":4},{"damage":25,"enemies":"Sentry and Sphere","floor":28,"turns":4},{"damage":18,"enemies":"Snake Plant","floor":29,"turns":2}],"seed_played":"-140090066279116082","potions_obtained":[{"floor":1,"key":"PowerPotion"},{"floor":3,"key":"Fire Potion"},{"floor":5,"key":"Explosive Potion"},{"floor":10,"key":"GhostInAJar"},{"floor":27,"key":"SpeedPotion"},{"floor":28,"key":"FearPotion"}],"is_trial":false,"path_per_floor":["M","M","M","?","M","R","E","$","T","M","M","R","M","E","R","B",null,"M","$","?","$","M","R","?","R","T","M","M"],"character_chosen":"THE_SILENT","items_purchased":["Deadly Poison"],"campfire_rested":1,"item_purchase_floors":[8],"current_hp_per_floor":[69,67,67,60,56,56,39,39,39,37,26,26,26,9,30,12,70,56,56,56,56,49,49,49,49,56,38,13,0],"gold":180,"neow_bonus":"THREE_RARE_CARDS","is_prod":false,"is_daily":false,"chose_seed":false,"campfire_upgraded":4,"win_rate":0.0,"timestamp":1539590421,"path_taken":["M","?","M","?","M","R","E","$","T","M","M","R","M","E","R","BOSS","M","$","?","?","M","R","?","R","T","M","M","M"],"build_version":"2018-10-11","purchased_purges":1,"victory":false,"max_hp_per_floor":[70,70,70,70,70,70,70,70,70,70,70,70,70,70,70,70,70,70,70,70,70,70,70,70,70,77,77,77,77],"card_choices":[{"not_picked":["Glass Knife","Malaise"],"picked":"Bullet Time","floor":0},{"not_picked":["Flechettes","Backstab"],"picked":"Calculated Gamble","floor":1},{"not_picked":["Dagger Throw","Outmaneuver"],"picked":"Backflip","floor":2},{"not_picked":["Acrobatics","Blade Dance"],"picked":"Poisoned Stab","floor":3},{"not_picked":["Sucker Punch","Finisher"],"picked":"Poisoned Stab","floor":5},{"not_picked":["Dagger Throw","Malaise"],"picked":"Backflip","floor":7},{"not_picked":["Slice","Dagger Throw","Dodge and Roll","Underhanded Strike"],"picked":"SKIP","floor":10},{"not_picked":["Outmaneuver","Bane","Slice"],"picked":"Acrobatics","floor":11},{"not_picked":["Poisoned Stab","Distraction","Bouncing Flask"],"picked":"Prepared","floor":13},{"not_picked":["Dagger Throw","Underhanded Strike","Riddle With Holes"],"picked":"Poisoned Stab","floor":14},{"not_picked":["Malaise","Bullet Time","Night Terror"],"picked":"Adrenaline","floor":16},{"not_picked":["Flechettes","Finisher","Acrobatics"],"picked":"Backstab","floor":18},{"not_picked":["Poisoned Stab+1","Finisher+1","Endless Agony"],"picked":"Prepared+1","floor":22},{"not_picked":["Endless Agony","Dash+1","Dodge and Roll"],"picked":"Noxious Fumes","floor":27},{"not_picked":["Deflect+1","Tactician+1","Catalyst"],"picked":"Blade Dance+1","floor":28}],"player_experience":67428,"relics_obtained":[{"floor":7,"key":"Question Card"},{"floor":9,"key":"Pen Nib"},{"floor":14,"key":"Centennial Puzzle"},{"floor":26,"key":"Strawberry"}],"event_choices":[{"event_name":"Scrap Ooze","player_choice":"success","floor":4,"damage_taken":7},{"event_name":"Drug Dealer","player_choice":"Got JAX","floor":20,"damage_taken":0},{"event_name":"Addict","player_choice":"Obtained Relic","floor":24,"damage_taken":0}],"is_beta":false,"boss_relics":[{"not_picked":["Ring of the Serpent","Cursed Key"],"picked":"WristBlade"}],"items_purged_floors":[8],"is_endless":false,"potions_floor_spawned":[1,3,5,10,27,28],"killed_by":"Snake Plant","ascension_level":0}