{"gold_per_floor":[112,287,46,46,62,96,110,135,181,196,196,196,214,233,233,233],"floor_reached":16,"playtime":1167,"items_purged":["Doubt"],"score":137,"play_id":"28c94ff2-36b0-45ef-882a-fe71a077d828","local_time":"20190130022524","is_ascension_mode":false,"campfire_choices":[{"floor":11,"key":"REST"},{"floor":15,"key":"REST"}],"neow_cost":"NONE","seed_source_timestamp":42856371180635,"circlet_count":0,"master_deck":["Strike_B","Strike_B","Strike_B+1","Strike_B+1","Defend_B","Defend_B","Defend_B","Defend_B","Zap+1","Dualcast","Gash","Mayhem+1","Coolheaded","Chaos","Gash","Gash+1","Capacitor","Auto Shields","FTL"],"relics":["Cracked Core","NeowsBlessing","Ornamental Fan","Centennial Puzzle","Whetstone"],"potions_floor_usage":[],"damage_taken":[{"damage":0,"enemies":"2 Louse","floor":1,"turns":1},{"damage":0,"enemies":"Jaw Worm","floor":5,"turns":1},{"damage":0,"enemies":"3 Sentries","floor":6,"turns":1},{"damage":1,"enemies":"Small Slimes","floor":7,"turns":4},{"damage":44,"enemies":"Gremlin Nob","floor":8,"turns":5},{"damage":9,"enemies":"Exordium Wildlife","floor":10,"turns":5},{"damage":11,"enemies":"Red Slaver","floor":13,"turns":4},{"damage":8,"enemies":"Looter","floor":14,"turns":3},{"damage":31,"enemies":"The Guardian","floor":16,"turns":5}],"seed_played":"267328198330200432","potions_obtained":[{"floor":6,"key":"Swift Potion"},{"floor":7,"key":"SneckoOil"},{"floor":10,"key":"PowerPotion"},{"floor":14,"key":"Energy Potion"}],"is_trial":false,"path_per_floor":["M","?","$","?","M","E","M","E","T","M","R","?","M","M","R","B"],"character_chosen":"DEFECT","items_purchased":["Mayhem"],"campfire_rested":2,"item_purchase_floors":[3],"current_hp_per_floor":[75,75,75,75,75,75,74,30,30,21,43,28,17,9,31,0],"gold":233,"neow_bonus":"THREE_ENEMY_KILL","is_prod":false,"is_daily":false,"chose_seed":false,"campfire_upgraded":0,"win_rate":0,"timestamp":1548836724,"path_taken":["M","?","$","?","M","E","?","E","T","M","R","?","M","M","R","BOSS"],"build_version":"2019-01-23","purchased_purges":1,"victory":false,"max_hp_per_floor":[75,75,75,75,75,75,75,75,75,75,75,75,75,75,75,75],"card_choices":[{"not_picked":["Beam Cell","Barrage"],"picked":"Gash","floor":1},{"not_picked":["Redo","Go for the Eyes"],"picked":"Coolheaded","floor":5},{"not_picked":["Conserve Battery","Sunder"],"picked":"Chaos","floor":6},{"not_picked":["Beam Cell","Double Energy"],"picked":"Gash","floor":7},{"not_picked":["Leap","Sunder"],"picked":"Gash","floor":8},{"not_picked":["Ball Lightning","Meteor Strike"],"picked":"Capacitor","floor":10},{"not_picked":["Hologram","Turbo"],"picked":"Auto Shields","floor":13},{"not_picked":["Turbo","Sunder"],"picked":"FTL","floor":14}],"player_experience":408696,"relics_obtained":[{"floor":6,"key":"Ornamental Fan"},{"floor":8,"key":"Centennial Puzzle"},{"floor":9,"key":"Whetstone"}],"event_choices":[{"damage_healed":0,"gold_gain":175,"player_choice":"AGREE","damage_taken":0,"max_hp_gain":0,"max_hp_loss":0,"event_name":"Liars Game","floor":2,"gold_loss":0,"cards_obtained":["Doubt"]},{"damage_healed":0,"gold_gain":0,"player_choice":"Grow","damage_taken":0,"max_hp_gain":0,"max_hp_loss":0,"event_name":"Living Wall","floor":4,"gold_loss":0,"cards_upgraded":["Mayhem"]},{"damage_healed":0,"gold_gain":0,"player_choice":"Entered Light","damage_taken":15,"max_hp_gain":0,"max_hp_loss":0,"event_name":"Shining Light","floor":12,"gold_loss":0,"cards_upgraded":["Zap","Strike_B"]}],"is_beta":false,"boss_relics":[],"items_purged_floors":[3],"is_endless":false,"potions_floor_spawned":[6,7,10,14],"killed_by":"The Guardian","ascension_level":0}