{"gold_per_floor":[117,192,192,142,142,173,173,183,183,203,203,58,68,83,83,186,186,198,217,217,217,217,217],"floor_reached":23,"playtime":796,"items_purged":["Defend_R"],"score":239,"play_id":"a162cd15-568b-4c3a-906a-97f7f6a965f6","local_time":"20181122100421","is_ascension_mode":false,"campfire_choices":[{"floor":7,"key":"REST"},{"data":"Bash","floor":11,"key":"SMITH"},{"data":"Demon Form","floor":15,"key":"SMITH"}],"neow_cost":"NONE","seed_source_timestamp":180089213624269,"circlet_count":0,"master_deck":["Strike_R","Strike_R","Strike_R","Defend_R","Defend_R","Defend_R","Bash+1","Finesse","Flex","Shrug It Off","Spot Weakness","Metallicize+1","Thunderclap","Demon Form+1","Demon Form","Headbutt","RitualDagger"],"relics":["Burning Blood","FossilizedHelix","Turnip","Pantograph","Eternal Feather"],"potions_floor_usage":[23],"damage_taken":[{"damage":10,"enemies":"Small Slimes","floor":1,"turns":4},{"damage":46,"enemies":"3 Sentries","floor":6,"turns":17},{"damage":0,"enemies":"2 Louse","floor":8,"turns":3},{"damage":0,"enemies":"Cultist","floor":10,"turns":3},{"damage":3,"enemies":"Large Slime","floor":13,"turns":6},{"damage":0,"enemies":"Blue Slaver","floor":14,"turns":4},{"damage":0,"enemies":"Slime Boss","floor":16,"turns":7},{"damage":38,"enemies":"3 Byrds","floor":18,"turns":8},{"damage":11,"enemies":"Shell Parasite","floor":19,"turns":10},{"damage":32,"enemies":"Slavers","floor":23,"turns":2}],"seed_played":"7103406858772715474","potions_obtained":[{"floor":1,"key":"SneckoOil"},{"floor":6,"key":"SpeedPotion"},{"floor":10,"key":"BloodPotion"}],"is_trial":false,"path_per_floor":["M","?","?","?","T","E","R","M","T","M","R","$","M","M","R","B",null,"M","M","?","?","?","E"],"character_chosen":"IRONCLAD","items_purchased":["Metallicize"],"campfire_rested":1,"item_purchase_floors":[12],"current_hp_per_floor":[76,65,58,58,58,18,42,48,48,54,54,54,57,63,63,80,80,48,43,37,22,22,0],"gold":217,"neow_bonus":"RANDOM_COLORLESS","is_prod":false,"is_daily":false,"chose_seed":false,"campfire_upgraded":2,"win_rate":0.0,"timestamp":1542877461,"path_taken":["M","?","?","?","?","E","R","M","T","?","R","$","M","M","R","BOSS","M","M","?","?","?","E"],"build_version":"2018-11-15","purchased_purges":1,"victory":false,"max_hp_per_floor":[80,80,80,80,80,80,80,80,80,80,80,80,80,80,80,80,80,80,80,80,85,85,85],"card_choices":[{"not_picked":["Twin Strike","Sword Boomerang","Pommel Strike"],"picked":"SKIP","floor":1},{"not_picked":["Pommel Strike","Carnage"],"picked":"Flex","floor":6},{"not_picked":["Armaments","Twin Strike"],"picked":"Shrug It Off","floor":8},{"not_picked":["Pommel Strike","Havoc"],"picked":"Spot Weakness","floor":10},{"not_picked":["True Grit","Body Slam"],"picked":"Thunderclap","floor":13},{"not_picked":["Dual Wield","Pommel Strike"],"picked":"Demon Form","floor":14},{"not_picked":["Bludgeon","Berserk"],"picked":"Demon Form","floor":16},{"not_picked":["Pommel Strike","Clothesline"],"picked":"Headbutt","floor":18},{"not_picked":["Body Slam","Shrug It Off","Sword Boomerang"],"picked":"SKIP","floor":19}],"player_experience":163600,"relics_obtained":[{"floor":5,"key":"FossilizedHelix"},{"floor":6,"key":"Turnip"},{"floor":9,"key":"Pantograph"}],"event_choices":[{"damage_healed":0,"gold_gain":75,"player_choice":"Gather Gold","damage_taken":11,"max_hp_gain":0,"max_hp_loss":0,"event_name":"World of Goop","floor":2,"gold_loss":0},{"cards_removed":["Strike_R"],"damage_healed":0,"gold_gain":0,"player_choice":"Card Removal","damage_taken":7,"max_hp_gain":0,"max_hp_loss":0,"event_name":"Golden Wing","floor":3,"gold_loss":0},{"cards_removed":["Strike_R"],"damage_healed":0,"gold_gain":0,"player_choice":"Card Removal","damage_taken":0,"max_hp_gain":0,"max_hp_loss":0,"event_name":"The Cleric","floor":4,"gold_loss":50},{"damage_healed":0,"gold_gain":0,"player_choice":"Joined the Cult","damage_taken":6,"max_hp_gain":0,"max_hp_loss":0,"event_name":"Nest","floor":20,"gold_loss":0,"cards_obtained":["RitualDagger"]},{"damage_healed":0,"gold_gain":0,"player_choice":"Shed Blood","damage_taken":20,"max_hp_gain":5,"max_hp_loss":0,"event_name":"Forgotten Altar","floor":21,"gold_loss":0},{"damage_healed":0,"gold_gain":0,"player_choice":"Forge","damage_taken":0,"max_hp_gain":0,"max_hp_loss":0,"event_name":"Accursed Blacksmith","floor":22,"gold_loss":0,"cards_upgraded":["Metallicize"]}],"is_beta":false,"boss_relics":[{"not_picked":["Pandora\u0027s Box","Velvet Choker"],"picked":"Eternal Feather"}],"items_purged_floors":[12],"is_endless":false,"potions_floor_spawned":[1,6,10],"killed_by":"Slavers","ascension_level":0}