{"gold_per_floor":[217,233,250,250,128,128,160,160,206,264,264,274,274,35,35,135,135,152,28,28,52,68,94,94,94,94,94,44,44,55,55,55,55],"floor_reached":33,"playtime":1840,"items_purged":["Strike_G","Strike_G"],"score":404,"play_id":"01020f67-917f-4718-ac00-9e1dfa00e3c9","local_time":"20190411202604","is_ascension_mode":true,"campfire_choices":[{"data":"Deadly Poison","floor":6,"key":"SMITH"},{"floor":8,"key":"REST"},{"data":"Footwork","floor":11,"key":"SMITH"},{"floor":15,"key":"REST"},{"data":"Wraith Form v2","floor":24,"key":"SMITH"},{"floor":27,"key":"REST"},{"data":"Noxious Fumes","floor":29,"key":"SMITH"},{"floor":32,"key":"REST"}],"neow_cost":"NONE","seed_source_timestamp":96315662312000,"circlet_count":0,"master_deck":["AscendersBane","Defend_G","Defend_G","Defend_G","Defend_G","Defend_G","Strike_G","Strike_G","Strike_G","Survivor","Neutralize+1","Caltrops","Predator","Deadly Poison+1","Flying Knee","Backflip","Footwork+1","Dagger Spray","Glass Knife+1","Bouncing Flask","Noxious Fumes+1","Deflect","Wraith Form v2+1","Tactician+1"],"relics":["Ring of the Snake","Omamori","Vajra","Tiny Chest","Molten Egg 2","HoveringKite","PreservedInsect","Smiling Mask","Letter Opener","Bottled Flame"],"potions_floor_usage":[10,16,18,22,30,30,30],"damage_taken":[{"damage":1,"enemies":"Cultist","floor":1,"turns":5},{"damage":6,"enemies":"Jaw Worm","floor":2,"turns":6},{"damage":0,"enemies":"2 Louse","floor":3,"turns":3},{"damage":29,"enemies":"3 Sentries","floor":7,"turns":11},{"damage":6,"enemies":"Lagavulin","floor":10,"turns":6},{"damage":26,"enemies":"Lots of Slimes","floor":12,"turns":5},{"damage":21,"enemies":"Hexaghost","floor":16,"turns":9},{"damage":9,"enemies":"Shell Parasite","floor":18,"turns":7},{"damage":12,"enemies":"3 Byrds","floor":22,"turns":5},{"damage":30,"enemies":"Book of Stabbing","floor":23,"turns":4},{"damage":12,"enemies":"Snecko","floor":30,"turns":6},{"damage":61,"enemies":"Automaton","floor":33,"turns":6}],"seed_played":"7599985479534888266","potions_obtained":[{"floor":1,"key":"GhostInAJar"},{"floor":12,"key":"AttackPotion"},{"floor":16,"key":"Block Potion"},{"floor":25,"key":"SkillPotion"},{"floor":25,"key":"EssenceOfSteel"},{"floor":25,"key":"Regen Potion"},{"floor":30,"key":"FearPotion"}],"is_trial":false,"path_per_floor":["M","M","M","?","$","R","E","R","T","E","R","M","?","$","R","B",null,"M","$","?","T","M","E","R","?","T","R","$","R","M","T","R","B"],"character_chosen":"THE_SILENT","items_purchased":["Flying Knee","Molten Egg 2","Noxious Fumes","Block Potion"],"campfire_rested":4,"item_purchase_floors":[5,14,19,19],"current_hp_per_floor":[62,56,56,56,56,56,27,48,48,42,42,16,33,33,54,33,61,52,52,52,52,40,10,10,10,10,31,31,31,34,34,55,0],"gold":55,"neow_bonus":"HUNDRED_GOLD","is_prod":false,"is_daily":false,"chose_seed":false,"campfire_upgraded":4,"win_rate":0,"timestamp":1555039564,"path_taken":["M","M","M","?","$","R","E","R","T","E","R","M","?","$","R","BOSS","M","$","?","?","?","E","R","?","T","R","$","R","?","?","R","BOSS"],"build_version":"2019-01-23","purchased_purges":2,"victory":false,"max_hp_per_floor":[70,70,70,70,70,70,70,70,70,70,70,70,70,70,70,70,70,70,70,70,70,70,70,70,70,70,70,70,70,70,70,70,70],"card_choices":[{"not_picked":["Bane","Blade Dance"],"picked":"Caltrops","floor":1},{"not_picked":["Endless Agony","Backflip"],"picked":"Predator","floor":2},{"not_picked":["Acrobatics","Dodge and Roll"],"picked":"Deadly Poison","floor":3},{"not_picked":["Tactician","Cloak And Dagger"],"picked":"Backflip","floor":7},{"not_picked":["Bane","Setup"],"picked":"Footwork","floor":10},{"not_picked":["Distraction","Flying Knee"],"picked":"Dagger Spray","floor":12},{"not_picked":["Grand Finale+1","Tools of the Trade"],"picked":"Glass Knife+1","floor":16},{"not_picked":["Dagger Throw+1","Cloak And Dagger"],"picked":"Bouncing Flask","floor":18},{"not_picked":["Predator+1","Dagger Throw+1"],"picked":"Deflect","floor":22},{"not_picked":["Acrobatics","Quick Slash+1"],"picked":"Wraith Form v2","floor":23},{"not_picked":["PiercingWail","Prepared"],"picked":"Tactician+1","floor":30}],"player_experience":780509,"relics_obtained":[{"floor":7,"key":"Omamori"},{"floor":9,"key":"Vajra"},{"floor":10,"key":"Tiny Chest"},{"floor":21,"key":"PreservedInsect"},{"floor":23,"key":"Smiling Mask"},{"floor":26,"key":"Letter Opener"},{"floor":31,"key":"Bottled Flame"}],"event_choices":[{"damage_healed":0,"gold_gain":0,"player_choice":"Grow","damage_taken":0,"max_hp_gain":0,"max_hp_loss":0,"event_name":"Living Wall","floor":4,"gold_loss":0,"cards_upgraded":["Neutralize"]},{"damage_healed":17,"gold_gain":0,"player_choice":"Healed and dodged fight","damage_taken":0,"max_hp_gain":0,"max_hp_loss":0,"event_name":"Mushrooms","floor":13,"gold_loss":0,"cards_obtained":["Parasite"]},{"damage_healed":0,"gold_gain":0,"player_choice":"Ignored","damage_taken":0,"max_hp_gain":0,"max_hp_loss":0,"event_name":"Vampires","floor":20,"gold_loss":0},{"damage_healed":0,"gold_gain":0,"player_choice":"Got Potions","damage_taken":0,"max_hp_gain":0,"max_hp_loss":0,"event_name":"Lab","floor":25,"gold_loss":0}],"is_beta":false,"boss_relics":[{"not_picked":["Ring of the Serpent","Velvet Choker"],"picked":"HoveringKite"}],"items_purged_floors":[5,28],"is_endless":false,"potions_floor_spawned":[1,12,16,30],"killed_by":"Automaton","ascension_level":10}