{"gold_per_floor":[119,135,310,310,65,120,120,149,149,149,196,196,208,222,222,327,327,344,362,42,42,142,142,153,153,178,178,191,56,56,88,88,188,188,204,204,219,219,45,77,177,177,200,212,231,231,241,46,46,46,46,46,46,72,72],"floor_reached":55,"playtime":2378,"items_purged":["Pain","Doubt","Havoc+1"],"score":839,"play_id":"ea7a6ccc-bf5b-42fd-a213-e9b0fe1d37b2","local_time":"20190223235349","is_ascension_mode":true,"campfire_choices":[{"data":"Perfected Strike","floor":7.0,"key":"SMITH"},{"data":"Pommel Strike","floor":10.0,"key":"SMITH"},{"data":"Double Tap","floor":15.0,"key":"SMITH"},{"floor":23.0,"key":"REST"},{"data":"Immolate","floor":25.0,"key":"SMITH"},{"data":"Wild Strike","floor":27.0,"key":"SMITH"},{"floor":32.0,"key":"RECALL"},{"data":"Offering","floor":42,"key":"SMITH"},{"floor":49,"key":"REST"},{"data":"Evolve","floor":52,"key":"SMITH"}],"neow_cost":"NONE","seed_source_timestamp":490690130994407,"circlet_count":0,"master_deck":["Strike_R","Strike_R","Defend_R","Defend_R","Defend_R","Bash","Pommel Strike+1","Ghostly Armor","Rampage","Perfected Strike+1","Iron Wave","Double Tap+1","Immolate+1","Pommel Strike","Wild Strike+1","Thunderclap+1","Perfected Strike+1","Battle Trance+1","Evolve+1","Power Through","Pommel Strike","Spot Weakness+1","Warcry+1","Offering+1","Body Slam+1","Wild Strike","Impervious","Infernal Blade+1","Whirlwind+1"],"special_seed":0,"relics":["Burning Blood","NeowsBlessing","Kunai","Medical Kit","Tiny Chest","Odd Mushroom","Bronze Scales","WarpedTongs","Mark of Pain","Mercury Hourglass","Paper Frog","Du-Vu Doll","Bottled Lightning","Lantern","Boot","Astrolabe","Self Forming Clay","Girya","Oddly Smooth Stone","Regal Pillow","Red Skull"],"potions_floor_usage":[40,40,45,50,54,55],"damage_taken":[{"damage":0.0,"enemies":"Cultist","floor":1.0,"turns":1.0},{"damage":0.0,"enemies":"Jaw Worm","floor":2.0,"turns":1.0},{"damage":0.0,"enemies":"Lagavulin","floor":6.0,"turns":1.0},{"damage":16.0,"enemies":"The Mushroom Lair","floor":8.0,"turns":3.0},{"damage":0.0,"enemies":"2 Louse","floor":13.0,"turns":2.0},{"damage":8.0,"enemies":"Large Slime","floor":14.0,"turns":5.0},{"damage":61.0,"enemies":"Hexaghost","floor":16.0,"turns":8.0},{"damage":6.0,"enemies":"2 Thieves","floor":18.0,"turns":3.0},{"damage":36.0,"enemies":"Spheric Guardian","floor":19.0,"turns":3.0},{"damage":13.0,"enemies":"Colosseum Slavers","floor":22.0,"turns":2.0},{"damage":7.0,"enemies":"Colosseum Nobs","floor":22.0,"turns":2.0},{"damage":0.0,"enemies":"3 Cultists","floor":24.0,"turns":4.0},{"damage":10.0,"enemies":"Snake Plant","floor":28.0,"turns":1.0},{"damage":9.0,"enemies":"Slavers","floor":31.0,"turns":3.0},{"damage":48.0,"enemies":"Champ","floor":33.0,"turns":7.0},{"damage":0.0,"enemies":"Orb Walker","floor":35.0,"turns":2.0},{"damage":8.0,"enemies":"3 Shapes","floor":37.0,"turns":1.0},{"damage":13,"enemies":"Giant Head","floor":40,"turns":5},{"damage":6,"enemies":"Mind Bloom Boss Battle","floor":41,"turns":6},{"damage":1,"enemies":"Writhing Mass","floor":44,"turns":3},{"damage":29,"enemies":"Spire Growth","floor":45,"turns":4},{"damage":8,"enemies":"4 Shapes","floor":47,"turns":1},{"damage":31,"enemies":"Donu and Deca","floor":50,"turns":8},{"damage":55,"enemies":"Shield and Spear","floor":54,"turns":5},{"damage":41,"enemies":"The Heart","floor":55,"turns":2}],"seed_played":"-7141836065160636914","potions_obtained":[{"floor":2.0,"key":"Explosive Potion"},{"floor":13.0,"key":"LiquidBronze"},{"floor":16.0,"key":"PowerPotion"},{"floor":19.0,"key":"PowerPotion"},{"floor":22.0,"key":"Swift Potion"},{"floor":31.0,"key":"SkillPotion"},{"floor":35.0,"key":"SneckoOil"},{"floor":40,"key":"SkillPotion"},{"floor":47,"key":"SteroidPotion"},{"floor":54,"key":"Weak Potion"}],"is_trial":false,"path_per_floor":["M","M","?","?","$","E","R","?","T","R","T","?","M","M","R","B",null,"M","M","$","T","?","R","M","R","T","R","M","$","?","E","R","B",null,"M","?","M","?","$","E","?","R","T","M","M","?","M","$","R","B",null,"R","$","E","B"],"character_chosen":"IRONCLAD","items_purchased":["Rampage","Medical Kit","Mercury Hourglass","Evolve","Fire Potion","Regal Pillow","PowerPotion"],"campfire_rested":2,"item_purchase_floors":[5,5,20,29,39,48,48],"current_hp_per_floor":[80,80,80,77,77,80,80,70,70,70,70,70,76,74,74,19,80,80,50,50,50,42,66,72,72,72,72,68,68,68,65,65,23,80,80,76,74,74,74,67,67,67,67,72,49,49,47,47,76,51,76,76,76,27,0],"gold":72,"neow_bonus":"THREE_ENEMY_KILL","is_prod":false,"is_daily":false,"chose_seed":false,"campfire_upgraded":7,"win_rate":0,"timestamp":1550987629,"path_taken":["M","M","?","?","$","E","R","?","T","R","?","?","?","?","R","BOSS","M","M","$","?","?","R","?","R","T","R","M","$","?","E","R","BOSS","M","?","M","?","$","E","?","R","T","M","M","?","M","?","R","BOSS","R","$","E","BOSS"],"build_version":"2019-01-23","purchased_purges":3,"victory":false,"max_hp_per_floor":[80,80,80,80,80,80,80,80,80,80,80,80,80,80,80,80,80,80,80,80,80,80,80,80,80,80,80,80,80,80,80,80,80,80,80,76,76,76,76,76,76,76,76,76,76,76,76,76,76,76,76,76,76,76,76],"card_choices":[{"not_picked":["Rage","Twin Strike"],"picked":"Pommel Strike","floor":1.0},{"not_picked":["Hemokinesis","Iron Wave"],"picked":"Ghostly Armor","floor":2.0},{"not_picked":["Battle Trance","Dual Wield"],"picked":"Perfected Strike","floor":6.0},{"not_picked":["Pummel","Intimidate"],"picked":"Iron Wave","floor":13.0},{"not_picked":["Warcry","Rampage"],"picked":"Double Tap","floor":14.0},{"not_picked":["Dark Embrace","Juggernaut"],"picked":"Immolate","floor":16.0},{"not_picked":["Second Wind","Fire Breathing"],"picked":"Pommel Strike","floor":18.0},{"not_picked":["Reckless Charge","Headbutt"],"picked":"Wild Strike","floor":19.0},{"not_picked":["Havoc","Cleave"],"picked":"Thunderclap+1","floor":22.0},{"not_picked":["Warcry","Fire Breathing"],"picked":"Perfected Strike+1","floor":24.0},{"not_picked":["Havoc","Cleave"],"picked":"Battle Trance+1","floor":28.0},{"not_picked":["Impervious","Twin Strike"],"picked":"Pommel Strike","floor":31.0},{"not_picked":["Shockwave+1","True Grit+1","Shrug It Off+1"],"picked":"SKIP","floor":35.0},{"not_picked":["Burning Pact+1","Blood for Blood+1","Iron Wave+1"],"picked":"SKIP","floor":37.0},{"not_picked":["Whirlwind","Twin Strike"],"picked":"Offering","floor":40},{"not_picked":["Armaments+1","Limit Break"],"picked":"Body Slam+1","floor":41},{"not_picked":["Iron Wave","True Grit"],"picked":"Wild Strike","floor":44},{"not_picked":["Seeing Red","Ghostly Armor"],"picked":"Impervious","floor":45},{"not_picked":["Shrug It Off","Searing Blow"],"picked":"Infernal Blade+1","floor":47},{"not_picked":["Metallicize","Sword Boomerang"],"picked":"Whirlwind+1","floor":54}],"player_experience":547842,"relics_obtained":[{"floor":6.0,"key":"Tiny Chest"},{"floor":8.0,"key":"Odd Mushroom"},{"floor":11.0,"key":"Bronze Scales"},{"floor":21.0,"key":"Paper Frog"},{"floor":22.0,"key":"Du-Vu Doll"},{"floor":22.0,"key":"Bottled Lightning"},{"floor":26.0,"key":"Lantern"},{"floor":31.0,"key":"Boot"},{"floor":40,"key":"Self Forming Clay"},{"floor":41,"key":"Girya"},{"floor":43,"key":"Oddly Smooth Stone"},{"floor":54,"key":"Red Skull"}],"event_choices":[{"damage_healed":0.0,"max_hp_gain":0.0,"max_hp_loss":0.0,"gold_gain":175.0,"event_name":"Liars Game","player_choice":"AGREE","floor":3.0,"gold_loss":0.0,"damage_taken":0.0,"cards_obtained":["Doubt"]},{"damage_healed":0.0,"max_hp_gain":0.0,"max_hp_loss":0.0,"gold_gain":0.0,"event_name":"Scrap Ooze","player_choice":"Success","floor":4.0,"gold_loss":0.0,"damage_taken":3.0,"relics_obtained":["Kunai"]},{"damage_healed":0.0,"max_hp_gain":0.0,"max_hp_loss":0.0,"gold_gain":0.0,"event_name":"Mushrooms","player_choice":"Fought Mushrooms","floor":8.0,"gold_loss":0.0,"damage_taken":0.0},{"damage_healed":0.0,"max_hp_gain":0.0,"max_hp_loss":0.0,"gold_gain":0.0,"event_name":"Accursed Blacksmith","player_choice":"Rummage","floor":12.0,"gold_loss":0.0,"damage_taken":0.0,"relics_obtained":["WarpedTongs"],"cards_obtained":["Pain"]},{"damage_healed":0.0,"max_hp_gain":0.0,"max_hp_loss":0.0,"gold_gain":0.0,"event_name":"Colosseum","player_choice":"Fight","floor":22.0,"gold_loss":0.0,"damage_taken":0.0},{"damage_healed":0.0,"max_hp_gain":0.0,"max_hp_loss":0.0,"gold_gain":0.0,"event_name":"Colosseum","player_choice":"Fought Nobs","floor":22.0,"gold_loss":0.0,"damage_taken":0.0},{"damage_healed":0.0,"max_hp_gain":0.0,"max_hp_loss":0.0,"gold_gain":0.0,"event_name":"The Library","player_choice":"Read","floor":30.0,"gold_loss":0.0,"damage_taken":0.0,"cards_obtained":["Power Through"]},{"damage_healed":0.0,"max_hp_gain":0.0,"max_hp_loss":4.0,"gold_gain":0.0,"event_name":"Winding Halls","player_choice":"Max HP","floor":36.0,"gold_loss":0.0,"damage_taken":0.0},{"damage_healed":0,"gold_gain":0,"player_choice":"Ignored","damage_taken":0,"max_hp_gain":0,"max_hp_loss":0,"event_name":"Tomb of Lord Red Mask","floor":38,"gold_loss":0},{"damage_healed":0,"gold_gain":0,"player_choice":"Fight","damage_taken":0,"max_hp_gain":0,"max_hp_loss":0,"event_name":"MindBloom","floor":41,"gold_loss":0},{"cards_removed":["Defend_R"],"damage_healed":0,"gold_gain":0,"player_choice":"Removed Skill","damage_taken":0,"max_hp_gain":0,"max_hp_loss":0,"event_name":"Falling","floor":46,"gold_loss":0}],"is_beta":false,"boss_relics":[{"not_picked":["Snecko Eye","White Beast Statue"],"picked":"Mark of Pain"},{"not_picked":["Eternal Feather","Black Blood"],"picked":"Astrolabe"}],"items_purged_floors":[20,29,39],"is_endless":false,"potions_floor_spawned":[2,13,16,19,22,31,35,40,47,54],"killed_by":"The Heart","ascension_level":3}