{"gold_per_floor":[109,59,59,234,78,78,103,115,141,141,141,7,63,88,88,192,192,203,218,218,318,10,10,37,55,78,89,103,103,103,121,121,216,266,281,20,36,36,47,47,74,74,74,90,90,108,0,0,0,0],"floor_reached":50,"playtime":4320,"items_purged":["Strike_B","Doubt"],"score":585,"play_id":"10c4492e-f307-4681-a164-5d2a048fa47a","local_time":"20190328230732","is_ascension_mode":true,"campfire_choices":[{"data":"Sweeping Beam","floor":6,"key":"SMITH"},{"floor":11,"key":"REST"},{"floor":15,"key":"REST"},{"floor":23,"key":"REST"},{"floor":30,"key":"REST"},{"floor":32,"key":"REST"},{"floor":40,"key":"REST"},{"floor":42,"key":"REST"},{"floor":45,"key":"REST"},{"floor":49,"key":"REST"}],"neow_cost":"NONE","seed_source_timestamp":19060111280167,"circlet_count":0,"master_deck":["Defend_B","Defend_B","Defend_B+1","Zap","Dualcast+1","Sweeping Beam","Go for the Eyes","Turbo+1","Ball Lightning","Cold Snap","Sweeping Beam+1","BootSequence","Auto Shields","Sweeping Beam+1","Rip and Tear","Double Energy","Electrodynamics","Electrodynamics+1","Genetic Algorithm+1","Reinforced Body+1","Auto Shields+1","Rebound+1","Rebound","Apotheosis","Undo+1","Ball Lightning+1","Beam Cell+1","Hologram+1","Multi-Cast","Reboot","Ball Lightning+1","Beam Cell+1","Metamorphosis","Swift Strike","Conserve Battery+1","Doom and Gloom+1","Undo+1","Double Energy"],"relics":["Orrery","Happy Flower","Boot","Juzu Bracelet","Orichalcum","Astrolabe","MutagenicStrength","Mango","Pear","Vajra","Art of War","War Paint","Tiny House","Bottled Lightning","Ginger","Ornamental Fan","Red Mask"],"potions_floor_usage":[27,28,33,35,41,50],"damage_taken":[{"damage":0,"enemies":"Small Slimes","floor":1,"turns":3},{"damage":21,"enemies":"Gremlin Nob","floor":7,"turns":4},{"damage":1,"enemies":"Cultist","floor":8,"turns":3},{"damage":14,"enemies":"Gremlin Nob","floor":13,"turns":4},{"damage":29,"enemies":"Hexaghost","floor":16,"turns":10},{"damage":12,"enemies":"Chosen","floor":18,"turns":5},{"damage":0,"enemies":"Spheric Guardian","floor":19,"turns":4},{"damage":4,"enemies":"Colosseum Slavers","floor":21,"turns":2},{"damage":19,"enemies":"Colosseum Nobs","floor":21,"turns":4},{"damage":12,"enemies":"Slavers","floor":24,"turns":4},{"damage":10,"enemies":"Cultist and Chosen","floor":25,"turns":6},{"damage":1,"enemies":"3 Cultists","floor":27,"turns":4},{"damage":24,"enemies":"Snake Plant","floor":28,"turns":4},{"damage":7,"enemies":"Cultist and Chosen","floor":31,"turns":6},{"damage":37,"enemies":"Automaton","floor":33,"turns":9},{"damage":13,"enemies":"3 Darklings","floor":35,"turns":3},{"damage":11,"enemies":"Orb Walker","floor":37,"turns":3},{"damage":18,"enemies":"Sphere and 2 Shapes","floor":39,"turns":4},{"damage":75,"enemies":"Giant Head","floor":41,"turns":9},{"damage":26,"enemies":"Maw","floor":44,"turns":7},{"damage":20,"enemies":"3 Darklings","floor":46,"turns":3},{"damage":58,"enemies":"Awakened One","floor":50,"turns":16}],"seed_played":"-1103267578346799833","potions_obtained":[{"floor":21,"key":"SkillPotion"},{"floor":24,"key":"GamblersBrew"},{"floor":31,"key":"AttackPotion"},{"floor":34,"key":"Explosive Potion"},{"floor":39,"key":"SpeedPotion"},{"floor":41,"key":"LiquidBronze"}],"is_trial":false,"path_per_floor":["?","?","?","?","?","T","?","?","?","?","?","?"],"character_chosen":"DEFECT","items_purchased":["BootSequence","Rip and Tear","Apotheosis","Vajra","Bottled Lightning"],"campfire_rested":9,"item_purchase_floors":[5,12,22,22,36],"current_hp_per_floor":[75,75,60,60,60,60,39,38,38,38,60,60,46,46,68,39,75,63,63,63,64,64,93,81,71,71,70,46,46,75,68,97,60,104,91,91,80,70,52,83,8,39,39,13,44,24,24,24,55,0],"gold":0,"neow_bonus":"BOSS_RELIC","is_prod":false,"is_daily":false,"chose_seed":false,"campfire_upgraded":1,"win_rate":0,"timestamp":1553810852,"path_taken":["M","?","?","?","$","R","E","M","T","?","R","$","?","?","R","BOSS","M","M","?","?","$","R","E","M","T","M","M","?","R","M","R","BOSS","M","$","M","?","M","R","E","R","T","M","R","M","?","?","R","BOSS"],"build_version":"2019-01-23","purchased_purges":2,"victory":false,"max_hp_per_floor":[75,75,75,75,75,75,75,75,75,75,75,75,75,75,75,75,75,75,75,75,99,99,99,99,99,99,99,99,99,99,99,99,99,104,104,104,104,104,104,104,104,104,104,104,104,104,104,104,104,104],"card_choices":[{"not_picked":["Gash","Ball Lightning"],"picked":"Sweeping Beam","floor":0},{"not_picked":["Tempest","Stack"],"picked":"Go for the Eyes","floor":0},{"not_picked":["Self Repair","Steam Power"],"picked":"Turbo","floor":0},{"not_picked":["Stack","Barrage"],"picked":"Ball Lightning","floor":0},{"not_picked":["Steam","Turbo"],"picked":"Cold Snap","floor":0},{"not_picked":["Coolheaded","Gash"],"picked":"Sweeping Beam","floor":1},{"not_picked":["Sweeping Beam","Streamline"],"picked":"Auto Shields","floor":7},{"not_picked":["Stack","Beam Cell"],"picked":"Sweeping Beam","floor":8},{"not_picked":["Hologram","Leap"],"picked":"Double Energy","floor":13},{"not_picked":["Seek","Meteor Strike"],"picked":"Electrodynamics","floor":16},{"not_picked":["Sweeping Beam","Ball Lightning"],"picked":"Auto Shields","floor":18},{"not_picked":["Ball Lightning","Force Field+1"],"picked":"Rebound+1","floor":19},{"not_picked":["Consume","Aggregate"],"picked":"Rebound","floor":21},{"not_picked":["BootSequence","Force Field"],"picked":"Undo","floor":24},{"not_picked":["Gash","Self Repair"],"picked":"Ball Lightning+1","floor":25},{"not_picked":["Conserve Battery","Cold Snap"],"picked":"Beam Cell+1","floor":27},{"not_picked":["Glacier","Chaos"],"picked":"Hologram+1","floor":28},{"not_picked":["Lockon","Cold Snap"],"picked":"Multi-Cast","floor":31},{"not_picked":["Electrodynamics","Buffer"],"picked":"Reboot","floor":33},{"not_picked":["Hologram","Leap+1"],"picked":"Ball Lightning+1","floor":35},{"not_picked":["Cold Snap","Compile Driver+1"],"picked":"Beam Cell+1","floor":37},{"not_picked":["PanicButton","HandOfGreed"],"picked":"Metamorphosis","floor":38},{"not_picked":["Bandage Up","Mind Blast"],"picked":"Swift Strike","floor":38},{"not_picked":["Defragment","Barrage+1"],"picked":"Conserve Battery+1","floor":39},{"not_picked":["Defragment+1","Beam Cell"],"picked":"Doom and Gloom+1","floor":41},{"not_picked":["Blizzard+1","Leap"],"picked":"Undo+1","floor":44},{"not_picked":["All For One","Recycle+1"],"picked":"Double Energy","floor":46}],"player_experience":155493,"relics_obtained":[{"floor":7,"key":"Happy Flower"},{"floor":9,"key":"Boot"},{"floor":13,"key":"Juzu Bracelet"},{"floor":14,"key":"Orichalcum"},{"floor":21,"key":"Mango"},{"floor":21,"key":"Pear"},{"floor":24,"key":"Art of War"},{"floor":26,"key":"War Paint"},{"floor":41,"key":"Ginger"},{"floor":43,"key":"Ornamental Fan"}],"event_choices":[{"cards_removed":["Strike_B"],"damage_healed":0,"gold_gain":0,"player_choice":"Card Removal","damage_taken":0,"max_hp_gain":0,"max_hp_loss":0,"event_name":"The Cleric","floor":2,"gold_loss":50},{"damage_healed":0,"gold_gain":0,"player_choice":"Entered Light","damage_taken":15,"max_hp_gain":0,"max_hp_loss":0,"event_name":"Shining Light","floor":3,"gold_loss":0,"cards_upgraded":["Turbo","Dualcast"]},{"damage_healed":0,"gold_gain":175,"player_choice":"AGREE","damage_taken":0,"max_hp_gain":0,"max_hp_loss":0,"event_name":"Liars Game","floor":4,"gold_loss":0,"cards_obtained":["Doubt"]},{"damage_healed":0,"gold_gain":0,"player_choice":"Grow","damage_taken":0,"max_hp_gain":0,"max_hp_loss":0,"event_name":"Living Wall","floor":10,"gold_loss":0,"cards_upgraded":["Sweeping Beam"]},{"damage_healed":0,"gold_gain":30,"player_choice":"Searched \u00272\u0027 times","damage_taken":0,"max_hp_gain":0,"max_hp_loss":0,"event_name":"Dead Adventurer","floor":13,"gold_loss":0},{"damage_healed":0,"gold_gain":0,"player_choice":"Inject Mutagens","damage_taken":0,"relics_obtained":["MutagenicStrength"],"max_hp_gain":0,"max_hp_loss":0,"event_name":"Drug Dealer","floor":20,"gold_loss":0},{"damage_healed":0,"gold_gain":0,"player_choice":"Fight","damage_taken":0,"max_hp_gain":0,"max_hp_loss":0,"event_name":"Colosseum","floor":21,"gold_loss":0},{"damage_healed":0,"gold_gain":0,"player_choice":"Fought Nobs","damage_taken":0,"max_hp_gain":0,"max_hp_loss":0,"event_name":"Colosseum","floor":21,"gold_loss":0},{"damage_healed":0,"gold_gain":0,"player_choice":"Ignored","damage_taken":0,"max_hp_gain":0,"max_hp_loss":0,"event_name":"Ghosts","floor":29,"gold_loss":0},{"damage_healed":0,"gold_gain":0,"player_choice":"Memory 3","damage_taken":10,"max_hp_gain":0,"max_hp_loss":0,"event_name":"SensoryStone","floor":38,"gold_loss":0},{"damage_healed":0,"gold_gain":0,"player_choice":"Paid","damage_taken":0,"relics_obtained":["Red Mask"],"max_hp_gain":0,"max_hp_loss":0,"event_name":"Tomb of Lord Red Mask","floor":47,"gold_loss":108},{"damage_healed":0,"gold_gain":0,"player_choice":"0 cards matched","damage_taken":0,"max_hp_gain":0,"max_hp_loss":0,"event_name":"Match and Keep!","floor":48,"gold_loss":0,"cards_obtained":[]}],"is_beta":false,"boss_relics":[{"not_picked":["Inserter","Runic Dome"],"picked":"Astrolabe"},{"not_picked":["Philosopher\u0027s Stone","White Beast Statue"],"picked":"Tiny House"}],"items_purged_floors":[5,12],"is_endless":false,"potions_floor_spawned":[21,24,31,39,41],"killed_by":"Awakened One","ascension_level":2}