{"path_per_floor":["M","?","$","M","M","R","M","R","T","?","M","R","M","E","R","B",null,"M","?","M","?","T"],"character_chosen":"THE_SILENT","items_purchased":[],"gold_per_floor":[109,109,34,51,62,62,75,75,128,128,140,140,157,222,222,327,327,341,341,359,284,284],"floor_reached":23,"campfire_rested":3,"playtime":1017,"current_hp_per_floor":[69,69,69,69,62,62,47,68,68,61,56,70,70,52,70,41,70,43,43,27,27,27],"items_purged":["Phantasmal Killer"],"gold":284,"score":191,"play_id":"e5b1e4be-f2ae-4847-9f77-3049e7d804d7","is_prod":false,"is_daily":false,"is_ascension_mode":false,"campfire_upgraded":1,"path_taken":["M","?","?","?","M","R","?","R","T","?","?","R","?","E","R","BOSS","M","?","M","?","?","M"],"build_version":"2018-02-22-PROD2","purchased_purges":1,"victory":false,"master_deck":["Defend_G","Defend_G","Defend_G","Defend_G","Defend_G","Strike_G","Strike_G","Strike_G","Strike_G","Survivor","Neutralize","Skewer","Outmaneuver+1","Outmaneuver","Backstab"],"max_hp_per_floor":[70,70,70,70,70,70,70,70,70,70,70,70,70,70,70,70,70,70,70,70,70,70],"relics":["Ring of the Snake","Prayer Wheel","Regal Pillow","Tiny Chest","Black Star","Unceasing Top","Girya"],"card_choices":[{"not_picked":["Deflect","Dash"],"picked":"Skewer"},{"not_picked":["Poisoned Stab","Sucker Punch"],"picked":"Outmaneuver"},{"not_picked":["Poisoned Stab","A Thousand Cuts"],"picked":"Outmaneuver"},{"not_picked":["Heel Hook","Deflect"],"picked":"Backstab"}],"player_experience":36554,"potions_floor_usage":[11,13,16,16,18,20],"damage_taken":[{"damage":1,"enemies":"Cultist","floor":1,"turns":5},{"damage":0,"enemies":"2 Louse","floor":4,"turns":2},{"damage":7,"enemies":"Jaw Worm","floor":5,"turns":3},{"damage":15,"enemies":"Exordium Thugs","floor":7,"turns":4},{"damage":5,"enemies":"Lots of Slimes","floor":11,"turns":2},{"damage":0,"enemies":"Looter","floor":13,"turns":4},{"damage":18,"enemies":"Gremlin Nob","floor":14,"turns":4},{"damage":29,"enemies":"Slime Boss","floor":16,"turns":10},{"damage":27,"enemies":"Shell Parasite","floor":18,"turns":10},{"damage":16,"enemies":"Chosen","floor":20,"turns":5},{"damage":32,"enemies":"Sentry and Sphere","floor":23,"turns":5}],"event_choices":[{"event_name":"Shining Light","player_choice":"Ignored","floor":2,"damage_taken":0},{"event_name":"Scrap Ooze","player_choice":"success","floor":10,"damage_taken":7},{"event_name":"The Mausoleum","player_choice":"Yes","floor":19,"damage_taken":0},{"event_name":"Beggar","player_choice":"Gave Gold","floor":21,"damage_taken":0}],"boss_relics":[{"not_picked":["Runic Pyramid","Ectoplasm"],"picked":"Black Star"}],"potions_floor_spawned":[4,11,13,14,16,18,20],"seed_played":"-8160325261821784896","killed_by":"Sentry and Sphere","ascension_level":0,"is_trial":false}