{"path_per_floor":["M","?","M","M","$","M","M","E","T","R","E","M","R","E","R","B",null,"M","$","M","?","M","E","R"],"character_chosen":"THE_SILENT","items_purchased":["Shuriken","Accuracy"],"gold_per_floor":[117,117,137,153,78,98,118,148,175,175,200,212,212,246,246,343,343,329,18,34,34,49,80,80],"floor_reached":25,"campfire_rested":1,"playtime":3040,"current_hp_per_floor":[66,66,59,55,55,55,55,30,30,30,28,45,45,39,39,25,70,63,63,48,48,48,10,31],"items_purged":["Regret"],"gold":80,"score":243,"play_id":"f916b478-9745-4914-b8b9-b8ecae5806ba","is_prod":false,"is_daily":false,"is_ascension_mode":false,"campfire_upgraded":3,"path_taken":["M","?","M","M","$","M","M","E","T","R","E","M","R","E","R","BOSS","M","$","M","?","M","E","R","E"],"build_version":"2018-02-08-BETA1","purchased_purges":1,"victory":false,"master_deck":["Defend_G","Defend_G","Defend_G","Defend_G","Defend_G","Strike_G","Strike_G","Strike_G","Strike_G","Strike_G","Survivor","Neutralize+1","Dash","Dodge and Roll","Infinite Blades","Escape Plan","Escape Plan","Tools of the Trade","Cloak And Dagger+1","Underhanded Strike","Expertise+1","After Image","Accuracy","Outmaneuver","Slice+1","Prepared","Dodge and Roll","Sucker Punch+1","Accuracy","Blade Dance+1","Prepared","Terror"],"max_hp_per_floor":[70,70,70,70,70,70,70,70,70,70,70,70,70,70,70,70,70,70,70,70,70,70,70,70],"relics":["Philosopher\u0027s Stone","Bag of Preparation","Centennial Puzzle","Blood Vial","Orichalcum","Molten Egg 2","Orrery","Shuriken","Anchor"],"card_choices":[{"not_picked":["Eviscerate","Flechettes"],"picked":"Dash"},{"not_picked":["Malaise","Deadly Poison"],"picked":"Dodge and Roll"},{"not_picked":["Choke","Underhanded Strike"],"picked":"Infinite Blades"},{"not_picked":["Sucker Punch","Quick Slash"],"picked":"Escape Plan"},{"not_picked":["Backstab","Flying Knee"],"picked":"Escape Plan"},{"not_picked":["Bane","Finisher"],"picked":"Tools of the Trade"},{"not_picked":["Flechettes","All Out Attack"],"picked":"Cloak And Dagger"},{"not_picked":["Dagger Spray","Dagger Throw"],"picked":"Underhanded Strike"},{"not_picked":["Phantasmal Killer","Riddle With Holes"],"picked":"Expertise"},{"not_picked":["Envenom","Burst"],"picked":"After Image"},{"not_picked":["Dodge and Roll","Deadly Poison"],"picked":"Accuracy"},{"not_picked":["Flechettes","Deadly Poison"],"picked":"Outmaneuver"},{"not_picked":["Prepared","Dagger Spray"],"picked":"Slice"},{"not_picked":["Underhanded Strike","Deadly Poison"],"picked":"Prepared"},{"not_picked":["Glass Knife","Prepared"],"picked":"Dodge and Roll"},{"not_picked":["Poisoned Stab","Bouncing Flask"],"picked":"Sucker Punch"},{"not_picked":["Deflect","Acrobatics"],"picked":"Blade Dance"},{"not_picked":["Poisoned Stab","Skewer"],"picked":"Prepared"},{"not_picked":["Prepared","Calculated Gamble"],"picked":"Terror"}],"player_experience":74169,"potions_floor_usage":[12,14,16,16,20,23],"damage_taken":[{"damage":4,"enemies":"Blue Slaver","floor":1,"turns":5},{"damage":7,"enemies":"Cultist","floor":3,"turns":3},{"damage":4,"enemies":"Jaw Worm","floor":4,"turns":5},{"damage":0,"enemies":"3 Louse","floor":6,"turns":3},{"damage":0,"enemies":"2 Fungi Beasts","floor":7,"turns":4},{"damage":25,"enemies":"Gremlin Nob","floor":8,"turns":6},{"damage":4,"enemies":"Lagavulin","floor":11,"turns":9},{"damage":0,"enemies":"Exordium Thugs","floor":12,"turns":8},{"damage":8,"enemies":"Gremlin Nob","floor":14,"turns":4},{"damage":16,"enemies":"Hexaghost","floor":16,"turns":12},{"damage":7,"enemies":"2 Thieves","floor":18,"turns":4},{"damage":17,"enemies":"Spheric Guardian","floor":20,"turns":6},{"damage":2,"enemies":"Snecko","floor":22,"turns":5},{"damage":40,"enemies":"Slavers","floor":23,"turns":8},{"damage":39,"enemies":"Gremlin Leader","floor":25,"turns":4}],"event_choices":[{"event_name":"Big Fish","player_choice":"Box","floor":2,"damage_taken":0},{"event_name":"Addict","player_choice":"Ignored","floor":21,"damage_taken":0}],"boss_relics":[{"not_picked":["Runic Dome","The Specimen"],"picked":"Orrery"}],"potions_floor_spawned":[1,3,7,11,12,18,22],"seed_played":"7163220817434412126","killed_by":"Gremlin Leader","ascension_level":0,"is_trial":false}