{"gold_per_floor":[112,112,125,135,135,135,164,164,164,164,177,177,203,228,240,347,359,354,382,59,75,91,91,101,115,138,151,51,86,86,86,86,182,182,194,9,0,0,0,0,16,16,16,26,58,70,70,81,81,81],"floor_reached":51,"playtime":3825,"items_purged":["Defend_G","Night Terror"],"score":836,"play_id":"d3e1ee4a-374b-44c7-8800-f34f408ca6ca","local_time":"20190218014840","is_ascension_mode":true,"campfire_choices":[{"floor":6,"key":"REST"},{"floor":8,"key":"REST"},{"data":"Blade Dance","floor":10,"key":"SMITH"},{"floor":15,"key":"REST"},{"floor":23,"key":"REST"},{"floor":30,"key":"REST"},{"floor":32,"key":"REST"},{"data":"Apotheosis","floor":40,"key":"SMITH"},{"data":"Concentrate","floor":42,"key":"SMITH"},{"data":"Blur","floor":47,"key":"SMITH"},{"floor":49,"key":"REST"}],"neow_cost":"PERCENT_DAMAGE","seed_source_timestamp":983890390784851,"circlet_count":0,"master_deck":["Defend_G","Defend_G","Defend_G+1","Strike_G","Strike_G","Strike_G","Survivor","Neutralize","Cloak And Dagger+1","Concentrate+1","Blade Dance+1","Backflip+1","Flying Knee","A Thousand Cuts+1","Backflip","Noxious Fumes+1","Backflip+1","Footwork+1","Distraction","Blur+1","Backflip+1","Terror","Apotheosis+1","Infinite Blades+1","Acrobatics+1"],"relics":["Ring of the Snake","Frozen Egg 2","Mercury Hourglass","MawBank","Sozu","War Paint","Orichalcum","Bottled Lightning","Busted Crown","Red Mask","Dream Catcher","Anchor"],"potions_floor_usage":[7,7,11,29,29],"damage_taken":[{"damage":0,"enemies":"2 Louse","floor":1,"turns":3},{"damage":0,"enemies":"Cultist","floor":3,"turns":4},{"damage":15,"enemies":"Jaw Worm","floor":4,"turns":9},{"damage":35,"enemies":"3 Sentries","floor":7,"turns":13},{"damage":12,"enemies":"Gremlin Gang","floor":11,"turns":4},{"damage":3,"enemies":"Large Slime","floor":13,"turns":5},{"damage":0,"enemies":"2 Fungi Beasts","floor":14,"turns":2},{"damage":26,"enemies":"Slime Boss","floor":16,"turns":7},{"damage":12,"enemies":"2 Thieves","floor":18,"turns":4},{"damage":31,"enemies":"Shell Parasite","floor":19,"turns":7},{"damage":8,"enemies":"Snake Plant","floor":21,"turns":4},{"damage":7,"enemies":"3 Cultists","floor":22,"turns":4},{"damage":10,"enemies":"Shelled Parasite and Fungi","floor":24,"turns":7},{"damage":0,"enemies":"Snake Plant","floor":25,"turns":5},{"damage":0,"enemies":"Cultist and Chosen","floor":27,"turns":7},{"damage":0,"enemies":"Book of Stabbing","floor":29,"turns":6},{"damage":3,"enemies":"Collector","floor":33,"turns":10},{"damage":5,"enemies":"3 Darklings","floor":35,"turns":4},{"damage":0,"enemies":"Orb Walker","floor":41,"turns":3},{"damage":0,"enemies":"4 Shapes","floor":44,"turns":4},{"damage":1,"enemies":"Reptomancer","floor":45,"turns":5},{"damage":8,"enemies":"Jaw Worm Horde","floor":46,"turns":5},{"damage":15,"enemies":"Maw","floor":48,"turns":9},{"damage":21,"enemies":"Awakened One","floor":50,"turns":16}],"seed_played":"157845660939668452","potions_obtained":[{"floor":1,"key":"EssenceOfSteel"},{"floor":3,"key":"SpeedPotion"},{"floor":7,"key":"Poison Potion"},{"floor":14,"key":"Dexterity Potion"},{"floor":16,"key":"SteroidPotion"}],"is_trial":false,"path_per_floor":["M","?","M","M","?","R","E","R","T","R","M","T","M","M","R","B",null,"M","M","$","M","M","R","M","M","T","M","$","E","R","?","R","B",null,"M","$","?","$","?","R","M","R","T","M","E","M","R","M","R","B",null],"character_chosen":"THE_SILENT","items_purchased":["Footwork+1","War Paint","Distraction","Apotheosis"],"campfire_rested":7,"item_purchase_floors":[20,20,20,36],"current_hp_per_floor":[49,49,49,34,34,55,20,41,41,41,29,29,26,26,47,21,70,58,27,27,19,12,33,23,23,23,23,23,23,44,44,65,62,70,65,65,65,65,65,65,65,65,65,65,64,56,56,41,62,41],"gold":81,"neow_bonus":"REMOVE_TWO","is_prod":false,"is_daily":false,"chose_seed":false,"campfire_upgraded":4,"win_rate":0,"timestamp":1550479720,"path_taken":["M","?","M","?","?","R","E","R","T","R","?","?","M","M","R","BOSS","M","?","$","M","?","R","M","M","T","M","$","E","R","?","R","BOSS","M","$","?","$","?","R","M","R","T","M","E","M","R","M","R","BOSS"],"build_version":"2019-01-23","purchased_purges":2,"victory":true,"max_hp_per_floor":[70,70,70,70,70,70,70,70,70,70,70,70,70,70,70,70,70,70,70,70,70,70,70,70,70,70,70,70,70,70,70,70,70,70,70,70,70,70,70,70,70,70,70,70,70,70,70,70,70,70],"card_choices":[{"not_picked":["Tactician","Sucker Punch"],"picked":"Cloak And Dagger","floor":1},{"not_picked":["Deflect","Dodge and Roll"],"picked":"Concentrate","floor":3},{"not_picked":["Dash","Deadly Poison"],"picked":"Blade Dance","floor":4},{"not_picked":["Concentrate","Outmaneuver"],"picked":"Backflip","floor":7},{"not_picked":["Slice","Deadly Poison"],"picked":"Flying Knee","floor":11},{"not_picked":["Outmaneuver","Poisoned Stab"],"picked":"A Thousand Cuts+1","floor":13},{"not_picked":["Sucker Punch","Bane"],"picked":"Backflip","floor":14},{"not_picked":["Venomology","Corpse Explosion"],"picked":"Night Terror","floor":16},{"not_picked":["Dash","Poisoned Stab"],"picked":"Noxious Fumes+1","floor":18},{"not_picked":["Deadly Poison","Dagger Throw"],"picked":"Backflip+1","floor":19},{"not_picked":["Skewer","Riddle With Holes"],"picked":"Blur","floor":21},{"not_picked":["Blade Dance+1","Skewer","Underhanded Strike"],"picked":"SKIP","floor":22},{"not_picked":["Flying Knee","Dodge and Roll","Cloak And Dagger"],"picked":"SKIP","floor":24},{"not_picked":["Endless Agony","Cloak And Dagger"],"picked":"Backflip+1","floor":25},{"not_picked":["Slice","Caltrops+1","Dagger Throw"],"picked":"SKIP","floor":27},{"not_picked":["PiercingWail","Terror","Deflect"],"picked":"SKIP","floor":29},{"not_picked":["PiercingWail","Deflect"],"picked":"Terror","floor":29},{"not_picked":["Underhanded Strike+1"],"picked":"SKIP","floor":35},{"not_picked":["Bane"],"picked":"SKIP","floor":41},{"not_picked":[],"picked":"Infinite Blades+1","floor":44},{"not_picked":["Dagger Throw"],"picked":"SKIP","floor":45},{"not_picked":["Deflect+1"],"picked":"SKIP","floor":46},{"not_picked":[],"picked":"Acrobatics+1","floor":48}],"player_experience":114949,"relics_obtained":[{"floor":7,"key":"Frozen Egg 2"},{"floor":9,"key":"Mercury Hourglass"},{"floor":12,"key":"MawBank"},{"floor":26,"key":"Orichalcum"},{"floor":29,"key":"Bottled Lightning"},{"floor":43,"key":"Dream Catcher"},{"floor":45,"key":"Anchor"}],"event_choices":[{"cards_removed":["Strike_G"],"damage_healed":0,"gold_gain":0,"player_choice":"Purged","damage_taken":0,"max_hp_gain":0,"max_hp_loss":0,"event_name":"Purifier","floor":2,"gold_loss":0},{"damage_healed":0,"gold_gain":0,"player_choice":"Upgraded","damage_taken":0,"max_hp_gain":0,"max_hp_loss":0,"event_name":"Upgrade Shrine","floor":5,"gold_loss":0,"cards_upgraded":["Cloak And Dagger"]},{"damage_healed":0,"gold_gain":0,"player_choice":"Ignored","damage_taken":0,"max_hp_gain":0,"max_hp_loss":0,"event_name":"Ghosts","floor":31,"gold_loss":0},{"damage_healed":0,"gold_gain":0,"player_choice":"Paid","damage_taken":0,"relics_obtained":["Red Mask"],"max_hp_gain":0,"max_hp_loss":0,"event_name":"Tomb of Lord Red Mask","floor":37,"gold_loss":9},{"damage_healed":0,"gold_gain":0,"player_choice":"Memory 1","damage_taken":0,"max_hp_gain":0,"max_hp_loss":0,"event_name":"SensoryStone","floor":39,"gold_loss":0}],"is_beta":false,"boss_relics":[{"not_picked":["Pandora\u0027s Box","Fusion Hammer"],"picked":"Sozu"},{"not_picked":["Philosopher\u0027s Stone","Lizard Tail"],"picked":"Busted Crown"}],"items_purged_floors":[20,28],"is_endless":false,"potions_floor_spawned":[1,3,7,14,16,19,24,25,27,35,45,48],"ascension_level":4}