{"gold_per_floor":[119,132,132,146,156,186,186,214,237,237,248,228,238,54,54,159,159,177,276,286,46,65,65,65,65,117,129,129,159,171,193,205,313,325,349,68,87,0,0,0,33,33,33,46,46,46],"floor_reached":46,"playtime":1844,"items_purged":["Strike_B"],"score":693,"play_id":"3de35535-b9de-4d9c-97e3-ac361f58bd5a","local_time":"20190320025102","is_ascension_mode":true,"campfire_choices":[{"data":"Zap","floor":7,"key":"SMITH"},{"floor":10,"key":"REST"},{"floor":15,"key":"REST"},{"floor":23,"key":"REST"},{"floor":25,"key":"REST"},{"floor":28,"key":"REST"},{"floor":30,"key":"REST"},{"floor":32,"key":"REST"},{"floor":40,"key":"REST"},{"floor":42,"key":"REST"}],"neow_cost":"NONE","seed_source_timestamp":2443521824267653,"circlet_count":0,"master_deck":["Strike_B","Strike_B","Strike_B","Defend_B","Defend_B","Defend_B","Defend_B","Zap+1","Dualcast","Sunder","Capacitor","Streamline","Hello World","Creative AI","Conserve Battery","Apotheosis","Echo Form","Cold Snap","Conserve Battery","Metamorphosis","Coolheaded","Conserve Battery","Cold Snap","Stack+1","Glacier+1","Leap","Coolheaded+1","Melter","Discovery"],"relics":["Cracked Core","Du-Vu Doll","Anchor","Vajra","Nuclear Battery","Ancient Tea Set","Oddly Smooth Stone","MawBank","Lizard Tail","FossilizedHelix","Red Mask","Omamori","Ginger"],"potions_floor_usage":[5,6,18,27,29,41],"damage_taken":[{"damage":9,"enemies":"2 Louse","floor":1,"turns":3},{"damage":1,"enemies":"Cultist","floor":2,"turns":3},{"damage":7,"enemies":"Jaw Worm","floor":4,"turns":3},{"damage":1,"enemies":"2 Fungi Beasts","floor":5,"turns":2},{"damage":18,"enemies":"Gremlin Nob","floor":6,"turns":3},{"damage":35,"enemies":"Lagavulin","floor":8,"turns":5},{"damage":11,"enemies":"Blue Slaver","floor":11,"turns":4},{"damage":0,"enemies":"Exordium Wildlife","floor":13,"turns":3},{"damage":51,"enemies":"Slime Boss","floor":16,"turns":10},{"damage":8,"enemies":"2 Thieves","floor":18,"turns":3},{"damage":17,"enemies":"Spheric Guardian","floor":20,"turns":4},{"damage":27,"enemies":"Centurion and Healer","floor":22,"turns":6},{"damage":18,"enemies":"Cultist and Chosen","floor":27,"turns":5},{"damage":61,"enemies":"Slavers","floor":29,"turns":7},{"damage":9,"enemies":"Chosen and Byrds","floor":31,"turns":7},{"damage":2,"enemies":"Automaton","floor":33,"turns":9},{"damage":60,"enemies":"3 Darklings","floor":35,"turns":6},{"damage":18,"enemies":"Orb Walker","floor":37,"turns":5},{"damage":19,"enemies":"Nemesis","floor":41,"turns":15},{"damage":45,"enemies":"Sphere and 2 Shapes","floor":44,"turns":7},{"damage":21,"enemies":"Writhing Mass","floor":46,"turns":8}],"seed_played":"6928230242269434167","potions_obtained":[{"floor":2,"key":"PowerPotion"},{"floor":5,"key":"PowerPotion"},{"floor":16,"key":"EssenceOfSteel"},{"floor":22,"key":"AttackPotion"},{"floor":27,"key":"Strength Potion"},{"floor":37,"key":"Poison Potion"}],"is_trial":false,"path_per_floor":["M","M","?","M","M","E","R","E","T","R","M","?","M","$","R","B",null,"M","?","M","$","M","R","?","R","T","M","R","E","R","M","R","B",null,"M","$","M","?","?","R","E","R","T","M","?","M"],"character_chosen":"DEFECT","items_purchased":["Apotheosis","Metamorphosis","FossilizedHelix"],"campfire_rested":9,"item_purchase_floors":[14,21,36],"current_hp_per_floor":[66,65,82,75,74,56,56,21,21,45,34,34,34,34,58,7,63,55,55,38,38,11,35,35,59,59,41,65,4,28,19,43,41,72,12,12,35,35,35,59,40,64,64,19,19,0],"gold":46,"neow_bonus":"TEN_PERCENT_HP_BONUS","is_prod":false,"is_daily":false,"chose_seed":false,"campfire_upgraded":1,"win_rate":0,"timestamp":1553046662,"path_taken":["M","M","?","M","?","E","R","E","T","R","M","?","M","$","R","BOSS","M","?","M","$","M","R","?","R","T","M","R","E","R","?","R","BOSS","M","$","M","?","?","R","E","R","T","?","?","M"],"build_version":"2019-01-23","purchased_purges":1,"victory":false,"max_hp_per_floor":[82,82,82,82,82,82,82,82,82,82,82,82,82,82,82,82,82,82,82,82,82,82,82,82,82,82,82,82,82,82,82,82,82,82,82,82,82,82,82,82,82,82,82,82,82,82],"card_choices":[{"not_picked":["Barrage","Turbo"],"picked":"Sunder","floor":1},{"not_picked":["Compile Driver","Go for the Eyes"],"picked":"Reinforced Body","floor":2},{"not_picked":["Steam","Leap"],"picked":"Capacitor","floor":4},{"not_picked":["Aggregate","Steam"],"picked":"Streamline","floor":5},{"not_picked":["Compile Driver","Darkness"],"picked":"Hello World","floor":6},{"not_picked":["Rebound","Redo","Streamline"],"picked":"SKIP","floor":8},{"not_picked":["Steam","Leap"],"picked":"Creative AI","floor":11},{"not_picked":["Storm","Aggregate"],"picked":"Conserve Battery","floor":13},{"not_picked":["Amplify","Buffer"],"picked":"Echo Form","floor":16},{"not_picked":["Rebound","Turbo"],"picked":"Cold Snap","floor":18},{"not_picked":["Compile Driver+1","Steam+1"],"picked":"Conserve Battery","floor":20},{"not_picked":["Hologram","Loop"],"picked":"Coolheaded","floor":22},{"not_picked":["Reprogram+1","Ball Lightning"],"picked":"Conserve Battery","floor":27},{"not_picked":["Loop","Recycle"],"picked":"Cold Snap","floor":29},{"not_picked":["Seek","Beam Cell"],"picked":"Stack+1","floor":31},{"not_picked":["Sweeping Beam","Lockon+1"],"picked":"Glacier+1","floor":35},{"not_picked":["Recycle+1","Hologram"],"picked":"Leap","floor":37},{"not_picked":["Rip and Tear","Stack"],"picked":"Coolheaded+1","floor":41},{"not_picked":["Leap+1","Undo+1"],"picked":"Melter","floor":44},{"not_picked":["Trip","Forethought"],"picked":"Discovery","floor":45}],"player_experience":302745,"relics_obtained":[{"floor":6,"key":"Du-Vu Doll"},{"floor":8,"key":"Anchor"},{"floor":9,"key":"Vajra"},{"floor":26,"key":"Oddly Smooth Stone"},{"floor":29,"key":"MawBank"},{"floor":41,"key":"Omamori"},{"floor":43,"key":"Ginger"}],"event_choices":[{"cards_removed":["Reinforced Body"],"damage_healed":17,"gold_gain":0,"player_choice":"Offered Uncommon","damage_taken":0,"max_hp_gain":0,"max_hp_loss":0,"event_name":"Bonfire Elementals","floor":3,"gold_loss":0},{"damage_healed":0,"gold_gain":0,"player_choice":"Left Gold","damage_taken":0,"max_hp_gain":0,"max_hp_loss":0,"event_name":"World of Goop","floor":12,"gold_loss":20},{"damage_healed":0,"gold_gain":99,"player_choice":"Stole From Cult","damage_taken":0,"max_hp_gain":0,"max_hp_loss":0,"event_name":"Nest","floor":19,"gold_loss":0},{"damage_healed":0,"gold_gain":0,"player_choice":"Stole Relic","damage_taken":0,"relics_obtained":["Ancient Tea Set"],"max_hp_gain":0,"max_hp_loss":0,"event_name":"Addict","floor":24,"gold_loss":0,"cards_obtained":["Shame"]},{"damage_healed":0,"gold_gain":0,"player_choice":"Paid","damage_taken":0,"relics_obtained":["Red Mask"],"max_hp_gain":0,"max_hp_loss":0,"event_name":"Tomb of Lord Red Mask","floor":38,"gold_loss":87},{"cards_removed":["Shame"],"damage_healed":0,"gold_gain":0,"player_choice":"Removed Curses","damage_taken":0,"max_hp_gain":0,"max_hp_loss":0,"event_name":"Fountain of Cleansing","floor":39,"gold_loss":0},{"damage_healed":0,"gold_gain":0,"player_choice":"Memory 1","damage_taken":0,"max_hp_gain":0,"max_hp_loss":0,"event_name":"SensoryStone","floor":45,"gold_loss":0}],"is_beta":false,"boss_relics":[{"not_picked":["Sozu","Astrolabe"],"picked":"Nuclear Battery"},{"not_picked":["Pandora\u0027s Box","Coffee Dripper"],"picked":"Lizard Tail"}],"items_purged_floors":[21],"is_endless":false,"potions_floor_spawned":[2,5,16,22,27,37],"killed_by":"Writhing Mass","ascension_level":9}