{"gold_per_floor":[115,126,301,301,315,265,277,277,356,356,356,356,370,387,387,492,492,505,529,545,460,476,508,508,125,149,149,181,207,226,244,244,244],"floor_reached":33,"playtime":1285,"items_purged":[],"score":302,"play_id":"75b511cc-c6af-4bb0-ab05-d15ea48181c4","local_time":"20190304142847","is_ascension_mode":false,"campfire_choices":[{"data":"Catalyst","floor":8,"key":"SMITH"},{"data":"Neutralize","floor":10,"key":"SMITH"},{"floor":12,"key":"RECALL"},{"data":"Noxious Fumes","floor":15,"key":"SMITH"},{"floor":24,"key":"REST"},{"floor":27,"key":"REST"},{"floor":32,"key":"REST"}],"neow_cost":"NONE","seed_source_timestamp":181481483471845,"circlet_count":0,"master_deck":["Defend_G","Defend_G","Defend_G","Defend_G","Defend_G","Strike_G","Strike_G","Strike_G","Strike_G","Survivor","Neutralize+1","Backflip","Backflip","Deadly Poison","All Out Attack","All Out Attack","Catalyst+1","Noxious Fumes+1","Adrenaline","Blur","Dagger Spray+1","Deadly Poison","Dodge and Roll","Footwork+1","Prepared"],"relics":["Ring of the Serpent","Shuriken","Boot","Frozen Egg 2","Kunai","Thread and Needle","Strawberry","Oddly Smooth Stone","Bronze Scales"],"potions_floor_usage":[16,22,22,23,23,33],"damage_taken":[{"damage":1,"enemies":"2 Louse","floor":1,"turns":3},{"damage":0,"enemies":"Jaw Worm","floor":2,"turns":5},{"damage":0,"enemies":"Cultist","floor":5,"turns":4},{"damage":10,"enemies":"Looter","floor":7,"turns":3},{"damage":3,"enemies":"Red Slaver","floor":13,"turns":4},{"damage":0,"enemies":"3 Louse","floor":14,"turns":2},{"damage":25,"enemies":"Hexaghost","floor":16,"turns":10},{"damage":14,"enemies":"3 Byrds","floor":18,"turns":5},{"damage":0,"enemies":"Spheric Guardian","floor":20,"turns":3},{"damage":2,"enemies":"Chosen and Byrds","floor":22,"turns":5},{"damage":34,"enemies":"Book of Stabbing","floor":23,"turns":6},{"damage":25,"enemies":"Gremlin Leader","floor":28,"turns":5},{"damage":0,"enemies":"Snake Plant","floor":30,"turns":5},{"damage":0,"enemies":"Centurion and Healer","floor":31,"turns":7},{"damage":55,"enemies":"Collector","floor":33,"turns":7}],"seed_played":"1869163099878863302","potions_obtained":[{"floor":5,"key":"Strength Potion"},{"floor":7,"key":"Strength Potion"},{"floor":13,"key":"LiquidBronze"},{"floor":16,"key":"Poison Potion"},{"floor":18,"key":"Strength Potion"},{"floor":22,"key":"SkillPotion"},{"floor":28,"key":"SneckoOil"}],"is_trial":false,"path_per_floor":["M","M","?","?","M","?","M","R","T","R","?","R","M","M","R","B",null,"M","T","M","?","M","E","R","$","T","R","E","T","M","M","R","B"],"character_chosen":"THE_SILENT","items_purchased":["Footwork+1","Thread and Needle"],"campfire_rested":3,"item_purchase_floors":[25,25],"current_hp_per_floor":[69,69,69,69,69,69,59,59,59,59,59,59,56,56,56,31,70,56,56,56,56,54,20,41,41,48,71,46,46,46,46,69,14],"gold":244,"neow_bonus":"THREE_CARDS","is_prod":false,"is_daily":false,"chose_seed":false,"campfire_upgraded":3,"win_rate":0,"timestamp":1551731327,"path_taken":["M","M","?","?","?","?","M","R","T","R","?","R","M","M","R","BOSS","M","?","M","?","M","E","R","?","T","R","E","?","M","M","R","BOSS"],"build_version":"2019-01-23","purchased_purges":0,"victory":false,"max_hp_per_floor":[70,70,70,70,70,70,70,70,70,70,70,70,70,70,70,70,70,70,70,70,70,70,70,70,70,77,77,77,77,77,77,77,77],"card_choices":[{"not_picked":["Riddle With Holes","Skewer"],"picked":"Backflip","floor":0},{"not_picked":["Prepared","Dagger Throw"],"picked":"Backflip","floor":1},{"not_picked":["Sucker Punch","Heel Hook"],"picked":"Deadly Poison","floor":2},{"not_picked":["Heel Hook","Sucker Punch"],"picked":"All Out Attack","floor":5},{"not_picked":["Reflex","Slice"],"picked":"Catalyst","floor":7},{"not_picked":["Sucker Punch","Quick Slash","PiercingWail"],"picked":"SKIP","floor":13},{"not_picked":["Dagger Spray","Night Terror"],"picked":"Noxious Fumes","floor":14},{"not_picked":["Storm of Steel","Glass Knife"],"picked":"Adrenaline","floor":16},{"not_picked":["Blade Dance","Sucker Punch"],"picked":"Blur","floor":18},{"not_picked":["Blade Dance","Underhanded Strike"],"picked":"Dagger Spray+1","floor":20},{"not_picked":["Dagger Spray+1","Dodge and Roll+1"],"picked":"Deadly Poison","floor":22},{"not_picked":["Unload","Blade Dance"],"picked":"Dodge and Roll","floor":23},{"not_picked":["Blade Dance","Reflex","Bane"],"picked":"SKIP","floor":28},{"not_picked":["Choke","Masterful Stab"],"picked":"Prepared","floor":30},{"not_picked":["Blade Dance","Wraith Form v2+1","Dagger Throw"],"picked":"SKIP","floor":31}],"player_experience":629893,"relics_obtained":[{"floor":9,"key":"Shuriken"},{"floor":23,"key":"Kunai"},{"floor":26,"key":"Strawberry"},{"floor":28,"key":"Oddly Smooth Stone"},{"floor":29,"key":"Bronze Scales"}],"event_choices":[{"damage_healed":0,"gold_gain":175,"player_choice":"AGREE","damage_taken":0,"max_hp_gain":0,"max_hp_loss":0,"event_name":"Liars Game","floor":3,"gold_loss":0,"cards_obtained":["Doubt"]},{"damage_healed":0,"gold_gain":0,"cards_transformed":["Strike_G"],"player_choice":"Transformed","damage_taken":0,"max_hp_gain":0,"max_hp_loss":0,"event_name":"Transmorgrifier","floor":4,"gold_loss":0,"cards_obtained":["All Out Attack"]},{"cards_removed":["Doubt"],"damage_healed":0,"gold_gain":0,"player_choice":"Card Removal","damage_taken":0,"max_hp_gain":0,"max_hp_loss":0,"event_name":"The Cleric","floor":6,"gold_loss":50},{"damage_healed":0,"gold_gain":0,"player_choice":"Gave Potion","damage_taken":0,"relics_obtained":["Boot"],"max_hp_gain":0,"max_hp_loss":0,"event_name":"WeMeetAgain","floor":11,"gold_loss":0},{"damage_healed":0,"gold_gain":0,"player_choice":"Obtained Relic","damage_taken":0,"relics_obtained":["Frozen Egg 2"],"max_hp_gain":0,"max_hp_loss":0,"event_name":"Addict","floor":21,"gold_loss":85}],"is_beta":false,"boss_relics":[{"not_picked":["Busted Crown","Fusion Hammer"],"picked":"Ring of the Serpent"}],"items_purged_floors":[],"is_endless":false,"potions_floor_spawned":[5,7,13,16,18,22,28],"killed_by":"Collector","ascension_level":0}