{"gold_per_floor":[114,114,214,20,32,67,242,242,268,268,268,296,261,316,316,418,418,434,39,57,57,12,12,43,43,66,95,109,109,109],"floor_reached":30,"playtime":12132,"items_purged":["Doubt"],"score":398,"play_id":"fce9d893-2b4f-4647-8001-223dea093afc","local_time":"20190202235205","is_ascension_mode":true,"campfire_choices":[{"floor":8,"key":"REST"},{"floor":10,"key":"REST"},{"floor":15,"key":"REST"},{"floor":23,"key":"REST"},{"floor":25,"key":"REST"}],"neow_cost":"NONE","seed_source_timestamp":955593623405876,"circlet_count":0,"master_deck":["Strike_B","Strike_B","Defend_B","Defend_B","Defend_B","Zap+1","Dualcast","Loop","Warcry","Disarm","Shrug It Off","Shockwave","Seek","Scrape+1","Leap+1","Reprogram+1","Ball Lightning","Defragment","Endless Agony","Beam Cell","Crippling Poison","Well Laid Plans+1","Backflip","Uppercut+1","Armaments"],"relics":["Cracked Core","PrismaticShard","Mercury Hourglass","Happy Flower","Bronze Scales","PreservedInsect","Dream Catcher","Astrolabe","Turnip","Ornamental Fan","Orichalcum","Oddly Smooth Stone"],"potions_floor_usage":[6,12,14,16,16,20,30,30],"damage_taken":[{"damage":4,"enemies":"Jaw Worm","floor":1,"turns":3},{"damage":5,"enemies":"2 Louse","floor":5,"turns":3},{"damage":37,"enemies":"Lagavulin","floor":6,"turns":6},{"damage":30,"enemies":"3 Sentries","floor":12,"turns":6},{"damage":17,"enemies":"3 Sentries","floor":14,"turns":5},{"damage":18,"enemies":"Hexaghost","floor":16,"turns":9},{"damage":16,"enemies":"Chosen","floor":18,"turns":5},{"damage":24,"enemies":"Spheric Guardian","floor":20,"turns":3},{"damage":27,"enemies":"Book of Stabbing","floor":24,"turns":4},{"damage":0,"enemies":"Gremlin Leader","floor":27,"turns":6},{"damage":20,"enemies":"Snake Plant","floor":28,"turns":3},{"damage":23,"enemies":"Sentry and Sphere","floor":30,"turns":4}],"seed_played":"830189417065989505","potions_obtained":[{"floor":1,"key":"SneckoOil"},{"floor":5,"key":"Energy Potion"},{"floor":12,"key":"EntropicBrew"},{"floor":16,"key":"AttackPotion"},{"floor":20,"key":"LiquidBronze"}],"is_trial":false,"path_per_floor":["M","?","?","$","M","E","?","R","T","R","?","E","?","?","R","B",null,"M","$","M","?","$","R","E","R","T","E","M","?","M"],"character_chosen":"DEFECT","items_purchased":["PrismaticShard","Turnip","Defragment","Beam Cell"],"campfire_rested":5,"item_purchase_floors":[4,19,19,22],"current_hp_per_floor":[64,64,64,64,59,22,22,44,44,66,59,29,47,30,52,34,65,49,49,25,25,25,47,20,42,42,42,22,22,0],"gold":109,"neow_bonus":"UPGRADE_CARD","is_prod":false,"is_daily":false,"chose_seed":false,"campfire_upgraded":0,"win_rate":0,"timestamp":1549147925,"path_taken":["M","?","?","$","?","E","?","R","T","R","?","E","?","?","R","BOSS","M","$","M","?","?","R","E","R","T","E","M","?","M"],"build_version":"2019-01-23","purchased_purges":1,"victory":false,"max_hp_per_floor":[75,75,75,75,75,75,75,75,75,75,75,75,75,75,75,75,75,75,75,75,75,75,75,75,75,75,75,75,75,75],"card_choices":[{"not_picked":["Reinforced Body","Blizzard"],"picked":"Loop","floor":1},{"not_picked":["White Noise","Feel No Pain"],"picked":"Warcry","floor":5},{"not_picked":["Impatience","Evolve"],"picked":"Disarm","floor":6},{"not_picked":["Multi-Cast","Entrench"],"picked":"Shrug It Off","floor":12},{"not_picked":["Coolheaded","PiercingWail"],"picked":"Shockwave","floor":15},{"not_picked":["Grand Finale","Secret Technique"],"picked":"Seek","floor":16},{"not_picked":["Wild Strike","Slice+1"],"picked":"Ball Lightning","floor":18},{"not_picked":["Purity","Swift Strike+1"],"picked":"Endless Agony","floor":20},{"not_picked":["Clothesline","Blade Dance"],"picked":"Crippling Poison","floor":23},{"not_picked":["Compile Driver+1","Eviscerate"],"picked":"Well Laid Plans+1","floor":24},{"not_picked":["Riddle With Holes","Acrobatics+1"],"picked":"Backflip","floor":25},{"not_picked":["Masterful Stab","Static Discharge+1"],"picked":"Uppercut+1","floor":27},{"not_picked":["Flash of Steel","Flying Knee"],"picked":"Armaments","floor":28}],"player_experience":193785,"relics_obtained":[{"floor":6,"key":"Mercury Hourglass"},{"floor":9,"key":"Happy Flower"},{"floor":12,"key":"PreservedInsect"},{"floor":14,"key":"Dream Catcher"},{"floor":24,"key":"Ornamental Fan"},{"floor":26,"key":"Orichalcum"},{"floor":27,"key":"Oddly Smooth Stone"}],"event_choices":[{"damage_healed":0,"gold_gain":0,"player_choice":"Ignored","damage_taken":0,"max_hp_gain":0,"max_hp_loss":0,"event_name":"Golden Idol","floor":2,"gold_loss":0},{"damage_healed":0,"gold_gain":100,"player_choice":"Pray","damage_taken":0,"max_hp_gain":0,"max_hp_loss":0,"event_name":"Golden Shrine","floor":3,"gold_loss":0},{"damage_healed":0,"gold_gain":175,"player_choice":"AGREE","damage_taken":0,"max_hp_gain":0,"max_hp_loss":0,"event_name":"Liars Game","floor":7,"gold_loss":0,"cards_obtained":["Doubt"]},{"damage_healed":0,"gold_gain":0,"player_choice":"Success","damage_taken":7,"relics_obtained":["Bronze Scales"],"max_hp_gain":0,"max_hp_loss":0,"event_name":"Scrap Ooze","floor":11,"gold_loss":0},{"damage_healed":18,"gold_gain":0,"player_choice":"Healed","damage_taken":0,"max_hp_gain":0,"max_hp_loss":0,"event_name":"The Cleric","floor":13,"gold_loss":35},{"damage_healed":0,"gold_gain":0,"player_choice":"Searched \u00272\u0027 times","damage_taken":0,"max_hp_gain":0,"max_hp_loss":0,"event_name":"Dead Adventurer","floor":14,"gold_loss":0},{"damage_healed":0,"gold_gain":0,"player_choice":"Bought 0 Potions","damage_taken":0,"max_hp_gain":0,"max_hp_loss":0,"event_name":"The Woman in Blue","floor":21,"gold_loss":0},{"damage_healed":0,"gold_gain":0,"player_choice":"Ignored","damage_taken":0,"max_hp_gain":0,"max_hp_loss":0,"event_name":"Ghosts","floor":29,"gold_loss":0}],"is_beta":false,"boss_relics":[{"not_picked":["Sozu","Calling Bell"],"picked":"Astrolabe"}],"items_purged_floors":[19],"is_endless":false,"potions_floor_spawned":[1,5,12,16,20],"killed_by":"Sentry and Sphere","ascension_level":7}