{"gold_per_floor":[118,132,132,152,171,188,219,231,243,255],"floor_reached":10,"playtime":1104,"items_purged":[],"score":74,"play_id":"0b6dddec-cbff-4126-b343-53aa7ba1667f","local_time":"20190414004446","is_ascension_mode":true,"campfire_choices":[],"neow_cost":"NONE","seed_source_timestamp":12773536333274,"circlet_count":0,"master_deck":["Strike_R","Strike_R","Strike_R","Strike_R","Defend_R","Defend_R","Defend_R","Defend_R","Bash","Combust","Corruption","Inflame","Impervious"],"relics":["Burning Blood","PreservedInsect","MawBank"],"potions_floor_usage":[7,10],"damage_taken":[{"damage":1,"enemies":"Jaw Worm","floor":1,"turns":5},{"damage":7,"enemies":"2 Louse","floor":2,"turns":2},{"damage":3,"enemies":"Small Slimes","floor":4,"turns":3},{"damage":26,"enemies":"Gremlin Gang","floor":5,"turns":4},{"damage":14,"enemies":"Large Slime","floor":6,"turns":7},{"damage":50,"enemies":"3 Sentries","floor":7,"turns":9},{"damage":11,"enemies":"Lagavulin","floor":10,"turns":3}],"seed_played":"7197890581051210604","potions_obtained":[{"floor":2,"key":"AttackPotion"},{"floor":4,"key":"Dexterity Potion"}],"is_trial":false,"path_per_floor":["M","M","?","M","M","M","E","?","T","E"],"character_chosen":"IRONCLAD","items_purchased":[],"campfire_rested":0,"item_purchase_floors":[],"current_hp_per_floor":[80,79,79,80,60,52,8,8,8,0],"gold":255,"neow_bonus":"RANDOM_COMMON_RELIC","is_prod":false,"is_daily":false,"chose_seed":false,"campfire_upgraded":0,"win_rate":0,"timestamp":1555195486,"path_taken":["M","M","?","M","M","M","E","?","T","E"],"build_version":"2019-01-23","purchased_purges":0,"victory":false,"max_hp_per_floor":[80,80,80,80,80,80,80,80,80,80],"card_choices":[{"not_picked":["True Grit","Searing Blow","Pommel Strike"],"picked":"SKIP","floor":1},{"not_picked":["Thunderclap","Clothesline","Anger"],"picked":"SKIP","floor":2},{"not_picked":["Dropkick","Seeing Red"],"picked":"Corruption","floor":4},{"not_picked":["Havoc","Wild Strike"],"picked":"Inflame","floor":5},{"not_picked":["Flame Barrier","Pommel Strike"],"picked":"Impervious","floor":6},{"not_picked":["Power Through","Twin Strike","Brutality"],"picked":"SKIP","floor":7}],"player_experience":167127,"relics_obtained":[{"floor":7,"key":"MawBank"}],"event_choices":[{"damage_healed":0,"gold_gain":0,"cards_transformed":["Strike_R"],"player_choice":"Change","damage_taken":0,"max_hp_gain":0,"max_hp_loss":0,"event_name":"Living Wall","floor":3,"gold_loss":0,"cards_obtained":["Combust"]},{"damage_healed":0,"gold_gain":0,"player_choice":"Ignored","damage_taken":0,"max_hp_gain":0,"max_hp_loss":0,"event_name":"Liars Game","floor":8,"gold_loss":0}],"is_beta":false,"boss_relics":[],"items_purged_floors":[],"is_endless":false,"potions_floor_spawned":[2,4],"killed_by":"Lagavulin","ascension_level":1}