{"gold_per_floor":[410,375,386,26,40,40,40,40,92,117,117,167,196,209,209,286,286,302,302,302,302,313,313,339,339],"floor_reached":25,"playtime":814,"items_purged":[],"score":454,"play_id":"e03a33b7-1b47-405b-bdf7-25fd8f9ef4c2","local_time":"20190413220644","is_ascension_mode":true,"campfire_choices":[{"data":"Consume","floor":6.0,"key":"SMITH"},{"floor":8.0,"key":"REST"},{"floor":11.0,"key":"REST"},{"data":"Genetic Algorithm","floor":15.0,"key":"SMITH"},{"floor":23.0,"key":"REST"}],"neow_cost":"PERCENT_DAMAGE","seed_source_timestamp":23890080245818,"circlet_count":0,"master_deck":["AscendersBane","Strike_B","Strike_B","Strike_B","Strike_B+1","Defend_B","Defend_B","Defend_B+1","Defend_B","Zap","Dualcast","Go for the Eyes","Auto Shields","Consume+1","Coolheaded","Genetic Algorithm+1","Coolheaded","Electrodynamics","Writhe","Necronomicurse"],"special_seed":0,"relics":["Cracked Core","Old Coin","Symbiotic Virus","Singing Bowl","Bag of Marbles","Sozu","Thread and Needle","Necronomicon","Girya","Matryoshka"],"potions_floor_usage":[24],"damage_taken":[{"damage":19.0,"enemies":"Jaw Worm","floor":1.0,"turns":4.0},{"damage":1.0,"enemies":"Small Slimes","floor":3.0,"turns":3.0},{"damage":0.0,"enemies":"Cultist","floor":5.0,"turns":4.0},{"damage":19.0,"enemies":"Gremlin Nob","floor":10.0,"turns":4.0},{"damage":17.0,"enemies":"3 Sentries","floor":13.0,"turns":8.0},{"damage":0.0,"enemies":"Blue Slaver","floor":14.0,"turns":4.0},{"damage":2.0,"enemies":"Slime Boss","floor":16.0,"turns":11.0},{"damage":0.0,"enemies":"Chosen","floor":18.0,"turns":5.0},{"damage":12.0,"enemies":"Spheric Guardian","floor":22.0,"turns":4.0},{"damage":44,"enemies":"Book of Stabbing","floor":24,"turns":9},{"damage":24,"enemies":"Shelled Parasite and Fungi","floor":25,"turns":2}],"seed_played":"2643505718637654112","potions_obtained":[{"floor":3.0,"key":"Ancient Potion"},{"floor":13.0,"key":"Weak Potion"},{"floor":14.0,"key":"FairyPotion"}],"is_trial":false,"path_per_floor":["M","?","M","$","M","R","?","R","T","E","R","?","E","M","R","B",null,"M","?","?","T","M","R","E","M"],"character_chosen":"DEFECT","items_purchased":["Symbiotic Virus","Consume"],"campfire_rested":3,"item_purchase_floors":[4,4],"current_hp_per_floor":[27,44,43,43,43,43,22,43,43,26,47,47,30,30,30,28,62,64,64,43,43,33,56,14,0],"gold":339,"neow_bonus":"ONE_RARE_RELIC","is_prod":false,"is_daily":false,"chose_seed":false,"campfire_upgraded":2,"win_rate":0,"timestamp":1555186004,"path_taken":["M","?","M","$","M","R","?","R","T","E","R","?","E","?","R","BOSS","M","?","?","?","M","R","E","M"],"build_version":"2019-04-04","purchased_purges":0,"victory":false,"max_hp_per_floor":[71,71,71,71,71,71,71,71,71,73,73,73,73,73,73,73,73,75,75,75,75,77,77,79,79],"card_choices":[{"not_picked":["Redo","Skim"],"picked":"Go for the Eyes","floor":1.0},{"not_picked":["Barrage","Sweeping Beam"],"picked":"Auto Shields","floor":3.0},{"not_picked":["Conserve Battery","Steam"],"picked":"Coolheaded","floor":5.0},{"not_picked":["Melter","Gash","Tempest"],"picked":"Singing Bowl","floor":10.0},{"not_picked":["Aggregate","Beam Cell"],"picked":"Genetic Algorithm","floor":13.0},{"not_picked":["Turbo","Darkness"],"picked":"Coolheaded","floor":14.0},{"not_picked":["All For One","Multi-Cast"],"picked":"Electrodynamics","floor":16.0},{"not_picked":["Redo","Turbo+1","Compile Driver"],"picked":"Singing Bowl","floor":18.0},{"not_picked":["Reinforced Body","Sweeping Beam","Beam Cell"],"picked":"Singing Bowl","floor":22.0},{"not_picked":["Compile Driver","Redo","Melter"],"picked":"Singing Bowl","floor":24}],"player_experience":1119243,"relics_obtained":[{"floor":10.0,"key":"Singing Bowl"},{"floor":13.0,"key":"Bag of Marbles"},{"floor":20.0,"key":"Necronomicon"},{"floor":21.0,"key":"Girya"},{"floor":24,"key":"Matryoshka"}],"event_choices":[{"damage_healed":17.0,"max_hp_gain":0.0,"max_hp_loss":0.0,"gold_gain":0.0,"event_name":"The Cleric","player_choice":"Healed","floor":2.0,"gold_loss":35.0,"damage_taken":0.0},{"damage_healed":0.0,"max_hp_gain":0.0,"max_hp_loss":0.0,"gold_gain":0.0,"event_name":"Shining Light","player_choice":"Entered Light","floor":7.0,"gold_loss":0.0,"damage_taken":21.0,"cards_upgraded":["Strike_B","Defend_B"]},{"damage_healed":0.0,"max_hp_gain":0.0,"max_hp_loss":0.0,"gold_gain":50.0,"event_name":"Golden Shrine","player_choice":"Pray","floor":12.0,"gold_loss":0.0,"damage_taken":0.0},{"damage_healed":0.0,"max_hp_gain":0.0,"max_hp_loss":0.0,"gold_gain":0.0,"event_name":"The Mausoleum","player_choice":"Opened","floor":19.0,"gold_loss":0.0,"damage_taken":0.0,"relics_obtained":["Thread and Needle"],"cards_obtained":["Writhe"]},{"damage_healed":0.0,"max_hp_gain":0.0,"max_hp_loss":0.0,"gold_gain":0.0,"event_name":"Cursed Tome","player_choice":"Obtained Book","floor":20.0,"gold_loss":0.0,"damage_taken":21.0}],"is_beta":true,"boss_relics":[{"not_picked":["Ectoplasm","Orrery"],"picked":"Sozu"}],"items_purged_floors":[],"is_endless":false,"potions_floor_spawned":[3,13,14,16,24],"killed_by":"Shelled Parasite and Fungi","ascension_level":20}