{"gold_per_floor":[113,64,77,77,101,101,140,90,140,140,154,154,178,25,25,145,145,159,11,32,7,7,7,7,7,7,48,83,83,208,5,5,136,136,152,0,333,40,40,53,67,118,118,118,144,66,66,97,97,97],"floor_reached":51,"playtime":1906,"items_purged":["Strike_B","Decay"],"score":1076,"play_id":"acb29e1a-c609-4693-a9e0-77937b7a7fbf","local_time":"20190323010818","is_ascension_mode":true,"campfire_choices":[{"data":"Sweeping Beam","floor":6,"key":"SMITH"},{"data":"Lockon","floor":15,"key":"SMITH"},{"data":"Coolheaded","floor":23,"key":"SMITH"},{"floor":24,"key":"REST"},{"data":"Defragment","floor":25,"key":"SMITH"},{"floor":32,"key":"REST"},{"floor":44,"key":"REST"},{"floor":49,"key":"REST"}],"neow_cost":"NONE","seed_source_timestamp":2696471884068719,"circlet_count":0,"master_deck":["Strike_B+1","Strike_B+1","Defend_B+1","Defend_B+1","Defend_B+1","Defend_B+1","Zap+1","Dualcast","BootSequence","Ball Lightning","Sweeping Beam+1","Glacier","Lockon+1","Echo Form","Defragment+1","Coolheaded+1","Go for the Eyes","Sweeping Beam+1","Conserve Battery+1","Coolheaded+1","Capacitor","Creative AI","Hologram+1","Havoc+1","Havoc+1","Adrenaline+1","Shrug It Off+1","Dark Shackles+1","White Noise+1","Writhe","Footwork+1","Noxious Fumes"],"relics":["Cracked Core","Orichalcum","Omamori","Bag of Preparation","Ornamental Fan","Calling Bell","Dream Catcher","Mummified Hand","WingedGreaves","Regal Pillow","Question Card","Toxic Egg 2","Kunai","Red Mask","Calipers","Shuriken","ClockworkSouvenir","Eternal Feather","DataDisk","PrismaticShard","Ginger","Blood Vial","Mango","Smiling Mask"],"potions_floor_usage":[7,16,16,27,28,33,35,42,42,45],"damage_taken":[{"damage":6,"enemies":"Jaw Worm","floor":1,"turns":2},{"damage":0,"enemies":"2 Louse","floor":3,"turns":2},{"damage":0,"enemies":"Small Slimes","floor":5,"turns":2},{"damage":10,"enemies":"Gremlin Nob","floor":7,"turns":3},{"damage":0,"enemies":"2 Fungi Beasts","floor":11,"turns":2},{"damage":0,"enemies":"Blue Slaver","floor":13,"turns":2},{"damage":30,"enemies":"Hexaghost","floor":16,"turns":7},{"damage":13,"enemies":"Spheric Guardian","floor":18,"turns":4},{"damage":12,"enemies":"Shell Parasite","floor":20,"turns":5},{"damage":37,"enemies":"Gremlin Leader","floor":27,"turns":9},{"damage":6,"enemies":"Masked Bandits","floor":28,"turns":4},{"damage":1,"enemies":"Colosseum Slavers","floor":30,"turns":3},{"damage":16,"enemies":"Colosseum Nobs","floor":30,"turns":5},{"damage":23,"enemies":"Champ","floor":33,"turns":17},{"damage":23,"enemies":"3 Shapes","floor":35,"turns":4},{"damage":12,"enemies":"Orb Walker","floor":40,"turns":3},{"damage":3,"enemies":"Transient","floor":41,"turns":5},{"damage":17,"enemies":"2 Orb Walkers","floor":42,"turns":7},{"damage":42,"enemies":"Reptomancer","floor":45,"turns":8},{"damage":0,"enemies":"Nemesis","floor":48,"turns":9},{"damage":66,"enemies":"Awakened One","floor":50,"turns":10}],"seed_played":"8191234123798990479","potions_obtained":[{"floor":1,"key":"Weak Potion"},{"floor":7,"key":"Fire Potion"},{"floor":11,"key":"Block Potion"},{"floor":13,"key":"Explosive Potion"},{"floor":18,"key":"SkillPotion"},{"floor":27,"key":"Fire Potion"},{"floor":30,"key":"Swift Potion"},{"floor":33,"key":"Explosive Potion"},{"floor":35,"key":"Dexterity Potion"},{"floor":41,"key":"Block Potion"},{"floor":42,"key":"Weak Potion"},{"floor":45,"key":"SmokeBomb"}],"is_trial":false,"path_per_floor":["M","$","M","?","M","R","E","?","T","?","M","?","M","$","R","B",null,"M","$","M","$","?","R","R","R","T","E","?","?","?","$","R","B",null,"M","$","?","$","?","M","M","?","T","R","E","$","?","E","R","B",null],"character_chosen":"DEFECT","items_purchased":["Ball Lightning","Lockon","Regal Pillow","Coolheaded","ClockworkSouvenir","DataDisk","PrismaticShard","White Noise+1"],"campfire_rested":4,"item_purchase_floors":[2,14,19,21,31,36,38,46],"current_hp_per_floor":[62,62,62,62,62,62,52,52,52,52,52,52,52,52,52,22,57,44,44,32,32,32,32,67,67,67,30,24,24,7,7,42,19,57,34,34,34,34,34,22,19,2,2,52,26,26,47,49,83,17],"gold":97,"neow_bonus":"RANDOM_COMMON_RELIC","is_prod":false,"is_daily":false,"chose_seed":false,"campfire_upgraded":4,"win_rate":0,"timestamp":1553299698,"path_taken":["M","$","M","?","M","R","E","?","T","?","M","?","M","$","R","BOSS","M","$","M","?","?","R","R","R","T","E","?","?","?","$","R","BOSS","M","$","?","$","?","M","?","?","T","R","E","$","?","E","R","BOSS"],"build_version":"2019-01-23","purchased_purges":2,"victory":true,"max_hp_per_floor":[75,75,75,69,69,69,69,69,69,69,69,69,69,69,69,69,69,69,69,69,69,69,69,69,69,69,69,69,69,69,69,69,69,69,69,69,69,69,69,69,69,69,69,69,83,83,83,83,83,83],"card_choices":[{"not_picked":["Hologram","Turbo"],"picked":"BootSequence","floor":1},{"not_picked":["Scrape","Hologram"],"picked":"Sweeping Beam","floor":3},{"not_picked":["Undo","Storm","Fusion"],"picked":"SKIP","floor":5},{"not_picked":["Barrage","Reinforced Body","Hello World"],"picked":"SKIP","floor":7},{"not_picked":["Rebound","Steam Power","Redo"],"picked":"SKIP","floor":11},{"not_picked":["Hello World","Biased Cognition"],"picked":"Glacier","floor":13},{"not_picked":["Meteor Strike","Biased Cognition"],"picked":"Echo Form","floor":16},{"not_picked":["Steam","Leap","Redo"],"picked":"SKIP","floor":18},{"not_picked":["Double Energy+1","Cold Snap"],"picked":"Defragment","floor":20},{"not_picked":["Barrage","Beam Cell","Leap+1"],"picked":"Go for the Eyes","floor":24},{"not_picked":["Barrage","All For One","Streamline"],"picked":"Sweeping Beam+1","floor":27},{"not_picked":["Force Field+1","Cold Snap","Leap+1"],"picked":"Conserve Battery+1","floor":28},{"not_picked":["Streamline","Beam Cell","Rebound"],"picked":"Coolheaded+1","floor":30},{"not_picked":["Recycle+1","Rebound","Fission+1"],"picked":"Capacitor","floor":32},{"not_picked":["Machine Learning","Biased Cognition","Rainbow+1"],"picked":"Creative AI","floor":33},{"not_picked":["Streamline","Sweeping Beam+1","Fusion+1"],"picked":"Hologram+1","floor":35},{"not_picked":["Bane+1","Sucker Punch","Clash+1"],"picked":"Havoc+1","floor":40},{"not_picked":["Twin Strike","Iron Wave","Whirlwind"],"picked":"Havoc+1","floor":41},{"not_picked":["Ball Lightning+1","Backflip+1","Pommel Strike+1"],"picked":"Adrenaline+1","floor":42},{"not_picked":["Anger+1","Sunder","Corruption+1"],"picked":"Shrug It Off+1","floor":44},{"not_picked":["Transmutation+1","Caltrops","Trip+1"],"picked":"Dark Shackles+1","floor":45},{"not_picked":["Compile Driver+1","Leap+1","Tempest+1"],"picked":"Footwork+1","floor":48},{"not_picked":["Clash","Force Field+1","Intimidate+1"],"picked":"Noxious Fumes","floor":49}],"player_experience":306254,"relics_obtained":[{"floor":7,"key":"Omamori"},{"floor":9,"key":"Bag of Preparation"},{"floor":17,"key":"Dream Catcher"},{"floor":17,"key":"Mummified Hand"},{"floor":17,"key":"WingedGreaves"},{"floor":26,"key":"Toxic Egg 2"},{"floor":27,"key":"Kunai"},{"floor":28,"key":"Red Mask"},{"floor":30,"key":"Calipers"},{"floor":30,"key":"Shuriken"},{"floor":42,"key":"Ginger"},{"floor":43,"key":"Blood Vial"},{"floor":45,"key":"Mango"},{"floor":48,"key":"Smiling Mask"}],"event_choices":[{"damage_healed":0,"gold_gain":0,"player_choice":"Lose Max HP","damage_taken":0,"relics_obtained":["Golden Idol"],"max_hp_gain":0,"max_hp_loss":6,"event_name":"Golden Idol","floor":4,"gold_loss":0},{"cards_removed":["Strike_B"],"damage_healed":0,"gold_gain":0,"player_choice":"Card Removal","damage_taken":0,"max_hp_gain":0,"max_hp_loss":0,"event_name":"The Cleric","floor":8,"gold_loss":50},{"damage_healed":0,"gold_gain":0,"player_choice":"Grow","damage_taken":0,"max_hp_gain":0,"max_hp_loss":0,"event_name":"Living Wall","floor":10,"gold_loss":0,"cards_upgraded":["Zap"]},{"damage_healed":0,"gold_gain":0,"player_choice":"Gave Potion","damage_taken":0,"relics_obtained":["Ornamental Fan"],"max_hp_gain":0,"max_hp_loss":0,"event_name":"WeMeetAgain","floor":12,"gold_loss":0},{"damage_healed":0,"gold_gain":0,"player_choice":"Opened","damage_taken":0,"relics_obtained":["Question Card"],"max_hp_gain":0,"max_hp_loss":0,"event_name":"The Mausoleum","floor":22,"gold_loss":0,"cards_obtained":["Writhe"]},{"damage_healed":0,"gold_gain":0,"player_choice":"Fought Bandits","damage_taken":0,"max_hp_gain":0,"max_hp_loss":0,"event_name":"Masked Bandits","floor":28,"gold_loss":0},{"damage_healed":0,"gold_gain":0,"player_choice":"Simplicity","damage_taken":0,"max_hp_gain":0,"max_hp_loss":0,"event_name":"Back to Basics","floor":29,"gold_loss":0,"cards_upgraded":["Strike_B","Strike_B","Defend_B","Defend_B","Defend_B","Defend_B"]},{"damage_healed":0,"gold_gain":0,"player_choice":"Fight","damage_taken":0,"max_hp_gain":0,"max_hp_loss":0,"event_name":"Colosseum","floor":30,"gold_loss":0},{"damage_healed":0,"gold_gain":0,"player_choice":"Fought Nobs","damage_taken":0,"max_hp_gain":0,"max_hp_loss":0,"event_name":"Colosseum","floor":30,"gold_loss":0},{"damage_healed":0,"gold_gain":333,"player_choice":"Gave Idol","damage_taken":0,"max_hp_gain":0,"max_hp_loss":0,"event_name":"The Moai Head","floor":37,"relics_lost":["Golden Idol"],"gold_loss":0},{"cards_removed":["Writhe"],"damage_healed":0,"gold_gain":0,"player_choice":"Removed Curses","damage_taken":0,"max_hp_gain":0,"max_hp_loss":0,"event_name":"Fountain of Cleansing","floor":39,"gold_loss":0},{"damage_healed":0,"gold_gain":0,"player_choice":"Fight","damage_taken":0,"max_hp_gain":0,"max_hp_loss":0,"event_name":"Mysterious Sphere","floor":42,"gold_loss":0},{"damage_healed":21,"gold_gain":0,"player_choice":"Writhe","damage_taken":0,"max_hp_gain":0,"max_hp_loss":0,"event_name":"Winding Halls","floor":47,"gold_loss":0,"cards_obtained":["Writhe"]}],"is_beta":false,"boss_relics":[{"not_picked":["Velvet Choker","Runic Pyramid"],"picked":"Calling Bell"},{"not_picked":["Busted Crown","Sozu"],"picked":"Eternal Feather"}],"items_purged_floors":[14,38],"is_endless":false,"potions_floor_spawned":[1,7,11,13,18,27,30,33,35,41,42,45],"ascension_level":9}