{"gold_per_floor":[118,118,138,138,62,91,106,122,148,158,83,83,99,49,49,49],"floor_reached":16,"playtime":1293,"items_purged":["Defend_G","Normality"],"score":102,"play_id":"1936db2c-7655-416f-bb3a-053bfac5df17","local_time":"20190406214245","is_ascension_mode":false,"campfire_choices":[{"data":"Night Terror","floor":12,"key":"SMITH"},{"data":"Bouncing Flask","floor":15,"key":"SMITH"}],"neow_cost":"CURSE","seed_source_timestamp":6611537931067606,"circlet_count":0,"master_deck":["Defend_G","Defend_G","Defend_G","Defend_G","Strike_G","Strike_G","Strike_G","Survivor","Neutralize+1","Quick Slash","Skewer","Distraction","Regret","Noxious Fumes","Masterful Stab+1","Bouncing Flask+1","Heel Hook","Bouncing Flask","Night Terror+1","Flying Knee","Backstab"],"relics":["Ring of the Snake","Bag of Preparation","Whetstone","Smiling Mask"],"potions_floor_usage":[6,10,16,16,16],"damage_taken":[{"damage":0,"enemies":"2 Louse","floor":1,"turns":2},{"damage":9,"enemies":"Small Slimes","floor":3,"turns":6},{"damage":15,"enemies":"Gremlin Nob","floor":6,"turns":5},{"damage":3,"enemies":"Cultist","floor":7,"turns":2},{"damage":5,"enemies":"3 Louse","floor":8,"turns":2},{"damage":8,"enemies":"Blue Slaver","floor":10,"turns":3},{"damage":5,"enemies":"Looter","floor":13,"turns":3},{"damage":30,"enemies":"The Guardian","floor":16,"turns":7}],"seed_played":"-2634189047321959903","potions_obtained":[{"floor":1,"key":"EssenceOfSteel"},{"floor":4,"key":"PowerPotion"},{"floor":4,"key":"SpeedPotion"},{"floor":7,"key":"Weak Potion"},{"floor":10,"key":"Dexterity Potion"}],"is_trial":false,"path_per_floor":["M","?","M","?","$","E","M","M","T","M","$","R","M","$","R","B"],"character_chosen":"THE_SILENT","items_purchased":["Masterful Stab","Flying Knee"],"campfire_rested":0,"item_purchase_floors":[5,11],"current_hp_per_floor":[70,70,61,61,61,46,43,38,38,30,30,30,25,25,25,0],"gold":49,"neow_bonus":"TRANSFORM_TWO_CARDS","is_prod":false,"is_daily":false,"chose_seed":false,"campfire_upgraded":2,"win_rate":0,"timestamp":1554601365,"path_taken":["M","?","M","?","$","E","M","M","T","M","$","R","M","$","R","BOSS"],"build_version":"2019-01-23","purchased_purges":2,"victory":false,"max_hp_per_floor":[70,70,70,70,70,70,70,70,70,70,70,70,70,70,70,70],"card_choices":[{"not_picked":["Dagger Spray","Quick Slash"],"picked":"Distraction","floor":1},{"not_picked":["Dash","Blade Dance"],"picked":"Noxious Fumes","floor":3},{"not_picked":["Sucker Punch","Blur"],"picked":"Bouncing Flask","floor":6},{"not_picked":["Dagger Spray","Eviscerate"],"picked":"Heel Hook","floor":7},{"not_picked":["Underhanded Strike","Finisher"],"picked":"Bouncing Flask","floor":8},{"not_picked":["Quick Slash","Blade Dance"],"picked":"Night Terror","floor":10},{"not_picked":["Blur","Skewer"],"picked":"Backstab","floor":13}],"player_experience":180293,"relics_obtained":[{"floor":6,"key":"Whetstone"},{"floor":9,"key":"Smiling Mask"}],"event_choices":[{"damage_healed":0,"gold_gain":0,"player_choice":"Box","damage_taken":0,"relics_obtained":["Bag of Preparation"],"max_hp_gain":0,"max_hp_loss":0,"event_name":"Big Fish","floor":2,"gold_loss":0,"cards_obtained":["Regret"]},{"damage_healed":0,"gold_gain":0,"player_choice":"Got Potions","damage_taken":0,"max_hp_gain":0,"max_hp_loss":0,"event_name":"Lab","floor":4,"gold_loss":0}],"is_beta":false,"boss_relics":[],"items_purged_floors":[11,14],"is_endless":false,"potions_floor_spawned":[1,7,10],"killed_by":"The Guardian","ascension_level":0}