{"path_per_floor":["M","$","M","?","?","E","R","M","T","E","?","R","$","E","R","B",null,"M","?","?","?","M","R","E","R","T","E","?","M","E","M","R","B",null,"M","?","?","?","?","E","M","E","T","E","?","R","E","M","R","B"],"character_chosen":"THE_SILENT","items_purchased":["Noxious Fumes","Apotheosis"],"gold_per_floor":[109,33,52,52,52,84,84,95,95,130,230,230,29,63,63,165,165,165,165,165,115,115,115,115,115,115,115,115,115,115,115,115,115,115,115,0,0,0,0,0,0,0,0,0,0,0,0,0,0,0],"floor_reached":51,"campfire_rested":2,"playtime":3207,"current_hp_per_floor":[61,61,54,59,44,24,46,45,45,28,28,50,50,41,41,38,66,66,66,66,66,66,66,76,76,76,76,76,76,76,76,76,65,80,80,80,77,77,77,77,77,77,77,85,74,74,48,68,68,63],"items_purged":[],"gold":0,"score":1291,"play_id":"e667407f-610e-4304-a0a5-b38abaef0ab6","local_time":"20180320084622","is_prod":false,"is_daily":false,"is_ascension_mode":true,"campfire_upgraded":6,"timestamp":1521560782,"path_taken":["M","$","M","?","?","E","R","M","T","E","?","R","?","E","R","BOSS","M","?","?","?","M","R","E","R","T","E","?","M","E","M","R","BOSS","M","?","?","?","?","E","M","E","T","E","?","R","E","M","R","BOSS"],"build_version":"2018-03-19","purchased_purges":0,"victory":true,"master_deck":["Defend_G","Defend_G","Defend_G","Defend_G","Defend_G","Strike_G","Survivor","Neutralize+1","Endless Agony","Noxious Fumes+1","Cloak And Dagger","Quick Slash","Escape Plan","Escape Plan","Apotheosis+1","Dash+1","After Image+1","Footwork+1","Backstab+1","Backflip+1","Cloak And Dagger","Well Laid Plans","Flying Knee","Caltrops","Caltrops","A Thousand Cuts+1","Sucker Punch+1","Sucker Punch+1","Outmaneuver","Footwork+1","Deflect+1","Deflect","Caltrops+1","Madness","Madness","Adrenaline","Deflect+1"],"max_hp_per_floor":[70,70,70,75,75,75,75,75,75,75,75,75,75,75,75,75,75,75,75,75,75,75,75,85,85,85,85,85,85,85,85,85,85,85,85,85,85,85,85,85,85,85,85,85,85,85,85,85,85,85],"relics":["Lizard Tail","Gambling Chip","Vajra","Juzu Bracelet","Bag of Preparation","Ectoplasm","Pear","Oddly Smooth Stone","Ninja Scroll","Lantern","Black Star","Red Mask","Old Coin","Happy Flower","Prayer Wheel","Blood Vial","Anchor","Bird Faced Urn","Art of War","Whetstone","Smiling Mask","Bottled Tornado"],"card_choices":[{"not_picked":["Poisoned Stab","Prepared"],"picked":"Endless Agony","floor":1},{"not_picked":["Backflip","Backstab"],"picked":"Cloak And Dagger","floor":3},{"not_picked":["Dagger Spray","Acrobatics"],"picked":"Quick Slash","floor":6},{"not_picked":["Acrobatics","PiercingWail"],"picked":"Escape Plan","floor":8},{"not_picked":["Die Die Die","Endless Agony"],"picked":"Escape Plan","floor":10},{"not_picked":["Acrobatics","Dagger Spray"],"picked":"Dash","floor":14},{"not_picked":["Wraith Form","Burst"],"picked":"After Image","floor":16},{"not_picked":["PiercingWail","Escape Plan"],"picked":"Footwork","floor":18},{"not_picked":["Bane","Endless Agony"],"picked":"Backflip","floor":22},{"not_picked":["Concentrate","Riddle With Holes"],"picked":"Cloak And Dagger","floor":24},{"not_picked":["Expertise","Caltrops"],"picked":"Well Laid Plans","floor":27},{"not_picked":["Choke","Flechettes"],"picked":"Flying Knee","floor":29},{"not_picked":["PiercingWail","Prepared"],"picked":"Caltrops","floor":30},{"not_picked":["Sucker Punch","Flying Knee"],"picked":"Caltrops","floor":31},{"not_picked":["Grand Finale","Tools of the Trade"],"picked":"A Thousand Cuts","floor":33},{"not_picked":["Setup","Masterful Stab"],"picked":"Sucker Punch","floor":35},{"not_picked":["Acrobatics","Poisoned Stab"],"picked":"Sucker Punch","floor":37},{"not_picked":["Quick Slash","Bane"],"picked":"Outmaneuver","floor":40},{"not_picked":["Expertise","Reflex"],"picked":"Footwork","floor":41},{"not_picked":["Eviscerate","Dagger Throw"],"picked":"Deflect","floor":42},{"not_picked":["Bane","Quick Slash"],"picked":"Deflect","floor":43},{"not_picked":["Flying Knee","Slice"],"picked":"Caltrops","floor":44},{"not_picked":["Cloak And Dagger","Venomology"],"picked":"Adrenaline","floor":47},{"not_picked":["Bane","PiercingWail"],"picked":"Deflect","floor":48}],"player_experience":182196,"potions_floor_usage":[6,18,27,27,35,40,47,50,50],"damage_taken":[{"damage":2,"enemies":"Cultist","floor":1,"turns":5},{"damage":7,"enemies":"2 Louse","floor":3,"turns":3},{"damage":20,"enemies":"Gremlin Nob","floor":6,"turns":5},{"damage":1,"enemies":"Jaw Worm","floor":8,"turns":4},{"damage":17,"enemies":"Lagavulin","floor":10,"turns":7},{"damage":9,"enemies":"3 Sentries","floor":14,"turns":9},{"damage":3,"enemies":"The Guardian","floor":16,"turns":11},{"damage":0,"enemies":"Spheric Guardian","floor":18,"turns":4},{"damage":0,"enemies":"Shell Parasite","floor":22,"turns":5},{"damage":0,"enemies":"Book of Stabbing","floor":24,"turns":6},{"damage":0,"enemies":"Slavers","floor":27,"turns":6},{"damage":0,"enemies":"Snecko","floor":29,"turns":5},{"damage":0,"enemies":"Book of Stabbing","floor":30,"turns":5},{"damage":0,"enemies":"Chosen and Byrds","floor":31,"turns":5},{"damage":11,"enemies":"Champ","floor":33,"turns":12},{"damage":0,"enemies":"3 Darklings","floor":35,"turns":5},{"damage":3,"enemies":"Mysterious Sphere","floor":37,"turns":6},{"damage":0,"enemies":"Giant Head","floor":40,"turns":9},{"damage":0,"enemies":"Flame Bruiser 1 Orb","floor":41,"turns":5},{"damage":0,"enemies":"Nemesis","floor":42,"turns":7},{"damage":0,"enemies":"Giant Head","floor":44,"turns":9},{"damage":42,"enemies":"2 Orb Walkers","floor":47,"turns":6},{"damage":0,"enemies":"Maw","floor":48,"turns":7},{"damage":40,"enemies":"Time Eater","floor":50,"turns":12}],"event_choices":[{"event_name":"Big Fish","player_choice":"Donut","floor":4,"damage_taken":0},{"event_name":"Shining Light","player_choice":"Entered Light","floor":5,"damage_taken":0},{"event_name":"Golden Shrine","player_choice":"Pray","floor":11,"damage_taken":0},{"event_name":"Transmorgrifier","player_choice":"Transform","floor":19,"damage_taken":0},{"event_name":"Back to Basics","player_choice":"Elegance","floor":20,"damage_taken":0},{"event_name":"The Joust","player_choice":"Bet on Murderer","floor":21,"damage_taken":0},{"event_name":"Bonfire Elementals","player_choice":"BASIC","floor":28,"damage_taken":0},{"event_name":"Tomb of Lord Red Mask","player_choice":"Paid","floor":36,"damage_taken":0},{"event_name":"Mysterious Sphere","player_choice":"Fight","floor":37,"damage_taken":0},{"event_name":"Golden Shrine","player_choice":"Pray","floor":38,"damage_taken":0},{"event_name":"Winding Halls","player_choice":"Embrace Madness","floor":45,"damage_taken":0}],"boss_relics":[{"not_picked":["White Beast Statue","Snecko Eye"],"picked":"Ectoplasm"},{"not_picked":["The Specimen","Astrolabe"],"picked":"Black Star"}],"potions_floor_spawned":[1,6,14,16,18,24,29,33,40,41,47,48],"seed_played":"-8357729196476220669","ascension_level":6,"is_trial":false}