{"gold_per_floor":[118,130,141,158,14,14,39,39,39,39,39,15,27,27,27,130,130,150,50,50,50,50,75,87,87,110,110,110,444,51,151,151,249,249,262,362,378,389,389,389,409,409,409,425,425,425],"floor_reached":46,"playtime":3441,"items_purged":["Strike_G","Strike_G","Strike_G"],"score":633,"play_id":"5c975a0c-35a5-4061-9f55-a7fbab94ca04","local_time":"20181221164422","is_ascension_mode":true,"campfire_choices":[{"data":"Noxious Fumes","floor":6,"key":"SMITH"},{"data":"Catalyst","floor":8,"key":"SMITH"},{"data":"Predator","floor":15,"key":"SMITH"},{"data":"Cloak And Dagger","floor":25,"key":"SMITH"},{"data":"Neutralize","floor":27,"key":"SMITH"},{"data":"Survivor","floor":32,"key":"SMITH"},{"floor":40,"key":"DIG"},{"floor":42,"key":"DIG"},{"floor":45,"key":"DIG"}],"neow_cost":"NONE","seed_source_timestamp":3913196078211,"circlet_count":0,"master_deck":["Defend_G","Defend_G","Defend_G","Defend_G","Strike_G","Strike_G","Survivor+1","Neutralize+1","Noxious Fumes+1","Catalyst+1","Backflip","Prepared","Well Laid Plans","Cloak And Dagger+1","Predator+1","After Image","Deadly Poison","Shame","Flying Knee","Crippling Poison+1","Deadly Poison+1","Leg Sweep","Leg Sweep","Night Terror","Poisoned Stab","Poisoned Stab+1","Deadly Poison+1","Panacea"],"relics":["Ring of the Snake","Sundial","Darkstone Periapt","Ninja Scroll","Turnip","Coffee Dripper","Mummified Hand","Juzu Bracelet","Du-Vu Doll","Potion Belt","Old Coin","Lee\u0027s Waffle","The Specimen","Bottled Lightning","Sozu","Shovel","Molten Egg 2","Bronze Scales","Shuriken","Singing Bowl"],"potions_floor_usage":[3,23,33],"damage_taken":[{"damage":0,"enemies":"Cultist","floor":1,"turns":4},{"damage":0,"enemies":"2 Louse","floor":2,"turns":4},{"damage":0,"enemies":"Small Slimes","floor":3,"turns":5},{"damage":1,"enemies":"Blue Slaver","floor":4,"turns":6},{"damage":14,"enemies":"Lagavulin","floor":7,"turns":9},{"damage":5,"enemies":"Red Slaver","floor":13,"turns":5},{"damage":11,"enemies":"Hexaghost","floor":16,"turns":8},{"damage":0,"enemies":"Shell Parasite","floor":18,"turns":5},{"damage":29,"enemies":"Slavers","floor":23,"turns":5},{"damage":13,"enemies":"3 Byrds","floor":24,"turns":5},{"damage":35,"enemies":"Book of Stabbing","floor":29,"turns":5},{"damage":6,"enemies":"Colosseum Slavers","floor":31,"turns":4},{"damage":38,"enemies":"Colosseum Nobs","floor":31,"turns":5},{"damage":0,"enemies":"Champ","floor":33,"turns":7},{"damage":0,"enemies":"3 Shapes","floor":35,"turns":4},{"damage":19,"enemies":"Mind Bloom Boss Battle","floor":36,"turns":6},{"damage":32,"enemies":"3 Darklings","floor":37,"turns":5},{"damage":3,"enemies":"4 Shapes","floor":38,"turns":3},{"damage":0,"enemies":"Maw","floor":41,"turns":4},{"damage":30,"enemies":"Spire Growth","floor":44,"turns":4},{"damage":38,"enemies":"Writhing Mass","floor":46,"turns":2}],"seed_played":"5376588883315032701","potions_obtained":[{"floor":2,"key":"SkillPotion"},{"floor":3,"key":"Energy Potion"},{"floor":16,"key":"AttackPotion"},{"floor":23,"key":"SteroidPotion"},{"floor":24,"key":"Energy Potion"}],"is_trial":false,"path_per_floor":["M","M","M","M","$","R","E","R","T","?","?","$","M","T","R","B",null,"M","$","?","?","T","E","M","R","T","R","?","E","$","?","R","B",null,"M","?","M","M","?","R","M","R","T","M","R","M"],"character_chosen":"THE_SILENT","items_purchased":["Well Laid Plans","Cloak And Dagger","Lee\u0027s Waffle","Leg Sweep"],"campfire_rested":0,"item_purchase_floors":[5,12,30,30],"current_hp_per_floor":[77,77,77,76,76,76,62,62,62,62,59,59,54,54,54,43,77,77,77,83,83,83,54,41,41,41,41,68,33,90,46,46,46,90,90,71,39,36,36,36,36,36,36,6,6,0],"gold":425,"neow_bonus":"TEN_PERCENT_HP_BONUS","is_prod":false,"is_daily":false,"chose_seed":false,"campfire_upgraded":6,"win_rate":0,"timestamp":1545432262,"path_taken":["M","M","M","?","$","R","E","R","T","?","?","$","M","?","R","BOSS","M","$","?","?","?","E","M","R","T","R","?","E","$","?","R","BOSS","M","?","M","M","?","R","M","R","T","M","R","M"],"build_version":"2018-12-20","purchased_purges":3,"victory":false,"max_hp_per_floor":[77,77,77,77,77,77,77,77,77,77,77,77,77,77,77,77,77,77,77,83,83,83,83,83,83,83,83,83,83,90,90,90,90,90,90,90,90,90,90,90,90,90,90,90,90,90],"card_choices":[{"not_picked":["Dagger Throw","Acrobatics"],"picked":"Noxious Fumes","floor":1},{"not_picked":["Acrobatics","Tactician"],"picked":"Catalyst","floor":2},{"not_picked":["Sucker Punch","PiercingWail"],"picked":"Backflip","floor":3},{"not_picked":["Riddle With Holes","Outmaneuver"],"picked":"Prepared","floor":4},{"not_picked":["Eviscerate","PiercingWail","Unload"],"picked":"SKIP","floor":7},{"not_picked":["Quick Slash","Blade Dance"],"picked":"Predator","floor":13},{"not_picked":["Storm of Steel","Adrenaline"],"picked":"After Image","floor":16},{"not_picked":["Cloak And Dagger+1","Dagger Throw+1"],"picked":"Deadly Poison","floor":18},{"not_picked":["Bane+1","Distraction+1"],"picked":"Flying Knee","floor":23},{"not_picked":["Flechettes+1","Blur"],"picked":"Crippling Poison+1","floor":24},{"not_picked":["Quick Slash","Tactician"],"picked":"Deadly Poison+1","floor":29},{"not_picked":["PiercingWail","Concentrate"],"picked":"Leg Sweep","floor":31},{"not_picked":["Burst","Storm of Steel"],"picked":"Night Terror","floor":33},{"not_picked":["Deflect+1","Dagger Spray+1"],"picked":"Poisoned Stab","floor":35},{"not_picked":["Terror","Dagger Throw+1"],"picked":"Poisoned Stab+1","floor":37},{"not_picked":["Dodge and Roll+1","Quick Slash+1"],"picked":"Deadly Poison+1","floor":38},{"not_picked":["Mind Blast","Transmutation"],"picked":"Panacea","floor":39},{"not_picked":["Prepared+1","Bane+1","Blade Dance+1"],"picked":"SKIP","floor":41},{"not_picked":["Slice+1","Noxious Fumes+1","Masterful Stab+1"],"picked":"SKIP","floor":44}],"player_experience":364097,"relics_obtained":[{"floor":7,"key":"Sundial"},{"floor":9,"key":"Darkstone Periapt"},{"floor":14,"key":"Turnip"},{"floor":22,"key":"Juzu Bracelet"},{"floor":23,"key":"Du-Vu Doll"},{"floor":26,"key":"Potion Belt"},{"floor":29,"key":"Old Coin"},{"floor":31,"key":"The Specimen"},{"floor":31,"key":"Bottled Lightning"},{"floor":36,"key":"Shovel"},{"floor":40,"key":"Molten Egg 2"},{"floor":42,"key":"Bronze Scales"},{"floor":43,"key":"Shuriken"},{"floor":45,"key":"Singing Bowl"}],"event_choices":[{"cards_removed":["Defend_G"],"damage_healed":0,"gold_gain":0,"player_choice":"Forget","damage_taken":0,"max_hp_gain":0,"max_hp_loss":0,"event_name":"Living Wall","floor":10,"gold_loss":0},{"damage_healed":0,"gold_gain":0,"player_choice":"Success","damage_taken":3,"relics_obtained":["Ninja Scroll"],"max_hp_gain":0,"max_hp_loss":0,"event_name":"Scrap Ooze","floor":11,"gold_loss":0},{"damage_healed":0,"gold_gain":0,"player_choice":"Stole Relic","damage_taken":0,"relics_obtained":["Mummified Hand"],"max_hp_gain":0,"max_hp_loss":0,"event_name":"Addict","floor":20,"gold_loss":0,"cards_obtained":["Shame"]},{"damage_healed":0,"gold_gain":0,"player_choice":"Ignored","damage_taken":0,"max_hp_gain":0,"max_hp_loss":0,"event_name":"Beggar","floor":21,"gold_loss":0},{"damage_healed":27,"gold_gain":0,"player_choice":"Heal","damage_taken":0,"max_hp_gain":0,"max_hp_loss":0,"event_name":"The Library","floor":28,"gold_loss":0},{"damage_healed":0,"gold_gain":0,"player_choice":"Fight","damage_taken":0,"max_hp_gain":0,"max_hp_loss":0,"event_name":"Colosseum","floor":31,"gold_loss":0},{"damage_healed":0,"gold_gain":0,"player_choice":"Fought Nobs","damage_taken":0,"max_hp_gain":0,"max_hp_loss":0,"event_name":"Colosseum","floor":31,"gold_loss":0},{"damage_healed":0,"gold_gain":0,"player_choice":"Fight","damage_taken":0,"max_hp_gain":0,"max_hp_loss":0,"event_name":"MindBloom","floor":36,"gold_loss":0},{"damage_healed":0,"gold_gain":0,"player_choice":"Memory 1","damage_taken":0,"max_hp_gain":0,"max_hp_loss":0,"event_name":"SensoryStone","floor":39,"gold_loss":0}],"is_beta":false,"boss_relics":[{"not_picked":["White Beast Statue","Busted Crown"],"picked":"Coffee Dripper"},{"not_picked":["HoveringKite","WristBlade"],"picked":"Sozu"}],"items_purged_floors":[5,19,30],"is_endless":false,"potions_floor_spawned":[2,3,16,23,24,31,36,41,44],"killed_by":"Writhing Mass","ascension_level":3}