{"gold_per_floor":[209,209,229,243,10,10,41,41,41,85,144,156,178,204,216,328,340,365,364,376,4,18,44,61,61,61,61,78,98,116,116,116,217,217,237,237,247,29,41,68,68,168,249,0,0,0,0,13,13,13],"floor_reached":51,"playtime":7938,"items_purged":["Strike_G"],"score":732,"play_id":"e65b92ca-e78d-484e-b6d3-c1698d086f07","local_time":"20190309231444","is_ascension_mode":false,"campfire_choices":[{"data":"Apotheosis","floor":6,"key":"SMITH"},{"data":"Acrobatics","floor":8,"key":"SMITH"},{"floor":15,"key":"REST"},{"floor":25,"key":"REST"},{"floor":27,"key":"REST"},{"floor":32,"key":"REST"},{"floor":41,"key":"REST"},{"floor":49,"key":"REST"}],"neow_cost":"NONE","seed_source_timestamp":9885163465592,"circlet_count":0,"master_deck":["Defend_G","Defend_G","Defend_G","Defend_G","Defend_G","Strike_G","Strike_G","Strike_G","Survivor","Neutralize","Eviscerate","Underhanded Strike+1","Apotheosis+1","Prepared","Acrobatics+1","Dagger Spray","Slice","Storm of Steel","Bullet Time","Outmaneuver","Finisher","Accuracy","Blade Dance","Bullet Time","All Out Attack+1","Dagger Throw","Choke","Terror+1","Blade Dance+1","RitualDagger","Phantasmal Killer","Dagger Spray+1","Calculated Gamble","Backstab","Reflex","Heel Hook","Escape Plan","Master of Strategy","Prepared+1"],"relics":["Ring of the Snake","Matryoshka","Paper Crane","Mummified Hand","MawBank","Strawberry","Omamori","Orichalcum","Torii","Runic Pyramid","Shuriken","Bag of Preparation","Bottled Lightning","Fusion Hammer","Bronze Scales","Du-Vu Doll","Kunai","Red Mask","Whetstone"],"potions_floor_usage":[16,22,28,33,33,50,50],"damage_taken":[{"damage":0,"enemies":"Jaw Worm","floor":1,"turns":5},{"damage":0,"enemies":"Cultist","floor":3,"turns":4},{"damage":0,"enemies":"Small Slimes","floor":4,"turns":6},{"damage":4,"enemies":"3 Sentries","floor":7,"turns":10},{"damage":5,"enemies":"Gremlin Nob","floor":10,"turns":4},{"damage":2,"enemies":"Exordium Wildlife","floor":13,"turns":6},{"damage":1,"enemies":"2 Fungi Beasts","floor":14,"turns":3},{"damage":21,"enemies":"The Guardian","floor":16,"turns":13},{"damage":8,"enemies":"Chosen","floor":18,"turns":5},{"damage":1,"enemies":"2 Thieves","floor":19,"turns":4},{"damage":11,"enemies":"Snecko","floor":22,"turns":4},{"damage":13,"enemies":"Slavers","floor":23,"turns":4},{"damage":0,"enemies":"Centurion and Healer","floor":24,"turns":5},{"damage":2,"enemies":"Snake Plant","floor":28,"turns":3},{"damage":0,"enemies":"Sentry and Sphere","floor":29,"turns":2},{"damage":1,"enemies":"Cultist and Chosen","floor":30,"turns":3},{"damage":59,"enemies":"Automaton","floor":33,"turns":8},{"damage":0,"enemies":"3 Darklings","floor":35,"turns":2},{"damage":0,"enemies":"3 Shapes","floor":37,"turns":1},{"damage":0,"enemies":"Transient","floor":39,"turns":5},{"damage":8,"enemies":"Giant Head","floor":40,"turns":6},{"damage":3,"enemies":"Mind Bloom Boss Battle","floor":42,"turns":4},{"damage":12,"enemies":"4 Shapes","floor":48,"turns":3},{"damage":42,"enemies":"Donu and Deca","floor":50,"turns":9}],"seed_played":"5242352227078685704","potions_obtained":[{"floor":3,"key":"FearPotion"},{"floor":7,"key":"SkillPotion"},{"floor":16,"key":"AttackPotion"},{"floor":23,"key":"Dexterity Potion"},{"floor":29,"key":"Block Potion"},{"floor":33,"key":"Dexterity Potion"},{"floor":39,"key":"SmokeBomb"},{"floor":48,"key":"Ancient Potion"}],"is_trial":false,"path_per_floor":["?","M","T","?","M","?","?","?","M","$","?","?","?","T","M"],"character_chosen":"THE_SILENT","items_purchased":["Apotheosis","Prepared","Shuriken","Accuracy","Blade Dance","Backstab","Reflex"],"campfire_rested":6,"item_purchase_floors":[5,5,21,21,21,38,38],"current_hp_per_floor":[70,70,70,70,70,70,66,66,66,68,68,65,63,62,77,56,77,69,68,68,68,57,44,44,67,67,77,75,75,74,68,77,18,77,77,77,77,77,77,69,77,74,74,74,64,64,64,52,75,33],"gold":13,"neow_bonus":"HUNDRED_GOLD","is_prod":false,"is_daily":false,"chose_seed":false,"campfire_upgraded":2,"win_rate":0.0,"timestamp":1552169684,"path_taken":["M","?","?","M","$","R","E","R","T","E","?","?","?","M","R","BOSS","M","M","?","$","M","E","M","R","T","R","M","M","M","?","R","BOSS","M","?","?","?","M","E","R","?","T","?","?","$","?","?","R","BOSS"],"build_version":"2019-01-23","purchased_purges":1,"victory":true,"max_hp_per_floor":[70,70,70,70,70,70,70,70,70,77,77,77,77,77,77,77,77,77,77,77,77,77,77,77,77,77,77,77,77,77,77,77,77,77,77,77,77,77,77,77,77,77,77,77,77,77,77,77,77,77],"card_choices":[{"not_picked":["PiercingWail","Dodge and Roll"],"picked":"Dagger Spray","floor":1},{"not_picked":["PiercingWail","Acrobatics"],"picked":"Eviscerate","floor":3},{"not_picked":["PiercingWail","Outmaneuver"],"picked":"Underhanded Strike","floor":4},{"not_picked":["Masterful Stab","Blade Dance"],"picked":"Acrobatics","floor":7},{"not_picked":["Bane","Deflect"],"picked":"Dagger Spray","floor":10},{"not_picked":["Crippling Poison","Bane"],"picked":"Slice","floor":13},{"not_picked":["Deflect","Masterful Stab"],"picked":"Storm of Steel","floor":14},{"not_picked":["Burst","A Thousand Cuts"],"picked":"Bullet Time","floor":16},{"not_picked":["Bane","Deadly Poison"],"picked":"Outmaneuver","floor":18},{"not_picked":["Deflect","Acrobatics+1"],"picked":"Finisher","floor":19},{"not_picked":["Caltrops","Underhanded Strike"],"picked":"Bullet Time","floor":22},{"not_picked":["Outmaneuver+1","Distraction"],"picked":"All Out Attack","floor":23},{"not_picked":["Dagger Spray+1","Deflect"],"picked":"Dagger Throw","floor":24},{"not_picked":["Poisoned Stab","Quick Slash"],"picked":"Choke","floor":28},{"not_picked":["Slice+1","Skewer+1"],"picked":"Terror+1","floor":29},{"not_picked":["Underhanded Strike","Choke"],"picked":"Blade Dance+1","floor":30},{"not_picked":["Tools of the Trade","Burst"],"picked":"Phantasmal Killer","floor":33},{"not_picked":["Outmaneuver+1","Bane+1"],"picked":"Dagger Spray+1","floor":35},{"not_picked":["Deflect","Acrobatics+1"],"picked":"Calculated Gamble","floor":37},{"not_picked":["Slice+1","After Image"],"picked":"Heel Hook","floor":39},{"not_picked":["Dagger Spray","Cloak And Dagger+1","Underhanded Strike"],"picked":"SKIP","floor":40},{"not_picked":["Poisoned Stab","Deadly Poison+1"],"picked":"Escape Plan","floor":42},{"not_picked":["Trip","Dramatic Entrance"],"picked":"Master of Strategy","floor":45},{"not_picked":["Dash","Bane"],"picked":"Prepared+1","floor":48}],"player_experience":45103,"relics_obtained":[{"floor":7,"key":"Paper Crane"},{"floor":9,"key":"Mummified Hand"},{"floor":9,"key":"MawBank"},{"floor":10,"key":"Strawberry"},{"floor":11,"key":"Omamori"},{"floor":11,"key":"Orichalcum"},{"floor":23,"key":"Bag of Preparation"},{"floor":26,"key":"Bottled Lightning"},{"floor":40,"key":"Bronze Scales"},{"floor":42,"key":"Du-Vu Doll"},{"floor":43,"key":"Kunai"},{"floor":47,"key":"Whetstone"}],"event_choices":[{"cards_removed":["Dagger Spray"],"damage_healed":0,"gold_gain":0,"player_choice":"Gave Card","damage_taken":0,"relics_obtained":["Matryoshka"],"max_hp_gain":0,"max_hp_loss":0,"event_name":"WeMeetAgain","floor":2,"gold_loss":0},{"damage_healed":0,"gold_gain":0,"player_choice":"Success","damage_taken":3,"relics_obtained":["Torii"],"max_hp_gain":0,"max_hp_loss":0,"event_name":"Scrap Ooze","floor":12,"gold_loss":0},{"cards_removed":["Strike_G"],"damage_healed":0,"gold_gain":0,"player_choice":"Elegance","damage_taken":0,"max_hp_gain":0,"max_hp_loss":0,"event_name":"Back to Basics","floor":20,"gold_loss":0},{"damage_healed":0,"gold_gain":0,"player_choice":"Joined the Cult","damage_taken":6,"max_hp_gain":0,"max_hp_loss":0,"event_name":"Nest","floor":31,"gold_loss":0,"cards_obtained":["RitualDagger"]},{"damage_healed":0,"gold_gain":0,"player_choice":"Ignored","damage_taken":0,"max_hp_gain":0,"max_hp_loss":0,"event_name":"NoteForYourself","floor":36,"gold_loss":0},{"damage_healed":0,"gold_gain":0,"player_choice":"Fight","damage_taken":0,"max_hp_gain":0,"max_hp_loss":0,"event_name":"MindBloom","floor":42,"gold_loss":0},{"damage_healed":0,"gold_gain":0,"player_choice":"Paid","damage_taken":0,"relics_obtained":["Red Mask"],"max_hp_gain":0,"max_hp_loss":0,"event_name":"Tomb of Lord Red Mask","floor":44,"gold_loss":249},{"damage_healed":0,"gold_gain":0,"player_choice":"Memory 3","damage_taken":10,"max_hp_gain":0,"max_hp_loss":0,"event_name":"SensoryStone","floor":45,"gold_loss":0}],"is_beta":false,"boss_relics":[{"not_picked":["Astrolabe","Tiny House"],"picked":"Runic Pyramid"},{"not_picked":["Empty Cage","Velvet Choker"],"picked":"Fusion Hammer"}],"items_purged_floors":[38],"is_endless":false,"potions_floor_spawned":[3,7,16,23,29,33,39,48],"ascension_level":0}