{"gold_per_floor":[111,15,42,42,57,122,122,157,182,198,198],"floor_reached":11,"playtime":310,"items_purged":[],"score":207,"play_id":"1df83bb5-3fa0-4e65-af91-663ec178f341","local_time":"20190330075525","is_ascension_mode":true,"campfire_choices":[{"data":"Discovery","floor":7.0,"key":"SMITH"}],"neow_cost":"NONE","seed_source_timestamp":816436440977176,"circlet_count":0,"master_deck":["AscendersBane","Strike_B","Strike_B","Strike_B","Strike_B","Defend_B+1","Defend_B","Defend_B","Defend_B","Zap","Dualcast","Panic Button","Discovery+1","Leap","Coolheaded","Reboot","Leap"],"special_seed":0,"relics":["Cracked Core","NeowsBlessing","Anchor","Tiny Chest","Ornamental Fan","Blue Doll"],"potions_floor_usage":[8],"damage_taken":[{"damage":0.0,"enemies":"Cultist","floor":1.0,"turns":1.0},{"damage":0.0,"enemies":"Small Slimes","floor":5.0,"turns":1.0},{"damage":0.0,"enemies":"Lagavulin","floor":6.0,"turns":1.0},{"damage":44,"enemies":"Gremlin Nob","floor":8,"turns":5},{"damage":2,"enemies":"Jaw Worm","floor":10,"turns":4},{"damage":13,"enemies":"3 Sentries","floor":11,"turns":8}],"seed_played":"-7378345596631777700","potions_obtained":[{"floor":5.0,"key":"SpeedPotion"},{"floor":6.0,"key":"FearPotion"},{"floor":10,"key":"SteroidPotion"}],"is_trial":false,"path_per_floor":["M","$","T","?","M","E","R","E","T","M","E"],"character_chosen":"DEFECT","items_purchased":["Discovery"],"campfire_rested":0,"item_purchase_floors":[2],"current_hp_per_floor":[64,64,64,64,64,64,64,20,20,18,5],"gold":198,"neow_bonus":"THREE_ENEMY_KILL","is_prod":false,"is_daily":false,"chose_seed":false,"campfire_upgraded":1,"win_rate":0,"timestamp":1553950525,"path_taken":["M","$","?","?","?","E","R","E","T","M","E"],"build_version":"2019-01-23","purchased_purges":0,"victory":false,"max_hp_per_floor":[71,71,71,71,71,71,71,71,71,71,71],"card_choices":[{"not_picked":["Sunder","Turbo"],"picked":"Panic Button","floor":1.0},{"not_picked":["Ball Lightning","Steam"],"picked":"Leap","floor":5.0},{"not_picked":["Compile Driver","ReplayGash"],"picked":"Coolheaded","floor":6.0},{"not_picked":["Fusion","Force Field"],"picked":"Reboot","floor":8},{"not_picked":["Coolheaded","Recycle"],"picked":"Leap","floor":10}],"player_experience":871363,"relics_obtained":[{"floor":3.0,"key":"Anchor"},{"floor":6.0,"key":"Tiny Chest"},{"floor":8,"key":"Ornamental Fan"},{"floor":9,"key":"Blue Doll"}],"event_choices":[],"is_beta":false,"boss_relics":[],"items_purged_floors":[],"is_endless":false,"potions_floor_spawned":[5,6,10],"killed_by":"3 Sentries","ascension_level":19}