{"path_per_floor":["M","?","$","M","T","R","E","$","T","R","?","R","E","M","R","B",null,"M","?","?","M","M","R","E","M","T","M","R","M","?","$","R","B",null,"M"],"character_chosen":"THE_SILENT","items_purchased":["Mercury Hourglass","Footwork","Bottled Tornado","Singing Bowl"],"gold_per_floor":[116,291,37,52,52,52,78,78,130,130,159,159,187,206,206,310,310,329,329,329,349,362,362,697,717,717,731,731,743,743,196,196,299,299,313],"floor_reached":36,"campfire_rested":5,"playtime":1967,"current_hp_per_floor":[67,67,67,66,66,70,45,45,45,66,62,62,53,53,70,41,70,60,47,72,67,53,75,35,38,38,37,59,60,60,60,60,49,75,58],"items_purged":["Doubt"],"gold":313,"score":365,"play_id":"94c83d40-dc6c-46cf-b3ee-2e4c822a8d2b","is_prod":false,"is_daily":false,"is_ascension_mode":false,"campfire_upgraded":2,"path_taken":["M","?","$","M","?","R","E","$","T","R","?","R","E","M","R","BOSS","M","?","?","M","?","R","E","M","T","M","R","M","?","$","R","BOSS","M","?"],"build_version":"2018-02-08-PROD1","purchased_purges":1,"victory":false,"master_deck":["Defend_G+1","Defend_G+1","Defend_G","Defend_G","Defend_G","Strike_G","Strike_G","Strike_G","Strike_G","Strike_G","Survivor","Neutralize","Backflip","Heel Hook","Poisoned Stab+1","Crippling Poison+1","Underhanded Strike+1","After Image","Deadly Poison","Backflip","Acrobatics","Backflip","Eviscerate+1","Prepared+1","Heel Hook+1","Prepared","Calculated Gamble+1","Escape Plan","Poisoned Stab+1","Footwork","Tools of the Trade","Eviscerate+1"],"max_hp_per_floor":[70,70,70,70,70,70,70,70,70,70,70,70,70,70,70,70,70,70,75,75,75,75,75,75,75,75,75,75,75,75,75,75,75,75,75],"relics":["Ring of the Snake","Mercury Hourglass","Happy Flower","Molten Egg 2","War Paint","Odd Mushroom","Centennial Puzzle","Orrery","Old Coin","Tingsha","Bottled Tornado","Singing Bowl","Black Star"],"card_choices":[{"not_picked":["Riddle With Holes","Bane"],"picked":"Backflip"},{"not_picked":["All Out Attack","Escape Plan"],"picked":"Heel Hook"},{"not_picked":["Flechettes","Sucker Punch"],"picked":"Poisoned Stab"},{"not_picked":["Backflip","Malaise"],"picked":"Crippling Poison"},{"not_picked":["Prepared","Backflip"],"picked":"Underhanded Strike"},{"not_picked":["Night Terror","Burst"],"picked":"After Image"},{"not_picked":["Well Laid Plans","Reflex"],"picked":"Deadly Poison"},{"not_picked":["Bane","Prepared"],"picked":"Backflip"},{"not_picked":["Flying Knee","Backflip"],"picked":"Acrobatics"},{"not_picked":["Flying Knee","Deflect"],"picked":"Backflip"},{"not_picked":["Bane","Expertise"],"picked":"Eviscerate"},{"not_picked":["Tools of the Trade","Escape Plan"],"picked":"Prepared"},{"not_picked":["Finisher","Flechettes"],"picked":"Heel Hook"},{"not_picked":["Backflip","Terror"],"picked":"Prepared"},{"not_picked":["All Out Attack","Corpse Explosion"],"picked":"Calculated Gamble"},{"not_picked":["Flying Knee","All Out Attack"],"picked":"Escape Plan"},{"not_picked":["All Out Attack","Acrobatics"],"picked":"Poisoned Stab"},{"not_picked":["Corpse Explosion","Venomology"],"picked":"Tools of the Trade"},{"not_picked":["All Out Attack","Deflect"],"picked":"Eviscerate"}],"player_experience":73210,"potions_floor_usage":[7,13,16,16,24,25,29,33,35],"damage_taken":[{"damage":3,"enemies":"Blue Slaver","floor":1,"turns":5},{"damage":1,"enemies":"Jaw Worm","floor":4,"turns":4},{"damage":25,"enemies":"Lagavulin","floor":7,"turns":8},{"damage":4,"enemies":"The Mushroom Lair","floor":11,"turns":5},{"damage":9,"enemies":"3 Sentries","floor":13,"turns":7},{"damage":0,"enemies":"Cultist","floor":14,"turns":3},{"damage":29,"enemies":"Hexaghost","floor":16,"turns":9},{"damage":10,"enemies":"3 Byrds","floor":18,"turns":5},{"damage":5,"enemies":"2 Thieves","floor":21,"turns":4},{"damage":14,"enemies":"Snake Plant","floor":22,"turns":4},{"damage":54,"enemies":"Slavers","floor":24,"turns":8},{"damage":12,"enemies":"Centurion and Healer","floor":25,"turns":8},{"damage":1,"enemies":"Cultist and Chosen","floor":27,"turns":5},{"damage":2,"enemies":"Snake Plant","floor":29,"turns":2},{"damage":11,"enemies":"Champ","floor":33,"turns":11},{"damage":17,"enemies":"3 Darklings","floor":35,"turns":5},{"damage":60,"enemies":"Mysterious Sphere","floor":36,"turns":6}],"event_choices":[{"event_name":"Liars Game","player_choice":"agreed","floor":2,"damage_taken":0},{"event_name":"Mushrooms","player_choice":"Fought Mushrooms","floor":11,"damage_taken":0},{"event_name":"Forgotten Altar","player_choice":"Shed Blood","floor":19,"damage_taken":0},{"event_name":"The Library","player_choice":"Heal","floor":20,"damage_taken":0},{"event_name":"Vampires","player_choice":"Ignored","floor":30,"damage_taken":0},{"event_name":"Mysterious Sphere","player_choice":"Fight","floor":36,"damage_taken":0}],"boss_relics":[{"not_picked":["Velvet Choker","Philosopher\u0027s Stone"],"picked":"Orrery"},{"not_picked":["Runic Pyramid","White Beast Statue"],"picked":"Black Star"}],"potions_floor_spawned":[1,11,13,14,22,24,25,27,33],"seed_played":"3486656563246947714","killed_by":"Mysterious Sphere","ascension_level":0,"is_trial":false}