{"gold_per_floor":[16,33,33,46,46,76,88,115,115,148,148,166,493,512,512,610,610,628,628,628,26,45,55,70,70,70,14,14,74,74,92,92,191,191,208,222,7,17,32,32,32,32,79,107,107,207,225,237,237,237],"floor_reached":51,"playtime":2751,"items_purged":["Strike_G","Strike_G"],"score":813,"play_id":"8738c384-7437-4dae-aa63-27171e351dfc","local_time":"20180710201707","is_ascension_mode":true,"campfire_choices":[{"floor":11,"key":"REST"},{"floor":15,"key":"REST"},{"data":"Corpse Explosion","floor":25,"key":"SMITH"},{"floor":30,"key":"REST"},{"floor":32,"key":"REST"},{"data":"Blur","floor":40,"key":"SMITH"},{"data":"Dodge and Roll","floor":42,"key":"SMITH"},{"floor":49,"key":"REST"}],"neow_cost":"NO_GOLD","seed_source_timestamp":759291941031167,"circlet_count":0,"master_deck":["Defend_G","Defend_G","Defend_G","Defend_G","Strike_G","Strike_G","Strike_G","Survivor","Neutralize+1","Noxious Fumes","PiercingWail","Sucker Punch","Endless Agony","Quick Slash","Dash","Corpse Explosion+1","Unload","Deadly Poison","Unload","Cloak And Dagger","A Thousand Cuts+1","Decay","Injury","Injury","Prepared","Caltrops+1","Dodge and Roll+1","Underhanded Strike","Dagger Throw+1","Bane+1","Backstab+1","Caltrops+1","Burst","Blur+1","Adrenaline","Catalyst+1","Reflex","Poisoned Stab","Poisoned Stab+1","Tools of the Trade+1","Panacea","Envenom+1","Finisher+1","Terror+1"],"relics":["Ring of the Snake","Torii","Ice Cream","Darkstone Periapt","Letter Opener","Frozen Egg 2","Old Coin","Calling Bell","Orichalcum","The Courier","Incense Burner","TheAbacus","Du-Vu Doll","Calipers","Enchiridion","Tiny Chest","Velvet Choker","Whetstone","Art of War","Molten Egg 2"],"potions_floor_usage":[10,10,16,16,18,23,29,31,50,50,50],"damage_taken":[{"damage":0,"enemies":"Cultist","floor":1,"turns":4},{"damage":1,"enemies":"2 Louse","floor":2,"turns":4},{"damage":2,"enemies":"Jaw Worm","floor":4,"turns":4},{"damage":20,"enemies":"Gremlin Nob","floor":6,"turns":5},{"damage":2,"enemies":"Blue Slaver","floor":7,"turns":4},{"damage":9,"enemies":"Lagavulin","floor":8,"turns":7},{"damage":1,"enemies":"Gremlin Nob","floor":10,"turns":4},{"damage":8,"enemies":"Exordium Thugs","floor":12,"turns":3},{"damage":2,"enemies":"3 Sentries","floor":13,"turns":4},{"damage":7,"enemies":"Large Slime","floor":14,"turns":5},{"damage":1,"enemies":"Slime Boss","floor":16,"turns":7},{"damage":1,"enemies":"Chosen","floor":18,"turns":6},{"damage":11,"enemies":"3 Byrds","floor":22,"turns":5},{"damage":2,"enemies":"Snecko","floor":23,"turns":4},{"damage":3,"enemies":"Chosen and Byrds","floor":24,"turns":4},{"damage":1,"enemies":"Gremlin Leader","floor":29,"turns":7},{"damage":3,"enemies":"Slaver and Parasite","floor":31,"turns":5},{"damage":75,"enemies":"Collector","floor":33,"turns":10},{"damage":1,"enemies":"3 Shapes","floor":35,"turns":6},{"damage":6,"enemies":"3 Darklings","floor":36,"turns":4},{"damage":1,"enemies":"4 Shapes","floor":38,"turns":2},{"damage":7,"enemies":"Maw","floor":39,"turns":6},{"damage":17,"enemies":"2 Orb Walkers","floor":44,"turns":4},{"damage":40,"enemies":"Sphere and 2 Shapes","floor":47,"turns":6},{"damage":0,"enemies":"4 Shapes","floor":48,"turns":4},{"damage":36,"enemies":"Time Eater","floor":50,"turns":12}],"seed_played":"649634698397989596","potions_obtained":[{"floor":1,"key":"Fire Potion"},{"floor":2,"key":"LiquidBronze"},{"floor":7,"key":"PowerPotion"},{"floor":12,"key":"Poison Potion"},{"floor":14,"key":"SteroidPotion"},{"floor":16,"key":"Energy Potion"},{"floor":18,"key":"Dexterity Potion"},{"floor":22,"key":"Weak Potion"},{"floor":31,"key":"SteroidPotion"},{"floor":35,"key":"Strength Potion"},{"floor":36,"key":"GhostInAJar"},{"floor":48,"key":"Regen Potion"}],"is_trial":false,"path_per_floor":["M","M","?","M","?","E","M","E","T","E","R","M","E","M","R","B",null,"M","?","?","$","M","M","M","R","T","$","?","E","R","M","R","B",null,"M","M","$","M","M","R","$","R","T","E","?","?","M","M","R","B"],"character_chosen":"THE_SILENT","items_purchased":["Dodge and Roll","TheAbacus","Du-Vu Doll","Underhanded Strike","Caltrops+1","Poisoned Stab","Whetstone"],"campfire_rested":5,"item_purchase_floors":[21,21,21,21,27,37,37],"current_hp_per_floor":[70,69,69,67,67,47,45,36,36,35,56,48,46,39,60,59,88,87,70,70,70,59,57,54,54,54,54,38,37,64,61,88,13,93,92,86,86,85,78,78,78,78,78,61,61,61,21,21,48,27],"gold":237,"neow_bonus":"ONE_RARE_RELIC","is_prod":false,"is_daily":false,"chose_seed":false,"campfire_upgraded":3,"win_rate":0,"timestamp":1531275427,"path_taken":["M","M","?","M","?","E","?","E","T","E","R","M","E","M","R","BOSS","M","?","?","$","M","M","M","R","T","$","?","E","R","M","R","BOSS","M","M","$","M","M","R","$","R","T","E","?","?","?","M","R","BOSS"],"build_version":"2018-07-05","purchased_purges":2,"victory":true,"max_hp_per_floor":[70,70,70,70,70,70,70,70,70,70,70,70,70,70,70,70,88,88,93,93,93,93,93,93,93,93,93,93,93,93,93,93,93,93,93,93,93,93,93,93,93,93,93,93,93,93,93,93,93,93],"card_choices":[{"not_picked":["Choke","Sucker Punch"],"picked":"Noxious Fumes","floor":1},{"not_picked":["Deflect","Quick Slash"],"picked":"PiercingWail","floor":2},{"not_picked":["Flechettes","Expertise"],"picked":"Endless Agony","floor":4},{"not_picked":["Sucker Punch","Dodge and Roll"],"picked":"Quick Slash","floor":6},{"not_picked":["Dagger Spray","Prepared"],"picked":"Dash","floor":7},{"not_picked":["Dodge and Roll","All Out Attack"],"picked":"Corpse Explosion","floor":8},{"not_picked":["Expertise","Dash"],"picked":"Unload","floor":10},{"not_picked":["Quick Slash","All Out Attack"],"picked":"Deadly Poison","floor":12},{"not_picked":["All Out Attack","Skewer"],"picked":"Unload","floor":13},{"not_picked":["Flechettes","Backflip"],"picked":"Cloak And Dagger","floor":14},{"not_picked":["Night Terror","Unload"],"picked":"A Thousand Cuts+1","floor":16},{"not_picked":["Quick Slash","Masterful Stab+1"],"picked":"Prepared","floor":18},{"not_picked":["Noxious Fumes+1","Quick Slash"],"picked":"Dagger Throw+1","floor":22},{"not_picked":["Finisher","Prepared"],"picked":"Bane","floor":23},{"not_picked":["Bouncing Flask","Dodge and Roll+1"],"picked":"Backstab+1","floor":24},{"not_picked":["Slice","Cloak And Dagger+1"],"picked":"Burst","floor":29},{"not_picked":["Riddle With Holes","All Out Attack"],"picked":"Blur","floor":31},{"not_picked":["Envenom+1","Storm of Steel"],"picked":"Adrenaline","floor":33},{"not_picked":["Sucker Punch","Slice+1"],"picked":"Catalyst+1","floor":35},{"not_picked":["Quick Slash","Calculated Gamble+1"],"picked":"Reflex","floor":36},{"not_picked":["Riddle With Holes+1","Eviscerate","Well Laid Plans+1"],"picked":"SKIP","floor":38},{"not_picked":["Dodge and Roll","Quick Slash"],"picked":"Poisoned Stab+1","floor":39},{"not_picked":["Skewer+1","Choke"],"picked":"Tools of the Trade+1","floor":44},{"not_picked":["Quick Slash+1","Underhanded Strike+1"],"picked":"Finisher+1","floor":47},{"not_picked":["PiercingWail","Dash+1"],"picked":"Terror+1","floor":48}],"player_experience":88548,"relics_obtained":[{"floor":6,"key":"Ice Cream"},{"floor":8,"key":"Darkstone Periapt"},{"floor":9,"key":"Letter Opener"},{"floor":10,"key":"Frozen Egg 2"},{"floor":13,"key":"Old Coin"},{"floor":17,"key":"Orichalcum"},{"floor":17,"key":"The Courier"},{"floor":17,"key":"Incense Burner"},{"floor":26,"key":"Calipers"},{"floor":28,"key":"Enchiridion"},{"floor":29,"key":"Tiny Chest"},{"floor":43,"key":"Art of War"},{"floor":44,"key":"Molten Egg 2"}],"event_choices":[{"event_name":"Living Wall","player_choice":"Change","floor":3,"damage_taken":0},{"event_name":"The Cleric","player_choice":"Leave","floor":5,"damage_taken":0},{"event_name":"Forgotten Altar","player_choice":"Shed Blood","floor":19,"damage_taken":0},{"event_name":"The Library","player_choice":"Read","floor":20,"damage_taken":0},{"event_name":"Cursed Tome","player_choice":"Obtained Book","floor":28,"damage_taken":0},{"event_name":"Match and Keep!","player_choice":"2 cards matched","floor":45,"damage_taken":0},{"event_name":"Golden Shrine","player_choice":"Pray","floor":46,"damage_taken":0}],"boss_relics":[{"not_picked":["Tiny House","Snecko Eye"],"picked":"Calling Bell"},{"not_picked":["White Beast Statue","Runic Pyramid"],"picked":"Velvet Choker"}],"items_purged_floors":[21,37],"is_endless":false,"potions_floor_spawned":[1,2,7,12,14,16,18,22,31,35,36,38,48],"ascension_level":1}