{"path_per_floor":["M","?","?","M","?","E","M","E","T","M","M","$","M","?","R","B",null,"M","?","$","?"],"character_chosen":"DEFECT","items_purchased":["Finesse","Gash","Leap"],"gold_per_floor":[119,119,119,139,139,174,184,217,217,235,235,55,66,66,66,162,162,182,97,11,11,11],"floor_reached":22,"campfire_rested":1,"playtime":765,"item_purchase_floors":[12,20,20],"current_hp_per_floor":[61,61,61,60,53,35,35,22,22,22,22,22,7,7,29,17,61,47,47,47,31,0],"items_purged":["Strike_B"],"gold":11,"score":272,"play_id":"57d57327-5663-41af-bb56-7282cd9efa5d","local_time":"20180530015019","is_prod":false,"is_daily":false,"chose_seed":false,"is_ascension_mode":true,"campfire_upgraded":0,"win_rate":0,"timestamp":1527637819,"campfire_choices":[{"floor":15,"key":"REST"}],"path_taken":["M","?","?","M","?","E","M","E","T","M","M","$","?","?","R","BOSS","M","?","$","?","?"],"build_version":"2018-05-28","seed_source_timestamp":166402423456751,"purchased_purges":1,"victory":false,"master_deck":["Strike_B","Strike_B","Strike_B","Defend_B","Defend_B","Defend_B","Defend_B","Zap","Dualcast","Gash","Echo Form","Defragment","Ball Lightning","Force Field","Scrape","Finesse","All For One","Capacitor+1","Gash","Leap"],"max_hp_per_floor":[75,75,75,75,75,75,75,75,75,75,75,75,75,75,75,75,75,75,75,75,75,75],"relics":["Cracked Core","Oddly Smooth Stone","Bottled Tornado","Mummified Hand","Shovel","Eternal Feather","Omamori","Enchiridion"],"card_choices":[{"not_picked":["Cold Snap","Beam Cell"],"picked":"Gash","floor":1},{"not_picked":["Leap","Rip and Tear"],"picked":"Defragment","floor":4},{"not_picked":["Storm","Hologram"],"picked":"Ball Lightning","floor":6},{"not_picked":["Streamline","Sweeping Beam"],"picked":"Force Field","floor":7},{"not_picked":["Leap","Sweeping Beam"],"picked":"Scrape","floor":8},{"not_picked":["Chaos","Storm","Amplify"],"picked":"SKIP","floor":10},{"not_picked":["Steam","Barrage","Reprogram"],"picked":"SKIP","floor":13},{"not_picked":["Core Surge","Echo Form"],"picked":"All For One","floor":16},{"not_picked":["Static Discharge","Stack"],"picked":"Capacitor+1","floor":18}],"player_experience":115220,"potions_floor_usage":[8,11,16,22],"damage_taken":[{"damage":7,"enemies":"Small Slimes","floor":1,"turns":3},{"damage":1,"enemies":"Cultist","floor":4,"turns":3},{"damage":18,"enemies":"Lagavulin","floor":6,"turns":7},{"damage":0,"enemies":"Jaw Worm","floor":7,"turns":3},{"damage":13,"enemies":"3 Sentries","floor":8,"turns":6},{"damage":0,"enemies":"Large Slime","floor":10,"turns":4},{"damage":0,"enemies":"Exordium Thugs","floor":11,"turns":1},{"damage":15,"enemies":"2 Fungi Beasts","floor":13,"turns":3},{"damage":12,"enemies":"Slime Boss","floor":16,"turns":9},{"damage":14,"enemies":"Spheric Guardian","floor":18,"turns":4},{"damage":33,"enemies":"Shell Parasite","floor":22,"turns":4}],"relics_obtained":[{"floor":6,"key":"Oddly Smooth Stone"},{"floor":8,"key":"Bottled Tornado"},{"floor":9,"key":"Mummified Hand"},{"floor":21,"key":"Enchiridion"}],"event_choices":[{"event_name":"Match and Keep!","player_choice":"2 cards matched","floor":2,"damage_taken":0},{"event_name":"The Lab","player_choice":"Got Potions","floor":3,"damage_taken":0},{"event_name":"Golden Wing","player_choice":"Card Removal","floor":5,"damage_taken":0},{"event_name":"Dead Adventurer","player_choice":"Searched \u00271\u0027 times","floor":14,"damage_taken":0},{"event_name":"Addict","player_choice":"Obtained Relic","floor":19,"damage_taken":0},{"event_name":"Cursed Tome","player_choice":"Obtained Book","floor":21,"damage_taken":0}],"boss_relics":[{"not_picked":["Black Star","Velvet Choker"],"picked":"Eternal Feather"}],"items_purged_floors":[12],"potions_floor_spawned":[1,7,8,16,18],"seed_played":"-7215506525214968842","killed_by":"Shell Parasite","ascension_level":8,"potions_obtained":[{"floor":1,"key":"LiquidBronze"},{"floor":3,"key":"SmokeBomb"},{"floor":3,"key":"AttackPotion"},{"floor":7,"key":"Dexterity Potion"},{"floor":8,"key":"Explosive Potion"},{"floor":16,"key":"Energy Potion"},{"floor":18,"key":"PowerPotion"}],"is_trial":false}