{"path_per_floor":["M","$","?","M","?","R","?","R","T","E","R","$","R","?","R","B",null,"M","?","M","?","$","R","M","M","T","R","T","M","E","?","R","B",null,"M","?","M","?","$","E","$","R","T","R","$","M","?","$","R","B"],"character_chosen":"THE_SILENT","items_purchased":["Madness","Snake Skull","Footwork","Footwork","Dash"],"gold_per_floor":[112,20,0,12,12,12,12,12,89,114,114,39,39,39,39,143,143,127,127,144,144,64,64,82,99,126,126,126,136,164,89,89,192,192,205,205,224,224,38,65,65,65,65,65,9,28,28,0,0,0],"floor_reached":51,"campfire_rested":6,"playtime":2307,"current_hp_per_floor":[70,70,70,70,56,56,44,65,65,40,61,61,61,66,66,43,75,75,75,66,66,66,66,26,26,26,48,48,46,34,34,56,15,75,74,74,52,52,52,29,29,51,51,51,51,51,51,51,73,27],"items_purged":["Strike_G","Regret"],"gold":0,"score":741,"play_id":"8090e74f-8bc7-4739-997b-cf5b0c633ed5","local_time":"20180420060219","is_prod":false,"is_daily":false,"chose_seed":false,"is_ascension_mode":true,"campfire_upgraded":4,"timestamp":1524196939,"path_taken":["M","$","?","?","?","R","?","R","T","E","R","?","R","?","R","BOSS","M","?","?","?","$","R","M","M","T","R","?","?","E","?","R","BOSS","M","?","M","?","$","E","$","R","T","R","?","?","?","$","R","BOSS"],"build_version":"2018-04-19","seed_source_timestamp":1883338873303555,"purchased_purges":2,"victory":true,"master_deck":["Defend_G","Defend_G","Defend_G+1","Defend_G","Strike_G","Strike_G+1","Strike_G+1","Survivor","Neutralize+1","Footwork+1","Madness+1","Well Laid Plans","Backstab+1","Adrenaline","Injury","Malaise+1","Adrenaline","Noxious Fumes","Crippling Poison","Backflip+1","Die Die Die+1","Backstab+1","Footwork","Escape Plan+1","Malaise+1","Footwork","Die Die Die+1","Dark Shackles","Dash+1","Poisoned Stab+1"],"max_hp_per_floor":[70,70,70,70,70,70,70,70,70,70,70,70,70,75,75,75,75,75,75,75,75,75,75,75,75,75,75,75,75,75,75,75,75,75,75,75,75,75,75,75,75,75,75,75,75,75,75,75,75,75],"relics":["Ring of the Snake","Ornamental Fan","Molten Egg 2","Orichalcum","Calling Bell","Lantern","The Courier","Tingsha","Happy Flower","Mercury Hourglass","Letter Opener","Lizard Tail","Spirit Poop","Snake Skull","Dream Catcher","Shovel","War Paint"],"card_choices":[{"not_picked":["Backflip","PiercingWail"],"picked":"Footwork","floor":1},{"not_picked":["Sucker Punch","Catalyst"],"picked":"Well Laid Plans","floor":4},{"not_picked":["Quick Slash","Catalyst"],"picked":"Backstab","floor":10},{"not_picked":["Bullet Time","Burst"],"picked":"Adrenaline","floor":16},{"not_picked":["Quick Slash","Outmaneuver"],"picked":"Malaise","floor":18},{"not_picked":["Poisoned Stab","Outmaneuver"],"picked":"Noxious Fumes","floor":24},{"not_picked":["Deadly Poison","Reflex"],"picked":"Crippling Poison","floor":25},{"not_picked":["Quick Slash","Blur"],"picked":"Backflip","floor":29},{"not_picked":["Bullet Time","Envenom"],"picked":"Die Die Die","floor":33},{"not_picked":["Acrobatics","Sucker Punch"],"picked":"Backstab","floor":35},{"not_picked":["Endless Agony","Heel Hook"],"picked":"Escape Plan","floor":40},{"not_picked":["Crippling Poison","Blade Dance"],"picked":"Malaise","floor":42},{"not_picked":["Choke","Dagger Spray"],"picked":"Die Die Die","floor":46},{"not_picked":["Good Instincts","Flash of Steel"],"picked":"Dark Shackles","floor":47},{"not_picked":["Cloak And Dagger","Flying Knee"],"picked":"Poisoned Stab","floor":49}],"player_experience":103165,"potions_floor_usage":[10,18,18,25,29,30,40,50],"damage_taken":[{"damage":0,"enemies":"Small Slimes","floor":1,"turns":5},{"damage":0,"enemies":"2 Louse","floor":4,"turns":3},{"damage":37,"enemies":"Gremlin Nob","floor":10,"turns":6},{"damage":23,"enemies":"The Guardian","floor":16,"turns":17},{"damage":5,"enemies":"2 Thieves","floor":18,"turns":4},{"damage":9,"enemies":"Shell Parasite","floor":20,"turns":9},{"damage":40,"enemies":"3 Cultists","floor":24,"turns":10},{"damage":0,"enemies":"Snecko","floor":25,"turns":6},{"damage":2,"enemies":"Centurion and Healer","floor":29,"turns":8},{"damage":12,"enemies":"Slavers","floor":30,"turns":5},{"damage":41,"enemies":"Collector","floor":33,"turns":14},{"damage":1,"enemies":"3 Shapes","floor":35,"turns":2},{"damage":22,"enemies":"3 Darklings","floor":37,"turns":4},{"damage":23,"enemies":"Giant Head","floor":40,"turns":13},{"damage":0,"enemies":"Maw","floor":46,"turns":10},{"damage":46,"enemies":"Awakened One","floor":50,"turns":22}],"event_choices":[{"event_name":"World of Goop","player_choice":"Left","floor":3,"damage_taken":0},{"event_name":"Shining Light","player_choice":"Entered Light","floor":5,"damage_taken":0},{"event_name":"Scrap Ooze","player_choice":"success","floor":7,"damage_taken":12},{"event_name":"Big Fish","player_choice":"Donut","floor":14,"damage_taken":0},{"event_name":"Back to Basics","player_choice":"Elegance","floor":19,"damage_taken":0},{"event_name":"Duplicator","player_choice":"One dupe","floor":21,"damage_taken":0},{"event_name":"Beggar","player_choice":"Gave Gold","floor":31,"damage_taken":0},{"event_name":"Bonfire Elementals","player_choice":"CURSE","floor":36,"damage_taken":0},{"event_name":"Tomb of Lord Red Mask","player_choice":"Ignored","floor":38,"damage_taken":0},{"event_name":"SensoryStone","player_choice":"Memory 1","floor":47,"damage_taken":0}],"boss_relics":[{"not_picked":["Velvet Choker","Runic Pyramid"],"picked":"Calling Bell"},{"not_picked":["Snecko Eye","Astrolabe"],"picked":"Lizard Tail"}],"potions_floor_spawned":[1,10,20,24,35,37],"seed_played":"-992247262333192890","ascension_level":1,"is_trial":false}