{"gold_per_floor":[116,116,128,178,35,35,65,65,92,47,118,22,87,97,97,202,202,202],"floor_reached":18,"playtime":527,"items_purged":[],"score":187,"play_id":"6685885e-8b51-44bd-a39b-20b74c76db36","local_time":"20180929195129","is_ascension_mode":true,"campfire_choices":[{"data":"Zap","floor":6,"key":"SMITH"},{"floor":8,"key":"REST"},{"floor":15,"key":"REST"}],"neow_cost":"NONE","seed_source_timestamp":1467244462475727,"circlet_count":0,"master_deck":["Strike_B","Strike_B","Strike_B","Strike_B","Defend_B","Defend_B+1","Defend_B","Defend_B+1","Zap+1","Dualcast","Glacier","Defragment","Compile Driver","Coolheaded","Redo","Multi-Cast"],"relics":["Cracked Core","Blood Vial","SsserpentHead","Bottled Lightning","Strawberry","War Paint","Potion Belt","Odd Mushroom","Anchor","Inserter"],"potions_floor_usage":[16],"damage_taken":[{"damage":9,"enemies":"2 Louse","floor":1,"turns":3},{"damage":0,"enemies":"Cultist","floor":3,"turns":3},{"damage":50,"enemies":"Gremlin Nob","floor":7,"turns":5},{"damage":25,"enemies":"The Mushroom Lair","floor":11,"turns":6},{"damage":0,"enemies":"Jaw Worm","floor":13,"turns":2},{"damage":39,"enemies":"The Guardian","floor":16,"turns":15},{"damage":83,"enemies":"3 Byrds","floor":18,"turns":5}],"seed_played":"8791868994230450661","potions_obtained":[{"floor":13,"key":"Ancient Potion"},{"floor":14,"key":"SneckoOil"},{"floor":14,"key":"SneckoOil"},{"floor":14,"key":"SkillPotion"},{"floor":16,"key":"FocusPotion"}],"is_trial":false,"path_per_floor":["M","?","M","T","$","R","E","R","T","$","?","$","M","?","R","B",null],"character_chosen":"DEFECT","items_purchased":["Strawberry","Coolheaded","Anchor"],"campfire_rested":2,"item_purchase_floors":[5,10,12],"current_hp_per_floor":[66,66,68,68,75,75,27,51,51,51,28,28,30,30,54,17,82,0],"gold":202,"neow_bonus":"RANDOM_COMMON_RELIC","is_prod":false,"is_daily":false,"chose_seed":false,"campfire_upgraded":1,"win_rate":0,"timestamp":1538243489,"path_taken":["M","?","M","?","$","R","E","R","T","$","?","?","?","?","R","BOSS","M"],"build_version":"2018-09-27","purchased_purges":0,"victory":false,"max_hp_per_floor":[75,75,75,75,82,82,82,82,82,82,82,82,82,82,82,82,82,82],"card_choices":[{"not_picked":["Hologram","Leap"],"picked":"Glacier","floor":1},{"not_picked":["Barrage","Cold Snap"],"picked":"Defragment","floor":3},{"not_picked":["Lockon","Steam"],"picked":"Compile Driver","floor":7},{"not_picked":["Reprogram","Thunder Strike"],"picked":"Redo","floor":13},{"not_picked":["Buffer","Reboot"],"picked":"Multi-Cast","floor":16}],"player_experience":139579,"relics_obtained":[{"floor":4,"key":"Bottled Lightning"},{"floor":7,"key":"War Paint"},{"floor":9,"key":"Potion Belt"},{"floor":11,"key":"Odd Mushroom"}],"event_choices":[{"event_name":"FaceTrader","player_choice":"Trade","floor":2,"damage_taken":0},{"event_name":"Mushrooms","player_choice":"Fought Mushrooms","floor":11,"damage_taken":0},{"event_name":"The Woman in Blue","player_choice":"Bought 3 Potions","floor":14,"damage_taken":0}],"is_beta":false,"boss_relics":[{"not_picked":["Sozu","White Beast Statue"],"picked":"Inserter"}],"items_purged_floors":[],"is_endless":false,"potions_floor_spawned":[13,16],"killed_by":"3 Byrds","ascension_level":4}