{"path_per_floor":["M","$","M","?","?","E","R","M","T","?","?","$","M","M","R","B",null,"M","?","$","?","?","R","E","R","T","M","M"],"character_chosen":"DEFECT","items_purchased":["Fusion","White Noise+1"],"gold_per_floor":[119,7,21,21,21,50,50,63,63,128,203,103,116,134,134,230,230,240,240,38,38,38,38,67,67,67,79,99,99],"floor_reached":29,"campfire_rested":2,"playtime":844,"item_purchase_floors":[2,20],"current_hp_per_floor":[71,71,62,62,75,46,46,44,44,31,20,20,17,14,36,38,75,67,67,67,67,67,73,4,32,32,32,19,0],"items_purged":["Strike_B","Strike_B","Writhe"],"gold":99,"score":349,"play_id":"7c4ceb21-8dc8-4fba-b795-af3eec6f8e77","local_time":"20180526143756","is_prod":false,"is_daily":false,"chose_seed":false,"is_ascension_mode":true,"campfire_upgraded":2,"win_rate":0,"timestamp":1527338276,"campfire_choices":[{"data":"Redo","floor":7,"key":"SMITH"},{"floor":15,"key":"REST"},{"data":"Zap","floor":23,"key":"SMITH"},{"floor":25,"key":"REST"}],"path_taken":["M","$","M","?","?","E","R","M","T","?","?","$","M","M","R","BOSS","M","?","$","?","?","R","E","R","T","M","?","E"],"build_version":"2018-05-25","seed_source_timestamp":314783488270221,"purchased_purges":3,"victory":false,"master_deck":["Strike_B","Defend_B","Defend_B","Defend_B","Defend_B","Zap+1","Dualcast","Streamline","Loop","Fusion+1","Redo+1","Ball Lightning","Redo+1","Ball Lightning","Core Surge","Streamline","White Noise+1","Redo+1","Glacier+1","Coolheaded+1"],"max_hp_per_floor":[75,75,75,75,75,75,75,75,75,75,75,75,75,75,75,75,75,75,75,75,75,75,75,75,75,75,75,75,75],"relics":["Cracked Core","Ornamental Fan","Toxic Egg 2","Bird Faced Urn","Eternal Feather","Lantern","Oddly Smooth Stone","Mummified Hand"],"card_choices":[{"not_picked":["Hologram","Go for the Eyes"],"picked":"Loop","floor":1},{"not_picked":["Coolheaded","Rebound"],"picked":"Redo","floor":3},{"not_picked":["Fission","Double Energy"],"picked":"Ball Lightning","floor":6},{"not_picked":["Hologram","Coolheaded","Static Discharge"],"picked":"SKIP","floor":8},{"not_picked":["Scrape","Coolheaded+1"],"picked":"Redo+1","floor":10},{"not_picked":["Steam+1","Hologram+1"],"picked":"Ball Lightning","floor":13},{"not_picked":["Stack+1","Force Field+1","Compile Driver"],"picked":"SKIP","floor":14},{"not_picked":["Machine Learning","Amplify+1"],"picked":"Core Surge","floor":16},{"not_picked":["Stack+1","Skim+1"],"picked":"Streamline","floor":18},{"not_picked":["Beam Cell","Hello World"],"picked":"Redo+1","floor":24},{"not_picked":["Streamline","Thunder Strike"],"picked":"Glacier+1","floor":27},{"not_picked":["Steam Power+1","Redo+1"],"picked":"Coolheaded+1","floor":28}],"player_experience":93245,"potions_floor_usage":[10,10,16,16,24,28,29],"damage_taken":[{"damage":4,"enemies":"2 Louse","floor":1,"turns":3},{"damage":9,"enemies":"Small Slimes","floor":3,"turns":4},{"damage":29,"enemies":"3 Sentries","floor":6,"turns":8},{"damage":2,"enemies":"Jaw Worm","floor":8,"turns":3},{"damage":13,"enemies":"3 Sentries","floor":10,"turns":4},{"damage":5,"enemies":"Gremlin Gang","floor":13,"turns":4},{"damage":3,"enemies":"Blue Slaver","floor":14,"turns":3},{"damage":0,"enemies":"Slime Boss","floor":16,"turns":6},{"damage":8,"enemies":"Chosen","floor":18,"turns":3},{"damage":73,"enemies":"Book of Stabbing","floor":24,"turns":5},{"damage":11,"enemies":"Spheric Guardian","floor":27,"turns":3},{"damage":17,"enemies":"Centurion and Healer","floor":28,"turns":7},{"damage":24,"enemies":"Gremlin Leader","floor":29,"turns":4}],"relics_obtained":[{"floor":6,"key":"Ornamental Fan"},{"floor":9,"key":"Toxic Egg 2"},{"floor":10,"key":"Bird Faced Urn"},{"floor":24,"key":"Oddly Smooth Stone"},{"floor":26,"key":"Mummified Hand"}],"event_choices":[{"event_name":"Living Wall","player_choice":"Grow","floor":4,"damage_taken":0},{"event_name":"Wheel of Change","player_choice":"Full Heal","floor":5,"damage_taken":0},{"event_name":"Dead Adventurer","player_choice":"Searched \u00272\u0027 times","floor":10,"damage_taken":0},{"event_name":"World of Goop","player_choice":"Gather Gold","floor":11,"damage_taken":0},{"event_name":"The Mausoleum","player_choice":"Yes","floor":19,"damage_taken":0},{"event_name":"Drug Dealer","player_choice":"Ignored","floor":21,"damage_taken":0},{"event_name":"Addict","player_choice":"Ignored","floor":22,"damage_taken":0}],"boss_relics":[{"not_picked":["White Beast Statue","Orrery"],"picked":"Eternal Feather"}],"items_purged_floors":[2,12,20],"potions_floor_spawned":[6,8,13,14,16,24,28],"seed_played":"-1521214271443063981","killed_by":"Gremlin Leader","ascension_level":4,"potions_obtained":[{"floor":6,"key":"Poison Potion"},{"floor":8,"key":"Poison Potion"},{"floor":13,"key":"Fire Potion"},{"floor":14,"key":"Dexterity Potion"},{"floor":16,"key":"Strength Potion"},{"floor":24,"key":"Weak Potion"},{"floor":28,"key":"Poison Potion"}],"is_trial":false}