{"gold_per_floor":[113,113,113,130,149,178,14,164,188,188,205,205,1,17,17,93,93,114,114,146,95,20,20,20,20,44,63,63,88,115,119],"floor_reached":31,"playtime":776,"items_purged":["Pain"],"score":558,"play_id":"ab45ef85-47c4-4c27-a936-81abafb84fbd","local_time":"20190402134620","is_ascension_mode":true,"campfire_choices":[{"floor":10,"key":"REST"},{"floor":12,"key":"REST"},{"data":"Amplify","floor":15,"key":"SMITH"},{"floor":24,"key":"REST"},{"floor":28,"key":"REST"}],"neow_cost":"NONE","seed_source_timestamp":1096277588282635,"circlet_count":0,"master_deck":["AscendersBane","Strike_B","Strike_B","Strike_B","Strike_B","Defend_B","Defend_B","Defend_B","Zap","Dualcast","Loop","Rainbow+1","BasicCrystalCard","Capacitor","Ball Lightning","Hello World","Doubt","Amplify+1","Redo","Redo","Hologram","Core Surge","Amnesia","Amnesia","Leap+1","Shame","Barrage+1","Hello World+1","Steam","Coolheaded+1","Meteor Strike"],"relics":["Cracked Core","NeowsBlessing","WarpedTongs","Bandana","Regal Pillow","Replay:Rubber Ducky","Calling Bell","Pen Nib","ReplayTheSpireMod:Bottled Steam","Du-Vu Doll","MawBank","Pet Ghost"],"potions_floor_usage":[6,18,18,20],"damage_taken":[{"damage":0,"enemies":"2 Louse","floor":1,"turns":1},{"damage":0,"enemies":"Jaw Worm","floor":4,"turns":1},{"damage":0,"enemies":"Cultist","floor":5,"turns":1},{"damage":37,"enemies":"Gremlin Nob","floor":6,"turns":4},{"damage":16,"enemies":"Large Slime","floor":11,"turns":5},{"damage":4,"enemies":"2 Fungi Beasts","floor":14,"turns":4},{"damage":53,"enemies":"Hexaghost","floor":16,"turns":12},{"damage":27,"enemies":"3 Byrds","floor":18,"turns":4},{"damage":19,"enemies":"Shell Parasite","floor":20,"turns":3},{"damage":46,"enemies":"Cultist and Chosen","floor":27,"turns":5},{"damage":10,"enemies":"Sentry and Sphere","floor":29,"turns":5},{"damage":11,"enemies":"3 Cultists","floor":30,"turns":4},{"damage":14,"enemies":"Cultist and Chosen","floor":31,"turns":4}],"seed_played":"-5839771754973173610","potions_obtained":[{"floor":5,"key":"Toxic Potion"},{"floor":6,"key":"FearPotion"},{"floor":14,"key":"Fire Potion"},{"floor":16,"key":"SkillPotion"},{"floor":18,"key":"Adrenaline Potion"}],"is_trial":false,"path_per_floor":["M","?","?","M","M","E","$","?","T","R","M","R","$","M","R","B",null,"M","?","M","$","?","$","R","$","T","M","R","M","M","M"],"character_chosen":"DEFECT","items_purchased":["Hello World","Redo","Replay:Rubber Ducky","Hello World+1"],"campfire_rested":4,"item_purchase_floors":[7,13,13,21],"current_hp_per_floor":[64,64,64,64,64,27,27,27,27,63,47,71,71,67,67,14,57,30,30,11,11,11,11,47,47,47,1,37,27,16,2],"gold":119,"neow_bonus":"THREE_ENEMY_KILL","is_prod":false,"is_daily":false,"chose_seed":false,"campfire_upgraded":1,"win_rate":0,"timestamp":1554230780,"path_taken":["M","?","?","M","?","E","$","?","T","R","M","R","$","M","R","BOSS","M","?","M","$","?","?","R","$","T","M","R","M","M","M"],"build_version":"2019-01-23","purchased_purges":1,"victory":false,"max_hp_per_floor":[71,71,71,71,71,71,71,71,71,71,71,71,71,71,71,71,71,71,71,71,71,71,71,71,71,71,71,71,71,71,71],"card_choices":[{"not_picked":["Turbo","Rip and Tear"],"picked":"Loop","floor":1},{"not_picked":["Go for the Eyes","Time Bomb"],"picked":"BasicCrystalCard","floor":4},{"not_picked":["Ball Lightning","Conserve Battery"],"picked":"Capacitor","floor":5},{"not_picked":["Sunder","ReplaySolidLightProjector"],"picked":"Ball Lightning","floor":6},{"not_picked":["Compile Driver","Beam Cell"],"picked":"Amplify","floor":11},{"not_picked":["Blizzard","Auto Shields"],"picked":"Hologram","floor":14},{"not_picked":["Fission","Machine Learning"],"picked":"Core Surge","floor":16},{"not_picked":["Melter","BasicCrystalCard"],"picked":"Leap+1","floor":18},{"not_picked":["Go for the Eyes","Beam Cell"],"picked":"Barrage+1","floor":20},{"not_picked":["Genetic Algorithm","Recycle"],"picked":"Steam","floor":27},{"not_picked":["Darkness+1","Barrage"],"picked":"Coolheaded+1","floor":29},{"not_picked":["Go for the Eyes","BootSequence"],"picked":"Meteor Strike","floor":30}],"player_experience":878682,"relics_obtained":[{"floor":6,"key":"Bandana"},{"floor":9,"key":"Regal Pillow"},{"floor":17,"key":"Pen Nib"},{"floor":17,"key":"ReplayTheSpireMod:Bottled Steam"},{"floor":17,"key":"Du-Vu Doll"},{"floor":26,"key":"Pet Ghost"}],"event_choices":[{"damage_healed":0,"gold_gain":0,"player_choice":"Rummage","damage_taken":0,"relics_obtained":["WarpedTongs"],"max_hp_gain":0,"max_hp_loss":0,"event_name":"Accursed Blacksmith","floor":3,"gold_loss":0,"cards_obtained":["Pain"]},{"damage_healed":0,"gold_gain":150,"player_choice":"AGREE","damage_taken":0,"max_hp_gain":0,"max_hp_loss":0,"event_name":"Liars Game","floor":8,"gold_loss":0,"cards_obtained":["Doubt"]},{"damage_healed":0,"gold_gain":0,"player_choice":"Stole Relic","damage_taken":0,"relics_obtained":["MawBank"],"max_hp_gain":0,"max_hp_loss":0,"event_name":"Addict","floor":19,"gold_loss":0,"cards_obtained":["Shame"]},{"cards_removed":["Delirium"],"damage_healed":0,"gold_gain":0,"player_choice":"Gave Gold","damage_taken":0,"max_hp_gain":0,"max_hp_loss":0,"event_name":"Beggar","floor":22,"gold_loss":75}],"is_beta":false,"boss_relics":[{"not_picked":["Ectoplasm","Busted Crown"],"picked":"Calling Bell"}],"items_purged_floors":[7],"is_endless":false,"potions_floor_spawned":[5,6,14,16,18],"killed_by":"Cultist and Chosen","ascension_level":19}