{"gold_per_floor":[116,116,41,54,54,89,89,89,89,6,6,30,46,82,82,175,175,175,175,175,175,175,175,175,175,175,175,175,15,15,15,15,15,15,15,15,15,15,15,15,15,15,15,15,15,15,15,15,15,15,15,15,15,15,15,15],"floor_reached":57,"playtime":3953,"items_purged":[],"score":2964,"play_id":"952ef6b2-c8f6-4cc0-9030-144bdec2d9f5","local_time":"20190413030758","is_ascension_mode":true,"campfire_choices":[{"data":"Barrage","floor":7.0,"key":"SMITH"},{"data":"Capacitor","floor":11.0,"key":"SMITH"},{"data":"Defragment","floor":15.0,"key":"SMITH"},{"floor":24.0,"key":"RECALL"},{"data":"Self Repair","floor":28.0,"key":"SMITH"},{"data":"Leap","floor":32.0,"key":"SMITH"},{"data":"Machine Learning","floor":44.0,"key":"SMITH"},{"data":"Hologram","floor":46.0,"key":"SMITH"},{"data":"Electrodynamics","floor":49.0,"key":"SMITH"},{"data":"Glacier","floor":53.0,"key":"SMITH"}],"neow_cost":"NONE","seed_source_timestamp":0,"circlet_count":0,"master_deck":["AscendersBane","Strike_B","Strike_B","Strike_B","Strike_B","Defend_B","Defend_B+1","Defend_B","Defend_B+1","Zap+1","Dualcast","Compile Driver","Glacier+1","Barrage+1","Capacitor+1","Genetic Algorithm","Defragment+1","Hologram+1","Machine Learning+1","Go for the Eyes+1","Chill","Storm+1","BootSequence","Leap+1","Doom and Gloom","Self Repair+1","Meteor Strike","Creative AI+1","Glacier","Glacier+1","Meteor Strike","Electrodynamics+1","Capacitor+1"],"special_seed":0,"relics":["Cracked Core","NeowsBlessing","Vajra","Bronze Scales","Golden Idol","Bird Faced Urn","Prayer Wheel","Ectoplasm","Symbiotic Virus","Centennial Puzzle","Singing Bowl","Lantern","Oddly Smooth Stone","Tiny House","StoneCalendar","WingedGreaves","Letter Opener","Mummified Hand","Old Coin","MawBank","Nunchaku","Meat on the Bone","War Paint"],"potions_floor_usage":[56,56],"damage_taken":[{"damage":0.0,"enemies":"Cultist","floor":1.0,"turns":1.0},{"damage":0.0,"enemies":"2 Louse","floor":4.0,"turns":1.0},{"damage":0.0,"enemies":"Lagavulin","floor":6.0,"turns":1.0},{"damage":1.0,"enemies":"Jaw Worm","floor":12.0,"turns":3.0},{"damage":15.0,"enemies":"Blue Slaver","floor":13.0,"turns":4.0},{"damage":8.0,"enemies":"Gremlin Nob","floor":14.0,"turns":3.0},{"damage":0.0,"enemies":"The Guardian","floor":16.0,"turns":8.0},{"damage":1.0,"enemies":"3 Byrds","floor":18.0,"turns":4.0},{"damage":15.0,"enemies":"Shell Parasite","floor":21.0,"turns":5.0},{"damage":11.0,"enemies":"3 Cultists","floor":22.0,"turns":5.0},{"damage":1.0,"enemies":"Book of Stabbing","floor":23.0,"turns":4.0},{"damage":49.0,"enemies":"Slavers","floor":25.0,"turns":5.0},{"damage":0.0,"enemies":"Snecko","floor":27.0,"turns":5.0},{"damage":24.0,"enemies":"Snake Plant","floor":30.0,"turns":3.0},{"damage":13.0,"enemies":"Book of Stabbing","floor":31.0,"turns":5.0},{"damage":31.0,"enemies":"Collector","floor":33.0,"turns":11.0},{"damage":21.0,"enemies":"Orb Walker","floor":35.0,"turns":3.0},{"damage":15.0,"enemies":"2 Orb Walkers","floor":36.0,"turns":7.0},{"damage":0.0,"enemies":"Mind Bloom Boss Battle","floor":38.0,"turns":8.0},{"damage":45.0,"enemies":"Nemesis","floor":40.0,"turns":8.0},{"damage":24.0,"enemies":"Reptomancer","floor":41.0,"turns":8.0},{"damage":2.0,"enemies":"Giant Head","floor":42.0,"turns":8.0},{"damage":6.0,"enemies":"3 Darklings","floor":47.0,"turns":4.0},{"damage":0.0,"enemies":"Nemesis","floor":48.0,"turns":7.0},{"damage":75.0,"enemies":"Awakened One","floor":50.0,"turns":11.0},{"damage":17.0,"enemies":"Donu and Deca","floor":51.0,"turns":7.0},{"damage":58.0,"enemies":"Shield and Spear","floor":55.0,"turns":5.0},{"damage":67,"enemies":"The Heart","floor":56,"turns":12}],"seed_played":"3403736124813748589","potions_obtained":[{"floor":4.0,"key":"AttackPotion"},{"floor":12.0,"key":"SteroidPotion"},{"floor":16.0,"key":"Regen Potion"},{"floor":22.0,"key":"PowerPotion"},{"floor":31.0,"key":"Energy Potion"},{"floor":34.0,"key":"Explosive Potion"},{"floor":36.0,"key":"PowerPotion"},{"floor":42.0,"key":"AttackPotion"},{"floor":48.0,"key":"FocusPotion"},{"floor":55.0,"key":"Dexterity Potion"}],"is_trial":false,"path_per_floor":["M","?","?","M","?","E","R","?","T","$","R","M","M","E","R","B",null,"M","?","?","M","M","E","R","E","T","M","R","$","M","E","R","B",null,"M","?","?","?","T","E","E","E","T","R","$","R","M","E","R","B","B",null,"R","$","E","B",null],"character_chosen":"DEFECT","items_purchased":["Capacitor","Lantern"],"campfire_rested":0,"item_purchase_floors":[10,29],"current_hp_per_floor":[64,64,64,64,43,43,43,43,43,43,43,44,31,27,27,31,56,61,61,61,52,49,56,56,17,17,27,27,27,34,41,41,30,67,68,75,75,79,79,64,72,83,83,83,83,83,87,87,87,58,75,84,84,84,61,46],"gold":15,"neow_bonus":"THREE_ENEMY_KILL","is_prod":false,"is_daily":false,"chose_seed":false,"campfire_upgraded":9,"win_rate":0,"timestamp":1555117678,"path_taken":["M","?","?","?","?","E","R","?","T","?","R","?","M","E","R","BOSS","M","?","?","?","M","E","R","E","T","M","R","$","M","E","R","BOSS","M","?","?","?","?","E","E","E","T","R","$","R","M","E","R","BOSS","BOSS","R","$","E","BOSS"],"build_version":"2019-04-04","purchased_purges":0,"victory":true,"max_hp_per_floor":[71,71,71,71,71,71,71,64,64,64,64,64,64,64,64,64,64,64,64,64,64,64,64,64,66,66,68,68,68,72,72,72,72,77,79,81,77,79,79,79,81,83,83,83,83,83,87,87,87,87,87,87,87,87,87,87],"card_choices":[{"not_picked":["Aggregate","Rebound"],"picked":"Compile Driver","floor":1.0},{"not_picked":["Reinforced Body","Leap"],"picked":"Glacier","floor":4.0},{"not_picked":["Redo","Compile Driver"],"picked":"Barrage","floor":6.0},{"not_picked":["Fission","Go for the Eyes"],"picked":"Genetic Algorithm","floor":12.0},{"not_picked":["FTL","Hologram"],"picked":"Defragment","floor":13.0},{"not_picked":["Go for the Eyes","Gash"],"picked":"Hologram","floor":14.0},{"not_picked":["Multi-Cast","Thunder Strike"],"picked":"Machine Learning","floor":16.0},{"not_picked":["Storm","Compile Driver"],"picked":"Go for the Eyes+1","floor":18.0},{"not_picked":["Steam+1","Fusion","Sweeping Beam"],"picked":"SKIP","floor":18.0},{"not_picked":["Loop","Reinforced Body"],"picked":"Chill","floor":21.0},{"not_picked":["Lockon","Streamline"],"picked":"Storm+1","floor":21.0},{"not_picked":["Reinforced Body","Hologram"],"picked":"BootSequence","floor":22.0},{"not_picked":["Rebound","Fusion"],"picked":"Leap","floor":22.0},{"not_picked":["Sweeping Beam","Multi-Cast"],"picked":"Doom and Gloom","floor":23.0},{"not_picked":["Go for the Eyes","Loop","Gash"],"picked":"Singing Bowl","floor":25.0},{"not_picked":["Blizzard","Barrage","Redo"],"picked":"Singing Bowl","floor":27.0},{"not_picked":["Sunder","Coolheaded+1"],"picked":"Self Repair","floor":27.0},{"not_picked":["Barrage","Ball Lightning","Rip and Tear"],"picked":"Singing Bowl","floor":30.0},{"not_picked":["Hologram","Melter","Double Energy"],"picked":"Singing Bowl","floor":30.0},{"not_picked":["Blizzard","Streamline"],"picked":"Meteor Strike","floor":31.0},{"not_picked":["Seek","Thunder Strike"],"picked":"Creative AI","floor":33.0},{"not_picked":["Rebound","Redo"],"picked":"Glacier","floor":34.0},{"not_picked":["Force Field","Leap"],"picked":"Glacier","floor":35.0},{"not_picked":["Turbo","Blizzard","Coolheaded"],"picked":"Singing Bowl","floor":35.0},{"not_picked":["Steam","Sunder+1","Go for the Eyes"],"picked":"Singing Bowl","floor":36.0},{"not_picked":["Leap+1","Ball Lightning+1","Sweeping Beam"],"picked":"Singing Bowl","floor":38.0},{"not_picked":["Steam","Sunder+1"],"picked":"Meteor Strike","floor":40.0},{"not_picked":["Turbo","Gash+1","Go for the Eyes+1"],"picked":"Singing Bowl","floor":41.0},{"not_picked":["Redo","Thunder Strike","Rip and Tear"],"picked":"Singing Bowl","floor":42.0},{"not_picked":["Rebound","Conserve Battery","Redo"],"picked":"Singing Bowl","floor":47.0},{"not_picked":["Gash","Streamline","Loop"],"picked":"Singing Bowl","floor":47.0},{"not_picked":["Go for the Eyes+1","Aggregate+1"],"picked":"Electrodynamics","floor":48.0},{"not_picked":["Blizzard","Self Repair"],"picked":"Capacitor+1","floor":55.0}],"player_experience":1114271,"relics_obtained":[{"floor":6.0,"key":"Bronze Scales"},{"floor":9.0,"key":"Bird Faced Urn"},{"floor":14.0,"key":"Prayer Wheel"},{"floor":20.0,"key":"Symbiotic Virus"},{"floor":23.0,"key":"Centennial Puzzle"},{"floor":25.0,"key":"Singing Bowl"},{"floor":31.0,"key":"Oddly Smooth Stone"},{"floor":36.0,"key":"StoneCalendar"},{"floor":38.0,"key":"WingedGreaves"},{"floor":39.0,"key":"Letter Opener"},{"floor":40.0,"key":"Mummified Hand"},{"floor":41.0,"key":"Old Coin"},{"floor":42.0,"key":"MawBank"},{"floor":43.0,"key":"Nunchaku"},{"floor":48.0,"key":"Meat on the Bone"},{"floor":55.0,"key":"War Paint"}],"event_choices":[{"damage_healed":0.0,"max_hp_gain":0.0,"max_hp_loss":0.0,"gold_gain":0.0,"event_name":"Big Fish","player_choice":"Box","floor":2.0,"gold_loss":0.0,"damage_taken":0.0,"relics_obtained":["Vajra"],"cards_obtained":["Regret"]},{"cards_removed":["Regret"],"damage_healed":0.0,"max_hp_gain":0.0,"max_hp_loss":0.0,"gold_gain":0.0,"event_name":"The Cleric","player_choice":"Card Removal","floor":3.0,"gold_loss":75.0,"damage_taken":0.0},{"damage_healed":0.0,"max_hp_gain":0.0,"max_hp_loss":0.0,"gold_gain":0.0,"event_name":"Shining Light","player_choice":"Entered Light","floor":5.0,"gold_loss":0.0,"damage_taken":21.0,"cards_upgraded":["Defend_B","Zap"]},{"damage_healed":0.0,"max_hp_gain":0.0,"max_hp_loss":7.0,"gold_gain":0.0,"event_name":"Golden Idol","player_choice":"Lose Max HP","floor":8.0,"gold_loss":0.0,"damage_taken":0.0,"relics_obtained":["Golden Idol"]},{"damage_healed":0.0,"max_hp_gain":0.0,"max_hp_loss":0.0,"gold_gain":0.0,"event_name":"Cursed Tome","player_choice":"Ignored","floor":19.0,"gold_loss":0.0,"damage_taken":0.0},{"damage_healed":0.0,"max_hp_gain":0.0,"max_hp_loss":0.0,"gold_gain":0.0,"event_name":"Wheel of Change","player_choice":"Relic","floor":20.0,"gold_loss":0.0,"damage_taken":0.0},{"damage_healed":0.0,"max_hp_gain":0.0,"max_hp_loss":0.0,"gold_gain":0.0,"event_name":"Mysterious Sphere","player_choice":"Fight","floor":36.0,"gold_loss":0.0,"damage_taken":0.0},{"damage_healed":0.0,"max_hp_gain":0.0,"max_hp_loss":4.0,"gold_gain":0.0,"event_name":"Winding Halls","player_choice":"Max HP","floor":37.0,"gold_loss":0.0,"damage_taken":0.0},{"damage_healed":0.0,"max_hp_gain":0.0,"max_hp_loss":0.0,"gold_gain":0.0,"event_name":"MindBloom","player_choice":"Fight","floor":38.0,"gold_loss":0.0,"damage_taken":0.0}],"is_beta":true,"boss_relics":[{"not_picked":["Inserter","Nuclear Battery"],"picked":"Ectoplasm"},{"not_picked":["Velvet Choker","Runic Dome"],"picked":"Tiny House"}],"items_purged_floors":[],"is_endless":false,"potions_floor_spawned":[4,12,16,22,23,31,36,42,48,55],"ascension_level":20}