{"gold_per_floor":[110,285,297,313,36,36,62,62,62,118,135,135,148,158,158,259,259,279,279,105,1,26,26,55,0,0,15,26,37,53,4,4,108,108,119,119,135,135,135,135,172,192,192,192,192,202,150,161,161,161],"floor_reached":50,"playtime":2449,"items_purged":["Defend_B","Doubt"],"score":693,"play_id":"4aa7b5f5-93e4-4e87-b1aa-f6a12b7c651c","local_time":"20190327075754","is_ascension_mode":true,"campfire_choices":[{"data":"Zap","floor":6.0,"key":"SMITH"},{"data":"Dualcast","floor":8.0,"key":"SMITH"},{"data":"Defragment","floor":15.0,"key":"SMITH"},{"data":"Storm","floor":23,"key":"SMITH"},{"floor":32,"key":"REST"},{"floor":44,"key":"RECALL"},{"data":"Fission","floor":49,"key":"SMITH"}],"neow_cost":"NONE","seed_source_timestamp":0,"circlet_count":0,"master_deck":["Strike_B+1","Strike_B+1","Strike_B+1","Strike_B+1","Defend_B+1","Defend_B+1","Defend_B+1","Zap+1","Dualcast+1","Ball Lightning+1","BootSequence+1","Glacier+1","All For One+1","White Noise+1","Glacier+1","Defragment+1","Echo Form+1","Storm+1","Echo Form+1","Reboot+1","Consume+1","Coolheaded+1","Defragment+1","Capacitor+1","Dark Shackles+1","Finesse+1","Jack Of All Trades+1","Fission+1","Leap+1"],"special_seed":0,"relics":["Cracked Core","ClockworkSouvenir","Mummified Hand","Dodecahedron","Boot","WingedGreaves","Inserter","Strawberry","Vajra","Symbiotic Virus","Happy Flower","Orrery","Mark of the Bloom","Oddly Smooth Stone"],"potions_floor_usage":[33,33,35,42,46,48,50,50],"damage_taken":[{"damage":0.0,"enemies":"Small Slimes","floor":1.0,"turns":3.0},{"damage":0.0,"enemies":"Jaw Worm","floor":3.0,"turns":1.0},{"damage":0.0,"enemies":"Cultist","floor":4.0,"turns":4.0},{"damage":10.0,"enemies":"3 Sentries","floor":7.0,"turns":6.0},{"damage":24.0,"enemies":"Lagavulin Event","floor":10.0,"turns":5.0},{"damage":0.0,"enemies":"Exordium Wildlife","floor":11.0,"turns":3.0},{"damage":0.0,"enemies":"Lots of Slimes","floor":13.0,"turns":3.0},{"damage":0.0,"enemies":"Looter","floor":14.0,"turns":2.0},{"damage":0.0,"enemies":"The Guardian","floor":16.0,"turns":10.0},{"damage":0.0,"enemies":"Shell Parasite","floor":18.0,"turns":9.0},{"damage":44,"enemies":"Gremlin Leader","floor":24,"turns":6},{"damage":0,"enemies":"Spheric Guardian","floor":27,"turns":3},{"damage":0,"enemies":"Snake Plant","floor":28,"turns":4},{"damage":0,"enemies":"Centurion and Healer","floor":29,"turns":5},{"damage":18,"enemies":"Snecko","floor":30,"turns":3},{"damage":18,"enemies":"Champ","floor":33,"turns":5},{"damage":0,"enemies":"3 Darklings","floor":35,"turns":6},{"damage":1,"enemies":"Orb Walker","floor":37,"turns":2},{"damage":21,"enemies":"Sphere and 2 Shapes","floor":41,"turns":4},{"damage":0,"enemies":"Transient","floor":42,"turns":5},{"damage":6,"enemies":"4 Shapes","floor":46,"turns":4},{"damage":23,"enemies":"Writhing Mass","floor":48,"turns":4},{"damage":16,"enemies":"Awakened One","floor":50,"turns":3}],"seed_played":"7698626393141664812","potions_obtained":[{"floor":0.0,"key":"SneckoOil"},{"floor":0.0,"key":"Fire Potion"},{"floor":0.0,"key":"AttackPotion"},{"floor":1.0,"key":"AttackPotion"},{"floor":10.0,"key":"Poison Potion"},{"floor":13.0,"key":"LiquidBronze"},{"floor":16.0,"key":"GamblersBrew"},{"floor":24,"key":"PowerPotion"},{"floor":27,"key":"LiquidBronze"},{"floor":37,"key":"LiquidBronze"},{"floor":41,"key":"SkillPotion"},{"floor":42,"key":"Swift Potion"},{"floor":48,"key":"Block Potion"}],"is_trial":false,"path_per_floor":["M","?","M","M","$","R","E","R","T","?","M","?","M","M","R","B",null,"M","?","$","$","T","R","E","?","T","M","M","M","M","$","R","B",null,"M","?","M","?","?","?","M","M","T","R","?","M","$","M","R","B"],"character_chosen":"DEFECT","items_purchased":["ClockworkSouvenir","Storm","Fruit Juice","SkillPotion","SkillPotion"],"campfire_rested":1,"item_purchase_floors":[5,20,21,31,47],"current_hp_per_floor":[68,68,68,68,68,68,58,58,58,34,34,31,31,31,31,31,64,64,64,64,69,76,76,32,32,32,32,32,32,14,14,40,22,71,71,71,70,60,60,60,39,39,39,39,39,33,33,10,10,0],"gold":161,"neow_bonus":"THREE_SMALL_POTIONS","is_prod":false,"is_daily":false,"chose_seed":false,"campfire_upgraded":5,"win_rate":0,"timestamp":1553691474,"path_taken":["M","?","M","M","$","R","E","R","T","?","M","?","?","M","R","BOSS","M","?","$","$","?","R","E","?","T","M","M","?","M","$","R","BOSS","M","?","?","?","?","?","M","?","T","R","?","M","?","M","R","BOSS"],"build_version":"2019-01-23","purchased_purges":2,"victory":false,"max_hp_per_floor":[75,75,75,75,75,75,75,75,75,75,75,75,75,75,75,75,75,75,75,75,80,87,87,87,87,87,87,87,87,87,87,87,87,87,87,87,87,87,87,83,83,83,83,83,83,83,83,83,83,83],"card_choices":[{"not_picked":["Leap","BootSequence"],"picked":"Ball Lightning","floor":1.0},{"not_picked":["Hologram","Stack"],"picked":"BootSequence","floor":3.0},{"not_picked":["Scrape","Coolheaded"],"picked":"Glacier","floor":4.0},{"not_picked":["BootSequence","Recycle"],"picked":"All For One","floor":7.0},{"not_picked":["Gash","Conserve Battery"],"picked":"White Noise","floor":10.0},{"not_picked":["Lockon","Reinforced Body"],"picked":"Glacier","floor":11.0},{"not_picked":["Hologram","Leap","Capacitor"],"picked":"SKIP","floor":13.0},{"not_picked":["Ball Lightning","Streamline"],"picked":"Defragment","floor":14.0},{"not_picked":["Buffer","Electrodynamics"],"picked":"Echo Form","floor":16.0},{"not_picked":["Conserve Battery","Rebound","Lockon"],"picked":"SKIP","floor":18.0},{"not_picked":["Conserve Battery","Sweeping Beam+1"],"picked":"Echo Form","floor":24},{"not_picked":["Chaos","Reprogram+1","Gash"],"picked":"SKIP","floor":27},{"not_picked":["Redo","Hologram","Barrage"],"picked":"SKIP","floor":28},{"not_picked":["Ball Lightning","Barrage","Compile Driver"],"picked":"SKIP","floor":29},{"not_picked":["Genetic Algorithm","Amplify","Blizzard"],"picked":"SKIP","floor":30},{"not_picked":["Hyperbeam","Echo Form"],"picked":"Reboot","floor":33},{"not_picked":["Stack+1","Sweeping Beam"],"picked":"Consume","floor":34},{"not_picked":["Conserve Battery","Loop+1"],"picked":"Coolheaded","floor":34},{"not_picked":["Go for the Eyes","Coolheaded+1","Stack"],"picked":"SKIP","floor":35},{"not_picked":["Sweeping Beam","FTL"],"picked":"Capacitor+1","floor":37},{"not_picked":["Purity","Metamorphosis"],"picked":"Dark Shackles","floor":38},{"not_picked":["Forethought","Discovery"],"picked":"Finesse","floor":38},{"not_picked":["Swift Strike","Impatience"],"picked":"Jack Of All Trades","floor":38},{"not_picked":["Self Repair","Ball Lightning+1","Redo+1"],"picked":"SKIP","floor":41},{"not_picked":["Conserve Battery","BootSequence","Ball Lightning"],"picked":"SKIP","floor":42},{"not_picked":["Beam Cell","Leap+1"],"picked":"Fission","floor":46},{"not_picked":["Gash+1","Heatsinks"],"picked":"Leap+1","floor":48}],"player_experience":129048,"relics_obtained":[{"floor":7.0,"key":"Mummified Hand"},{"floor":9.0,"key":"Dodecahedron"},{"floor":22,"key":"Strawberry"},{"floor":24,"key":"Vajra"},{"floor":26,"key":"Happy Flower"},{"floor":43,"key":"Oddly Smooth Stone"}],"event_choices":[{"damage_healed":0.0,"max_hp_gain":0.0,"max_hp_loss":0.0,"gold_gain":175.0,"event_name":"Liars Game","player_choice":"AGREE","floor":2.0,"gold_loss":0.0,"damage_taken":0.0,"cards_obtained":["Doubt"]},{"damage_healed":0.0,"max_hp_gain":0.0,"max_hp_loss":0.0,"gold_gain":0.0,"event_name":"Dead Adventurer","player_choice":"Searched \u00272\u0027 times","floor":10.0,"gold_loss":0.0,"damage_taken":0.0,"relics_obtained":["Boot"]},{"damage_healed":0.0,"max_hp_gain":0.0,"max_hp_loss":0.0,"gold_gain":0.0,"event_name":"Scrap Ooze","player_choice":"Success","floor":12.0,"gold_loss":0.0,"damage_taken":3.0,"relics_obtained":["WingedGreaves"]},{"damage_healed":0.0,"max_hp_gain":0.0,"max_hp_loss":0.0,"gold_gain":0.0,"event_name":"Vampires","player_choice":"Ignored","floor":19.0,"gold_loss":0.0,"damage_taken":0.0},{"damage_healed":0,"gold_gain":0,"player_choice":"Paid Gold","damage_taken":0,"relics_obtained":["Symbiotic Virus"],"max_hp_gain":0,"max_hp_loss":0,"event_name":"WeMeetAgain","floor":25,"gold_loss":55},{"damage_healed":0,"gold_gain":0,"player_choice":"Copied","damage_taken":0,"max_hp_gain":0,"max_hp_loss":0,"event_name":"Duplicator","floor":36,"gold_loss":0,"cards_obtained":["Defragment"]},{"damage_healed":0,"gold_gain":0,"player_choice":"Memory 3","damage_taken":10,"max_hp_gain":0,"max_hp_loss":0,"event_name":"SensoryStone","floor":38,"gold_loss":0},{"damage_healed":0,"gold_gain":0,"player_choice":"Upgrade","damage_taken":0,"relics_obtained":["Mark of the Bloom"],"max_hp_gain":0,"max_hp_loss":0,"event_name":"MindBloom","floor":39,"gold_loss":0,"cards_upgraded":["Strike_B","Strike_B","Strike_B","Strike_B","Defend_B","Defend_B","Defend_B","Ball Lightning","BootSequence","Glacier","All For One","White Noise","Glacier","Echo Form","Echo Form","Reboot","Consume","Coolheaded","Dark Shackles","Finesse","Jack Of All Trades"]},{"damage_healed":0,"gold_gain":0,"player_choice":"Max HP","damage_taken":0,"max_hp_gain":0,"max_hp_loss":4,"event_name":"Winding Halls","floor":40,"gold_loss":0},{"damage_healed":0,"gold_gain":0,"player_choice":"Ignored","damage_taken":0,"max_hp_gain":0,"max_hp_loss":0,"event_name":"Mysterious Sphere","floor":45,"gold_loss":0}],"is_beta":false,"boss_relics":[{"not_picked":["Pandora\u0027s Box","Philosopher\u0027s Stone"],"picked":"Inserter"},{"not_picked":["Velvet Choker","Fusion Hammer"],"picked":"Orrery"}],"items_purged_floors":[5,20],"is_endless":false,"potions_floor_spawned":[1,10,13,16,24,27,28,30,37,41,42,48],"killed_by":"Awakened One","ascension_level":6}