{"gold_per_floor":[110,110,110,129,129,162,177,171,197,238,256,256,256],"floor_reached":13,"playtime":1245,"items_purged":[],"score":132,"play_id":"5d6c021a-fd7d-4e87-a156-3ddc7385fcff","local_time":"20181024222043","is_ascension_mode":true,"campfire_choices":[{"data":"Dual Wield","floor":12,"key":"SMITH"}],"neow_cost":"NONE","seed_source_timestamp":82145159689971,"circlet_count":0,"master_deck":["Strike_R","Strike_R","Strike_R","Strike_R","Defend_R","Defend_R","Defend_R","Defend_R","Bash","Havoc","Burning Pact","Havoc","Injury","Reaper","Dual Wield+1","Corruption","Disarm","Flame Barrier"],"relics":["Burning Blood","NeowsBlessing","Golden Idol","Pen Nib","Dream Catcher","Orichalcum"],"potions_floor_usage":[8,8],"damage_taken":[{"damage":0,"enemies":"Cultist","floor":1,"turns":1},{"damage":0,"enemies":"Jaw Worm","floor":4,"turns":1},{"damage":0,"enemies":"Lagavulin","floor":6,"turns":1},{"damage":6,"enemies":"2 Louse","floor":7,"turns":3},{"damage":10,"enemies":"Exordium Thugs","floor":8,"turns":4},{"damage":62,"enemies":"Gremlin Nob","floor":10,"turns":6},{"damage":21,"enemies":"Blue Slaver","floor":11,"turns":6},{"damage":0,"enemies":"3 Sentries","floor":13,"turns":1}],"seed_played":"-7844107825661705444","potions_obtained":[{"floor":1,"key":"Block Potion"},{"floor":7,"key":"AttackPotion"},{"floor":8,"key":"Dexterity Potion"},{"floor":10,"key":"GamblersBrew"}],"is_trial":false,"path_per_floor":["M","$","?","M","?","E","M","M","T","E","M","R"],"character_chosen":"IRONCLAD","items_purchased":[],"campfire_rested":0,"item_purchase_floors":[],"current_hp_per_floor":[80,80,80,80,80,80,80,76,76,32,25,25,25],"gold":256,"neow_bonus":"THREE_ENEMY_KILL","is_prod":false,"is_daily":false,"chose_seed":false,"campfire_upgraded":1,"win_rate":0,"timestamp":1540437643,"path_taken":["M","$","?","M","?","E","M","M","T","E","M","R","E"],"build_version":"2018-10-18","purchased_purges":0,"victory":false,"max_hp_per_floor":[80,80,80,80,80,80,80,80,80,80,80,80,80],"card_choices":[{"not_picked":["Rupture","Thunderclap"],"picked":"Havoc","floor":1},{"not_picked":["Sword Boomerang","Combust"],"picked":"Havoc","floor":4},{"not_picked":["Headbutt","Iron Wave"],"picked":"Reaper","floor":6},{"not_picked":["Iron Wave","Twin Strike"],"picked":"Dual Wield","floor":7},{"not_picked":["Shrug It Off","Searing Blow"],"picked":"Corruption","floor":8},{"not_picked":["Thunderclap","Headbutt"],"picked":"Disarm","floor":10},{"not_picked":["Thunderclap","Armaments"],"picked":"Flame Barrier","floor":11}],"player_experience":185550,"relics_obtained":[{"floor":6,"key":"Pen Nib"},{"floor":9,"key":"Dream Catcher"},{"floor":10,"key":"Orichalcum"}],"event_choices":[{"damage_healed":0,"gold_gain":0,"cards_transformed":["Strike_R"],"player_choice":"Change","damage_taken":0,"max_hp_gain":0,"max_hp_loss":0,"event_name":"Living Wall","floor":3,"gold_loss":0,"cards_obtained":["Burning Pact"]},{"damage_healed":0,"gold_gain":0,"player_choice":"Take Wound","damage_taken":0,"relics_obtained":["Golden Idol"],"max_hp_gain":0,"max_hp_loss":0,"event_name":"Golden Idol","floor":5,"gold_loss":0,"cards_obtained":["Injury"]}],"is_beta":false,"boss_relics":[],"items_purged_floors":[],"is_endless":false,"potions_floor_spawned":[1,7,8,10],"killed_by":"3 Sentries","ascension_level":2}