{"path_per_floor":["M","?","M","M","M","E","R","E","T","M","R","M","M","?","R","B",null,"M","?","?","$","M","E","R","M","T","E"],"character_chosen":"THE_SILENT","items_purchased":["Mummified Hand","Noxious Fumes"],"gold_per_floor":[114,114,129,145,158,191,191,219,244,260,260,273,285,285,285,386,386,397,397,322,36,47,77,77,95,119,150],"floor_reached":28,"campfire_rested":0,"playtime":2241,"current_hp_per_floor":[70,70,69,69,69,66,66,63,63,65,65,67,64,50,50,44,70,60,60,60,60,51,53,53,55,55,23],"items_purged":[],"gold":150,"score":322,"play_id":"9c4c66e1-17e2-409e-b354-5edbb22c608f","local_time":"20180228003536","is_prod":false,"is_daily":false,"is_ascension_mode":true,"campfire_upgraded":4,"timestamp":1519806936,"path_taken":["M","?","M","M","M","E","R","E","T","M","R","M","M","?","R","BOSS","M","?","?","$","M","E","R","M","T","E","M"],"build_version":"2018-02-27-BETA1","purchased_purges":2,"victory":false,"master_deck":["Defend_G+1","Defend_G+1","Defend_G+1","Defend_G+1","Defend_G+1","Strike_G+1","Strike_G+1","Strike_G+1","Strike_G+1","Neutralize+1","Blur+1","Flying Knee+1","Burst+1","Deflect","Terror+1","Backflip","Outmaneuver+1","Footwork+1","Well Laid Plans","Wraith Form+1","Noxious Fumes","Acrobatics+1","After Image","Footwork","Leg Sweep"],"max_hp_per_floor":[70,70,70,70,70,70,70,70,70,70,70,70,70,70,70,70,70,70,70,70,70,70,77,77,77,77,87],"relics":["Black Star","Ancient Tea Set","Bag of Preparation","Snake Skull","Pen Nib","Blood Vial","Sozu","Mummified Hand","Strawberry","War Paint","Whetstone","Pear","The Courier"],"card_choices":[{"not_picked":["Flechettes","Backflip"],"picked":"Blur"},{"not_picked":["PiercingWail","Sucker Punch"],"picked":"Flying Knee"},{"not_picked":["Bane","Poisoned Stab"],"picked":"Burst"},{"not_picked":["Poisoned Stab","Prepared"],"picked":"Deflect"},{"not_picked":["Prepared","Dagger Throw"],"picked":"Terror"},{"not_picked":["Quick Slash","Prepared"],"picked":"Backflip"},{"not_picked":["Cloak And Dagger","Acrobatics"],"picked":"Outmaneuver"},{"not_picked":["A Thousand Cuts","Blur"],"picked":"Footwork"},{"not_picked":["Leg Sweep","Dagger Spray"],"picked":"Well Laid Plans"},{"not_picked":["Tactician","Venomology"],"picked":"Wraith Form"},{"not_picked":["All Out Attack","Crippling Poison"],"picked":"Acrobatics"},{"not_picked":["Backflip","Leg Sweep"],"picked":"After Image"},{"not_picked":["Acrobatics","Setup"],"picked":"Footwork"},{"not_picked":["Dagger Spray","Tools of the Trade"],"picked":"Leg Sweep"}],"player_experience":122577,"potions_floor_usage":[6,16,16,22],"damage_taken":[{"damage":0,"enemies":"2 Louse","floor":1,"turns":3},{"damage":1,"enemies":"Cultist","floor":3,"turns":4},{"damage":0,"enemies":"Jaw Worm","floor":4,"turns":4},{"damage":0,"enemies":"2 Fungi Beasts","floor":5,"turns":7},{"damage":3,"enemies":"3 Sentries","floor":6,"turns":14},{"damage":3,"enemies":"Lagavulin","floor":8,"turns":8},{"damage":0,"enemies":"Exordium Wildlife","floor":10,"turns":7},{"damage":0,"enemies":"Looter","floor":12,"turns":4},{"damage":5,"enemies":"2 Fungi Beasts","floor":13,"turns":5},{"damage":8,"enemies":"The Guardian","floor":16,"turns":19},{"damage":10,"enemies":"Spheric Guardian","floor":18,"turns":5},{"damage":11,"enemies":"3 Byrds","floor":22,"turns":5},{"damage":7,"enemies":"Gremlin Leader","floor":23,"turns":8},{"damage":0,"enemies":"Snecko","floor":25,"turns":5},{"damage":44,"enemies":"Slavers","floor":27,"turns":6},{"damage":51,"enemies":"Chosen and Byrds","floor":28,"turns":5}],"event_choices":[{"event_name":"Living Wall","player_choice":"Forget","floor":2,"damage_taken":0},{"event_name":"Shining Light","player_choice":"Entered Light","floor":14,"damage_taken":0},{"event_name":"Back to Basics","player_choice":"Simplicity","floor":19,"damage_taken":0},{"event_name":"Beggar","player_choice":"Gave Gold","floor":20,"damage_taken":0}],"boss_relics":[{"not_picked":["Orrery","Runic Dome"],"picked":"Sozu"}],"potions_floor_spawned":[1,3,5,16,18,22,27],"seed_played":"154902461723241876","killed_by":"Chosen and Byrds","ascension_level":2,"is_trial":false}