{"gold_per_floor":[118,17,36,50,102,102,137,156,156,156,168,268,279,291,291,392,392,408,427,441,441,457,457,486,501,501,0,0],"floor_reached":28,"playtime":1621,"items_purged":["Defend_G"],"score":244,"play_id":"8040986a-17cc-4246-a683-0b98e0af9b7d","local_time":"20180711170622","is_ascension_mode":false,"campfire_choices":[{"data":"Deadly Poison","floor":6,"key":"SMITH"},{"floor":10,"key":"REST"},{"data":"Bouncing Flask","floor":15,"key":"SMITH"},{"floor":23,"key":"REST"}],"neow_cost":"","seed_source_timestamp":72666118938092,"circlet_count":0,"master_deck":["Defend_G","Defend_G","Defend_G","Defend_G","Strike_G","Strike_G","Strike_G","Strike_G","Strike_G","Survivor","Neutralize","Outmaneuver","Backflip","Deadly Poison+1","Backstab","Bouncing Flask+1","Adrenaline","Wraith Form v2+1","Deadly Poison","Noxious Fumes+1"],"relics":["Ring of the Snake","Frozen Egg 2","Meat on the Bone","Philosopher\u0027s Stone","Ninja Scroll","Pantograph"],"potions_floor_usage":[16,16,18,19,24],"damage_taken":[{"damage":1,"enemies":"2 Louse","floor":1,"turns":4},{"damage":3,"enemies":"Small Slimes","floor":3,"turns":5},{"damage":1,"enemies":"Cultist","floor":4,"turns":5},{"damage":28,"enemies":"3 Sentries","floor":7,"turns":12},{"damage":17,"enemies":"Exordium Wildlife","floor":8,"turns":6},{"damage":3,"enemies":"Gremlin Gang","floor":11,"turns":5},{"damage":2,"enemies":"Looter","floor":13,"turns":3},{"damage":4,"enemies":"Blue Slaver","floor":14,"turns":3},{"damage":4,"enemies":"Hexaghost","floor":16,"turns":8},{"damage":0,"enemies":"Spheric Guardian","floor":18,"turns":3},{"damage":27,"enemies":"3 Byrds","floor":19,"turns":5},{"damage":29,"enemies":"Centurion and Healer","floor":20,"turns":8},{"damage":1,"enemies":"Snecko","floor":22,"turns":5},{"damage":4,"enemies":"Book of Stabbing","floor":24,"turns":6},{"damage":19,"enemies":"Cultist and Chosen","floor":25,"turns":5},{"damage":53,"enemies":"Gremlin Leader","floor":28,"turns":5}],"seed_played":"-4341667308505686322","potions_obtained":[{"floor":4,"key":"Dexterity Potion"},{"floor":7,"key":"Weak Potion"},{"floor":11,"key":"Swift Potion"},{"floor":14,"key":"GhostInAJar"},{"floor":16,"key":"Fire Potion"},{"floor":22,"key":"PowerPotion"}],"is_trial":false,"path_per_floor":["M","$","M","M","?","R","E","M","T","R","M","?","M","M","R","B",null,"M","M","M","?","M","R","E","M","T","?"],"character_chosen":"THE_SILENT","items_purchased":["Backflip"],"campfire_rested":2,"item_purchase_floors":[2],"current_hp_per_floor":[69,69,66,65,65,65,37,20,20,41,38,38,36,44,44,40,70,70,43,26,26,37,58,54,47,47,47,0],"gold":0,"neow_bonus":"","is_prod":false,"is_daily":false,"chose_seed":false,"campfire_upgraded":2,"win_rate":1,"timestamp":1531353982,"path_taken":["M","$","M","M","?","R","E","M","T","R","M","?","M","?","R","BOSS","M","M","M","?","M","R","E","M","T","?","E"],"build_version":"2018-07-05","purchased_purges":1,"victory":false,"max_hp_per_floor":[70,70,70,70,70,70,70,70,70,70,70,70,70,70,70,70,70,70,70,70,70,70,70,70,70,70,70,70],"card_choices":[{"not_picked":["Acrobatics","Quick Slash"],"picked":"Outmaneuver","floor":1},{"not_picked":["Flying Knee","Dodge and Roll"],"picked":"Deadly Poison","floor":3},{"not_picked":["PiercingWail","Unload"],"picked":"Backstab","floor":4},{"not_picked":["Underhanded Strike","Dash","Dodge and Roll"],"picked":"SKIP","floor":7},{"not_picked":["Flying Knee","Underhanded Strike","Malaise"],"picked":"SKIP","floor":8},{"not_picked":["Acrobatics","Quick Slash","Prepared"],"picked":"SKIP","floor":11},{"not_picked":["Blur","Poisoned Stab"],"picked":"Bouncing Flask","floor":13},{"not_picked":["Dagger Throw","Finisher"],"picked":"Adrenaline","floor":14},{"not_picked":["Burst","Corpse Explosion"],"picked":"Wraith Form v2+1","floor":16},{"not_picked":["Prepared+1","Predator+1","Deflect"],"picked":"SKIP","floor":18},{"not_picked":["All Out Attack+1","Quick Slash","Escape Plan"],"picked":"SKIP","floor":19},{"not_picked":["Dagger Throw","Slice","Underhanded Strike+1"],"picked":"SKIP","floor":20},{"not_picked":["Acrobatics","Skewer"],"picked":"Deadly Poison","floor":22},{"not_picked":["Flechettes","Reflex","Dagger Throw"],"picked":"SKIP","floor":24},{"not_picked":["Masterful Stab","Sucker Punch+1"],"picked":"Noxious Fumes+1","floor":25}],"player_experience":65030,"relics_obtained":[{"floor":7,"key":"Frozen Egg 2"},{"floor":9,"key":"Meat on the Bone"},{"floor":24,"key":"Ninja Scroll"},{"floor":26,"key":"Pantograph"}],"event_choices":[{"event_name":"Golden Wing","player_choice":"Gained Gold","floor":5,"damage_taken":0},{"event_name":"Wheel of Change","player_choice":"Gold","floor":12,"damage_taken":0},{"event_name":"Ghosts","player_choice":"Ignored","floor":21,"damage_taken":0},{"event_name":"Masked Bandits","player_choice":"Paid Bandits 501 gold","floor":27,"damage_taken":0}],"boss_relics":[{"not_picked":["Eternal Feather","Cursed Key"],"picked":"Philosopher\u0027s Stone"}],"items_purged_floors":[2],"is_endless":false,"potions_floor_spawned":[4,7,11,14,16,22],"killed_by":"Gremlin Leader","ascension_level":0}