{"gold_per_floor":[117,134,134,59,71,101,101,101,170,170,21,21,46,56],"floor_reached":14,"playtime":490,"items_purged":["Defend_G"],"score":98,"play_id":"20496b38-b54e-48cc-bf3f-34dfaacc4170","local_time":"20180722223418","is_ascension_mode":false,"campfire_choices":[{"floor":8,"key":"REST"},{"floor":10,"key":"REST"},{"data":"A Thousand Cuts","floor":12,"key":"SMITH"}],"neow_cost":"","seed_source_timestamp":124272284720677,"circlet_count":0,"master_deck":["Defend_G","Defend_G","Defend_G","Strike_G","Strike_G","Strike_G","Strike_G","Strike_G","Survivor","Neutralize","Deadly Poison","A Thousand Cuts+1","Deflect+1"],"relics":["Ring of the Snake","Boot","Toxic Egg 2","Happy Flower","Orichalcum"],"potions_floor_usage":[6],"damage_taken":[{"damage":6,"enemies":"Jaw Worm","floor":1,"turns":4},{"damage":2,"enemies":"Small Slimes","floor":2,"turns":4},{"damage":1,"enemies":"Cultist","floor":5,"turns":4},{"damage":48,"enemies":"Gremlin Nob","floor":6,"turns":5},{"damage":18,"enemies":"Lagavulin","floor":13,"turns":6},{"damage":25,"enemies":"Exordium Thugs","floor":14,"turns":5}],"seed_played":"29864122970313639","potions_obtained":[{"floor":2,"key":"GamblersBrew"},{"floor":5,"key":"Regen Potion"}],"is_trial":false,"path_per_floor":["M","M","?","$","M","E","?","R","T","R","$","R","E"],"character_chosen":"THE_SILENT","items_purchased":["Happy Flower"],"campfire_rested":2,"item_purchase_floors":[11],"current_hp_per_floor":[64,62,55,55,54,11,11,32,32,53,53,53,35,10],"gold":56,"neow_bonus":"","is_prod":false,"is_daily":false,"chose_seed":false,"campfire_upgraded":1,"win_rate":0,"timestamp":1532324058,"path_taken":["M","M","?","$","?","E","?","R","T","R","?","R","E","M"],"build_version":"2018-07-19v2","purchased_purges":1,"victory":false,"max_hp_per_floor":[70,70,70,70,70,70,70,70,70,70,70,70,70,70],"card_choices":[{"not_picked":["Quick Slash","Bane","PiercingWail"],"picked":"SKIP","floor":1},{"not_picked":["Tactician","Flying Knee"],"picked":"Deadly Poison","floor":2},{"not_picked":["Deflect","Choke","Dash"],"picked":"SKIP","floor":5},{"not_picked":["Tactician","Bane","Poisoned Stab"],"picked":"SKIP","floor":6},{"not_picked":["Setup+1","Caltrops"],"picked":"Deflect+1","floor":13},{"not_picked":["Storm of Steel+1","Poisoned Stab","Bane"],"picked":"SKIP","floor":14}],"player_experience":76763,"relics_obtained":[{"floor":6,"key":"Boot"},{"floor":9,"key":"Toxic Egg 2"},{"floor":13,"key":"Orichalcum"}],"event_choices":[{"event_name":"Golden Wing","player_choice":"Card Removal","floor":3,"damage_taken":0},{"event_name":"Match and Keep!","player_choice":"1 cards matched","floor":7,"damage_taken":0}],"is_beta":false,"boss_relics":[],"items_purged_floors":[4],"is_endless":false,"potions_floor_spawned":[2,5],"killed_by":"Exordium Thugs","ascension_level":0}