{"gold_per_floor":[114,189,204,215,232,232,232,249,276,276,304,314,344,3,3,105,105,119,129,129,149,159,34,34,34,34,61,79,79,94,105,105,105],"floor_reached":33,"playtime":2949,"items_purged":["Reflex"],"score":306,"play_id":"6255ea8a-f689-47be-ac6b-12c237d5766f","local_time":"20190330120915","is_ascension_mode":false,"campfire_choices":[{"data":"Noxious Fumes","floor":6,"key":"SMITH"},{"data":"Deadly Poison","floor":10,"key":"SMITH"},{"data":"Noxious Fumes","floor":15,"key":"SMITH"},{"data":"Distraction","floor":25,"key":"SMITH"},{"data":"Accuracy","floor":29,"key":"SMITH"},{"floor":32,"key":"REST"}],"neow_cost":"NONE","seed_source_timestamp":146553675314849,"circlet_count":0,"master_deck":["Survivor","Neutralize","Noxious Fumes+1","Dash","Blade Dance","Poisoned Stab","Dodge and Roll","Deadly Poison+1","Dash","Noxious Fumes+1","Burst","Setup","Backstab","Distraction+1","Skewer","Dagger Throw","Dagger Throw","Eviscerate","Accuracy+1","Bane+1","Cloak And Dagger","Poisoned Stab+1","Well Laid Plans+1","Dodge and Roll+1","Cloak And Dagger","Caltrops","Deflect+1"],"relics":["Runic Dome","Boot","Whetstone","Happy Flower","Lee\u0027s Waffle","PreservedInsect","Pandora\u0027s Box","Darkstone Periapt","The Courier"],"potions_floor_usage":[11,11,16,18,18,19,21,22,27,27,30,31,31],"damage_taken":[{"damage":2,"enemies":"Small Slimes","floor":1,"turns":4},{"damage":0,"enemies":"2 Louse","floor":3,"turns":2},{"damage":1,"enemies":"Cultist","floor":4,"turns":3},{"damage":0,"enemies":"Large Slime","floor":5,"turns":6},{"damage":0,"enemies":"Looter","floor":8,"turns":3},{"damage":6,"enemies":"Gremlin Nob","floor":11,"turns":3},{"damage":5,"enemies":"Lots of Slimes","floor":12,"turns":3},{"damage":9,"enemies":"Lagavulin","floor":13,"turns":6},{"damage":6,"enemies":"Slime Boss","floor":16,"turns":9},{"damage":10,"enemies":"Shell Parasite","floor":18,"turns":4},{"damage":18,"enemies":"2 Thieves","floor":19,"turns":4},{"damage":15,"enemies":"Snecko","floor":21,"turns":3},{"damage":16,"enemies":"Centurion and Healer","floor":22,"turns":4},{"damage":35,"enemies":"Slavers","floor":27,"turns":3},{"damage":4,"enemies":"3 Cultists","floor":28,"turns":5},{"damage":15,"enemies":"Snecko","floor":30,"turns":5},{"damage":11,"enemies":"Centurion and Healer","floor":31,"turns":5},{"damage":59,"enemies":"Collector","floor":33,"turns":6}],"seed_played":"1454360098129845387","potions_obtained":[{"floor":4,"key":"AttackPotion"},{"floor":5,"key":"Explosive Potion"},{"floor":8,"key":"Dexterity Potion"},{"floor":16,"key":"SkillPotion"},{"floor":19,"key":"GamblersBrew"},{"floor":28,"key":"Block Potion"},{"floor":30,"key":"SneckoOil"}],"is_trial":false,"path_per_floor":["M","?","M","M","M","R","?","M","T","R","E","M","E","$","R","B",null,"M","M","?","M","M","$","?","R","T","E","M","R","M","M","R","B"],"character_chosen":"THE_SILENT","items_purchased":["Lee\u0027s Waffle","PreservedInsect","SpeedPotion"],"campfire_rested":1,"item_purchase_floors":[14,14,23],"current_hp_per_floor":[68,57,57,56,56,56,56,56,56,56,50,45,36,77,77,71,77,67,49,35,20,4,4,92,92,92,57,53,53,38,27,54,0],"gold":105,"neow_bonus":"BOSS_RELIC","is_prod":false,"is_daily":false,"chose_seed":false,"campfire_upgraded":5,"win_rate":0,"timestamp":1553972955,"path_taken":["M","?","M","M","M","R","?","?","T","R","E","M","E","$","R","BOSS","M","M","?","M","M","$","?","R","T","E","M","R","M","M","R","BOSS"],"build_version":"2019-01-23","purchased_purges":1,"victory":false,"max_hp_per_floor":[70,70,70,70,70,70,70,70,70,70,70,70,70,77,77,77,77,77,77,82,82,82,82,92,92,92,92,92,92,92,92,92,92],"card_choices":[{"not_picked":["Underhanded Strike","Dagger Spray"],"picked":"Noxious Fumes","floor":1},{"not_picked":["Terror","Acrobatics"],"picked":"Dash","floor":3},{"not_picked":["Backflip","Acrobatics"],"picked":"Blade Dance","floor":4},{"not_picked":["Deflect","Dagger Spray"],"picked":"Poisoned Stab","floor":5},{"not_picked":["Bane","Well Laid Plans"],"picked":"Deadly Poison","floor":8},{"not_picked":["Acrobatics","Catalyst"],"picked":"Dash","floor":11},{"not_picked":["Dodge and Roll","Poisoned Stab"],"picked":"Noxious Fumes","floor":12},{"not_picked":["Bane","Dash"],"picked":"Burst","floor":13},{"not_picked":["Storm of Steel","Glass Knife"],"picked":"Venomology","floor":16},{"not_picked":["Prepared","Bouncing Flask"],"picked":"Bane+1","floor":18},{"not_picked":["Outmaneuver+1","Dagger Throw"],"picked":"Cloak And Dagger","floor":19},{"not_picked":["Crippling Poison","Skewer"],"picked":"Poisoned Stab+1","floor":21},{"not_picked":["Outmaneuver+1","Slice+1"],"picked":"Well Laid Plans+1","floor":22},{"not_picked":["Acrobatics","Concentrate"],"picked":"Dodge and Roll+1","floor":27},{"not_picked":["Dodge and Roll","Bane"],"picked":"Cloak And Dagger","floor":28},{"not_picked":["Choke","Eviscerate"],"picked":"Caltrops","floor":30},{"not_picked":["Sucker Punch","Backflip"],"picked":"Deflect+1","floor":31}],"player_experience":259682,"relics_obtained":[{"floor":9,"key":"Boot"},{"floor":11,"key":"Whetstone"},{"floor":13,"key":"Happy Flower"},{"floor":26,"key":"Darkstone Periapt"},{"floor":27,"key":"The Courier"}],"event_choices":[{"damage_healed":0,"gold_gain":75,"player_choice":"Gather Gold","damage_taken":11,"max_hp_gain":0,"max_hp_loss":0,"event_name":"World of Goop","floor":2,"gold_loss":0},{"damage_healed":0,"gold_gain":0,"cards_transformed":["Strike_G"],"player_choice":"Transformed","damage_taken":0,"max_hp_gain":0,"max_hp_loss":0,"event_name":"Transmorgrifier","floor":7,"gold_loss":0,"cards_obtained":["Dodge and Roll"]},{"damage_healed":0,"gold_gain":0,"player_choice":"Shed Blood","damage_taken":19,"max_hp_gain":5,"max_hp_loss":0,"event_name":"Forgotten Altar","floor":20,"gold_loss":0},{"cards_removed":["Venomology"],"damage_healed":78,"gold_gain":0,"player_choice":"Offered Rare","damage_taken":0,"max_hp_gain":10,"max_hp_loss":0,"event_name":"Bonfire Elementals","floor":24,"gold_loss":0}],"is_beta":false,"boss_relics":[{"not_picked":["Busted Crown","Coffee Dripper"],"picked":"Pandora\u0027s Box"}],"items_purged_floors":[23],"is_endless":false,"potions_floor_spawned":[4,5,8,16,19,28,30],"killed_by":"Collector","ascension_level":0}