{"path_per_floor":["M","M","?","M","?","E","M","R","T","E","R","M","M","M","R","B",null,"M","$","?","M","$"],"character_chosen":"IRONCLAD","items_purchased":["Gambling Chip","Fire Breathing","Flex"],"gold_per_floor":[119,129,129,141,216,242,262,262,262,289,289,306,319,332,332,429,429,447,45,45,59,9],"floor_reached":23,"campfire_rested":3,"playtime":653,"current_hp_per_floor":[80,80,64,70,59,41,36,60,60,43,67,70,65,48,72,26,80,70,70,62,62,62],"items_purged":["Strike_R"],"gold":9,"score":203,"play_id":"516b200f-edb6-4a28-ab4d-4e1ebde9538f","is_prod":false,"is_daily":false,"is_ascension_mode":false,"campfire_upgraded":0,"path_taken":["M","?","?","?","?","E","M","R","T","E","R","?","M","M","R","BOSS","M","$","?","M","$","E"],"build_version":"2018-02-15-PROD1","purchased_purges":1,"victory":false,"master_deck":["Strike_R+1","Strike_R","Strike_R","Strike_R","Defend_R+1","Defend_R","Defend_R","Defend_R","Bash","Rampage","Inflame","Inflame","Rampage","Inflame","Feed","Fire Breathing","Flex"],"max_hp_per_floor":[80,80,80,80,80,80,80,80,80,80,80,80,80,80,80,80,80,83,83,83,86,86],"relics":["Burning Blood","Bronze Scales","Ginger","Oddly Smooth Stone","Mark of Pain","Gambling Chip"],"card_choices":[{"not_picked":["True Grit","Havoc"],"picked":"Rampage"},{"not_picked":["Uppercut","Sword Boomerang"],"picked":"Inflame"},{"not_picked":["Searing Blow","Cleave"],"picked":"Inflame"},{"not_picked":["Fire Breathing","Bloodletting"],"picked":"Rampage"},{"not_picked":["Sever Soul","Shrug It Off"],"picked":"Inflame"},{"not_picked":["Barricade","Dark Embrace"],"picked":"Feed"}],"player_experience":96716,"potions_floor_usage":[6,16,16,23],"damage_taken":[{"damage":5,"enemies":"Cultist","floor":1,"turns":4},{"damage":5,"enemies":"Small Slimes","floor":2,"turns":4},{"damage":0,"enemies":"2 Louse","floor":4,"turns":3},{"damage":24,"enemies":"Gremlin Nob","floor":6,"turns":4},{"damage":11,"enemies":"Blue Slaver","floor":7,"turns":3},{"damage":23,"enemies":"Lagavulin","floor":10,"turns":6},{"damage":3,"enemies":"Exordium Thugs","floor":12,"turns":4},{"damage":11,"enemies":"3 Louse","floor":13,"turns":3},{"damage":23,"enemies":"Lots of Slimes","floor":14,"turns":3},{"damage":52,"enemies":"The Guardian","floor":16,"turns":9},{"damage":19,"enemies":"Shell Parasite","floor":18,"turns":5},{"damage":9,"enemies":"3 Byrds","floor":21,"turns":3},{"damage":62,"enemies":"Gremlin Leader","floor":23,"turns":4}],"event_choices":[{"event_name":"Shining Light","player_choice":"Entered Light","floor":3,"damage_taken":0},{"event_name":"World of Goop","player_choice":"Gather Gold","floor":5,"damage_taken":0},{"event_name":"Knowing Skull","player_choice":"","floor":20,"damage_taken":0}],"boss_relics":[{"not_picked":["Snecko Eye","Ectoplasm"],"picked":"Mark of Pain"}],"potions_floor_spawned":[4,6,13,21],"seed_played":"1087724618473258374","killed_by":"Gremlin Leader","ascension_level":0,"is_trial":false}