{"gold_per_floor":[111,125,135,135,135,135,179,179,203,226,242,153,153,84,84,84],"floor_reached":16,"playtime":817,"items_purged":[],"score":100,"play_id":"1179e3d1-6009-4991-a5c7-6f6580627f5c","local_time":"20180708223416","is_ascension_mode":false,"campfire_choices":[{"data":"Bash","floor":6,"key":"SMITH"},{"data":"Defend_R","floor":8,"key":"SMITH"},{"floor":15,"key":"REST"}],"neow_cost":"NONE","seed_source_timestamp":878032457941540,"circlet_count":0,"master_deck":["Strike_R","Strike_R","Strike_R","Strike_R","Strike_R","Defend_R","Defend_R","Defend_R+1","Defend_R","Bash+1","Shrug It Off","Searing Blow+1","Metallicize"],"relics":["Burning Blood","Ancient Tea Set","Golden Idol","Art of War","Omamori"],"potions_floor_usage":[7,7,16,16],"damage_taken":[{"damage":10,"enemies":"Jaw Worm","floor":1,"turns":4},{"damage":10,"enemies":"Small Slimes","floor":2,"turns":3},{"damage":4,"enemies":"Cultist","floor":3,"turns":4},{"damage":44,"enemies":"Lagavulin","floor":7,"turns":6},{"damage":9,"enemies":"Exordium Wildlife","floor":10,"turns":6},{"damage":21,"enemies":"Gremlin Gang","floor":11,"turns":7},{"damage":51,"enemies":"The Guardian","floor":16,"turns":11}],"seed_played":"8359686786816093604","potions_obtained":[{"floor":1,"key":"Regen Potion"},{"floor":2,"key":"AttackPotion"},{"floor":11,"key":"SteroidPotion"}],"is_trial":false,"path_per_floor":["M","M","M","?","?","R","E","R","T","M","M","$","?","$","R"],"character_chosen":"IRONCLAD","items_purchased":["Explosive Potion","Searing Blow","Metallicize"],"campfire_rested":1,"item_purchase_floors":[12,12,14],"current_hp_per_floor":[76,72,74,74,67,67,41,41,41,38,23,23,23,23,47,0],"gold":84,"neow_bonus":"RANDOM_COMMON_RELIC","is_prod":false,"is_daily":false,"chose_seed":false,"campfire_upgraded":2,"win_rate":0.0,"timestamp":1531114456,"path_taken":["M","M","M","?","?","R","E","R","T","?","M","?","?","$","R","BOSS"],"build_version":"2018-07-05","purchased_purges":0,"victory":false,"max_hp_per_floor":[80,80,80,80,80,80,80,80,80,80,80,80,80,80,80,80],"card_choices":[{"not_picked":["Dual Wield","Twin Strike","Carnage"],"picked":"SKIP","floor":1},{"not_picked":["Pommel Strike","Wild Strike","Warcry"],"picked":"SKIP","floor":2},{"not_picked":["Carnage","Twin Strike","Sever Soul"],"picked":"SKIP","floor":3},{"not_picked":["Armaments","Havoc","Uppercut"],"picked":"SKIP","floor":7},{"not_picked":["True Grit","Cleave","Clothesline"],"picked":"SKIP","floor":10},{"not_picked":["Carnage","Evolve"],"picked":"Shrug It Off","floor":11}],"player_experience":77324,"relics_obtained":[{"floor":7,"key":"Art of War"},{"floor":9,"key":"Omamori"}],"event_choices":[{"event_name":"Golden Idol","player_choice":"Take Wound","floor":4,"damage_taken":0},{"event_name":"Golden Wing","player_choice":"Card Removal","floor":5,"damage_taken":0},{"event_name":"Living Wall","player_choice":"Grow","floor":13,"damage_taken":0}],"boss_relics":[],"items_purged_floors":[],"is_endless":false,"potions_floor_spawned":[1,2,11],"killed_by":"The Guardian","ascension_level":0}