{"gold_per_floor":[112,125,145,157,167,167,194,194,194,206,55,55,89,104,104,204,204,217,16,26,43,43,43,43,43,112,92,109,120,17,37,37,37],"floor_reached":33,"playtime":2070,"items_purged":[],"score":261,"play_id":"8399466d-804c-4fba-8127-87e44f99646f","local_time":"20180625210113","is_ascension_mode":false,"campfire_choices":[{"data":"Bouncing Flask","floor":6,"key":"SMITH"},{"floor":8,"key":"REST"},{"floor":15,"key":"REST"},{"floor":23,"key":"REST"},{"floor":25,"key":"REST"},{"floor":32,"key":"REST"}],"neow_cost":"TEN_PERCENT_HP_LOSS","seed_source_timestamp":436460779353257,"circlet_count":0,"master_deck":["Defend_G","Defend_G","Defend_G","Defend_G","Defend_G","Strike_G","Strike_G","Strike_G","Strike_G","Strike_G","Survivor","Neutralize","Dagger Throw","Dagger Throw","Eviscerate","Terror","Bouncing Flask+1","Bane","A Thousand Cuts","Infinite Blades","Underhanded Strike","Calculated Gamble","Die Die Die","Noxious Fumes","Apotheosis","Underhanded Strike","Dagger Throw","Deadly Poison+1","Reflex","Sucker Punch","Madness","PiercingWail"],"relics":["Ring of the Snake","Bird Faced Urn","Bag of Marbles","Bag of Preparation","Omamori","Lizard Tail","Letter Opener"],"potions_floor_usage":[13,13,16,18,29,33],"damage_taken":[{"damage":4,"enemies":"Cultist","floor":1,"turns":5},{"damage":2,"enemies":"Small Slimes","floor":2,"turns":4},{"damage":3,"enemies":"Jaw Worm","floor":3,"turns":3},{"damage":5,"enemies":"Large Slime","floor":4,"turns":6},{"damage":0,"enemies":"Looter","floor":5,"turns":4},{"damage":24,"enemies":"3 Sentries","floor":7,"turns":10},{"damage":6,"enemies":"3 Louse","floor":10,"turns":4},{"damage":16,"enemies":"Gremlin Nob","floor":13,"turns":3},{"damage":9,"enemies":"Large Slime","floor":14,"turns":7},{"damage":22,"enemies":"Hexaghost","floor":16,"turns":9},{"damage":27,"enemies":"2 Thieves","floor":18,"turns":3},{"damage":0,"enemies":"Chosen","floor":20,"turns":3},{"damage":28,"enemies":"Sentry and Sphere","floor":21,"turns":6},{"damage":18,"enemies":"Centurion and Healer","floor":28,"turns":7},{"damage":17,"enemies":"3 Cultists","floor":29,"turns":5},{"damage":28,"enemies":"Snake Plant","floor":31,"turns":3},{"damage":62,"enemies":"Collector","floor":33,"turns":7}],"seed_played":"6099305413799405270","potions_obtained":[{"floor":3,"key":"Strength Potion"},{"floor":4,"key":"SteroidPotion"},{"floor":10,"key":"Ancient Potion"},{"floor":14,"key":"Fire Potion"},{"floor":16,"key":"SteroidPotion"},{"floor":21,"key":"Ancient Potion"},{"floor":27,"key":"FairyPotion"},{"floor":28,"key":"EssenceOfSteel"}],"is_trial":false,"path_per_floor":["M","M","M","M","M","R","E","R","T","M","$","?","E","M","R","B",null,"M","$","M","M","?","R","?","R","T","?","M","M","$","M","R"],"character_chosen":"THE_SILENT","items_purchased":["Infinite Blades","Regen Potion","Apotheosis","Underhanded Strike","Madness"],"campfire_rested":5,"item_purchase_floors":[11,11,19,19,30],"current_hp_per_floor":[59,57,54,49,49,49,25,43,43,37,37,58,44,37,55,35,63,38,38,40,16,16,34,34,52,52,52,38,21,21,6,24,0],"gold":37,"neow_bonus":"ONE_RARE_RELIC","is_prod":false,"is_daily":false,"chose_seed":false,"campfire_upgraded":1,"win_rate":0.0,"timestamp":1529982073,"path_taken":["M","?","M","M","?","R","E","R","T","M","$","?","E","M","R","BOSS","M","$","M","M","?","R","?","R","T","?","?","M","$","M","R","BOSS"],"build_version":"2018-06-21v2","purchased_purges":0,"victory":false,"max_hp_per_floor":[63,63,63,63,63,63,63,63,63,63,63,63,63,63,63,63,63,63,63,63,63,63,63,63,63,63,63,63,63,63,63,63,63],"card_choices":[{"not_picked":["Acrobatics","Prepared"],"picked":"Dagger Throw","floor":1},{"not_picked":["Quick Slash","Sucker Punch"],"picked":"Dagger Throw","floor":2},{"not_picked":["PiercingWail","Acrobatics"],"picked":"Eviscerate","floor":3},{"not_picked":["Flying Knee","Slice"],"picked":"Terror","floor":4},{"not_picked":["Dagger Spray","Backflip"],"picked":"Bouncing Flask","floor":5},{"not_picked":["Heel Hook","Backflip"],"picked":"Bane","floor":7},{"not_picked":["Dash","Backstab"],"picked":"A Thousand Cuts","floor":10},{"not_picked":["Venomology","Malaise"],"picked":"Underhanded Strike","floor":13},{"not_picked":["Finisher","Sucker Punch"],"picked":"Calculated Gamble","floor":14},{"not_picked":["Night Terror","Venomology"],"picked":"Die Die Die","floor":16},{"not_picked":["Infinite Blades","Dagger Throw"],"picked":"Noxious Fumes","floor":18},{"not_picked":["Acrobatics+1","Outmaneuver"],"picked":"Dagger Throw","floor":20},{"not_picked":["Backflip","A Thousand Cuts"],"picked":"Deadly Poison+1","floor":21},{"not_picked":["Backflip","Dash+1"],"picked":"Reflex","floor":28},{"not_picked":["Bane","Slice"],"picked":"Sucker Punch","floor":29},{"not_picked":["Dagger Throw","Blur"],"picked":"PiercingWail","floor":31}],"player_experience":24622,"relics_obtained":[{"floor":7,"key":"Bag of Marbles"},{"floor":9,"key":"Bag of Preparation"},{"floor":13,"key":"Omamori"},{"floor":26,"key":"Letter Opener"}],"event_choices":[{"event_name":"Big Fish","player_choice":"Banana","floor":12,"damage_taken":0},{"event_name":"Ghosts","player_choice":"Ignored","floor":22,"damage_taken":0},{"event_name":"Forgotten Altar","player_choice":"Smashed Altar","floor":24,"damage_taken":0},{"event_name":"The Woman in Blue","player_choice":"Bought 1 Potion","floor":27,"damage_taken":0}],"boss_relics":[{"not_picked":["Orrery","Sozu"],"picked":"Lizard Tail"}],"items_purged_floors":[],"is_endless":false,"potions_floor_spawned":[3,4,10,14,16,21,28],"killed_by":"Collector","ascension_level":0}