{"gold_per_floor":[219,38,3,0,20,20,98,132,159,159,185,185,211,234,246,355,367,395,434,456,49,68,68,79,107,107,7,7,27,27,53,53,154,154,169,169,179,26,61,61,161,161,161,71,85,99,112,128,128,128],"floor_reached":51,"playtime":6231,"items_purged":["Strike_G+1","Strike_G"],"score":1133,"play_id":"be01897b-92f3-4e43-a4f6-630f354454f6","local_time":"20190407182818","is_ascension_mode":true,"campfire_choices":[{"data":"Neutralize","floor":6.0,"key":"SMITH"},{"data":"Noxious Fumes","floor":10.0,"key":"SMITH"},{"data":"Footwork","floor":12.0,"key":"SMITH"},{"data":"Riddle With Holes","floor":15.0,"key":"SMITH"},{"floor":23.0,"key":"REST"},{"data":"Infinite Blades","floor":32.0,"key":"SMITH"},{"data":"Die Die Die","floor":40,"key":"SMITH"},{"data":"Glass Knife","floor":42,"key":"SMITH"},{"data":"Survivor","floor":49,"key":"SMITH"}],"neow_cost":"NONE","seed_source_timestamp":79754580522700,"circlet_count":0,"master_deck":["AscendersBane","Defend_G","Defend_G","Defend_G+1","Defend_G","Defend_G","Survivor+1","Neutralize+1","Flying Knee","Footwork+1","Noxious Fumes+1","Doppelganger+1","PiercingWail+1","Riddle With Holes+1","Backflip+1","Die Die Die+1","Backflip+1","Caltrops+1","Infinite Blades+1","Blade Dance+1","Deflect+1","Leg Sweep+1","Bite","Bite","Bite","Bite","Bite","Cloak And Dagger+1","Night Terror+1","Jack Of All Trades+1","Envenom+1","Deadly Poison+1","Glass Knife+1","Expertise+1","Dodge and Roll+1"],"special_seed":0,"relics":["Ring of the Snake","PreservedInsect","Toxic Egg 2","Vajra","Whetstone","Anchor","MawBank","Busted Crown","Red Mask","Kunai","Frozen Egg 2","Happy Flower","Pen Nib","Coffee Dripper","FossilizedHelix","Smiling Mask"],"potions_floor_usage":[45,47,48,50],"damage_taken":[{"damage":0.0,"enemies":"Jaw Worm","floor":1.0,"turns":7.0},{"damage":3.0,"enemies":"Small Slimes","floor":5.0,"turns":5.0},{"damage":18.0,"enemies":"Gremlin Nob","floor":8.0,"turns":5.0},{"damage":6.0,"enemies":"Lagavulin","floor":11.0,"turns":4.0},{"damage":1.0,"enemies":"3 Sentries","floor":13.0,"turns":6.0},{"damage":0.0,"enemies":"2 Louse","floor":14.0,"turns":3.0},{"damage":4.0,"enemies":"Slime Boss","floor":16.0,"turns":7.0},{"damage":6.0,"enemies":"Shell Parasite","floor":18.0,"turns":5.0},{"damage":18.0,"enemies":"Masked Bandits","floor":19.0,"turns":4.0},{"damage":0.0,"enemies":"Chosen","floor":20.0,"turns":3.0},{"damage":13.0,"enemies":"Snecko","floor":22.0,"turns":6.0},{"damage":0.0,"enemies":"Chosen and Byrds","floor":24.0,"turns":4.0},{"damage":0.0,"enemies":"Slavers","floor":25.0,"turns":5.0},{"damage":0.0,"enemies":"Centurion and Healer","floor":29.0,"turns":5.0},{"damage":0.0,"enemies":"Book of Stabbing","floor":31.0,"turns":4.0},{"damage":27.0,"enemies":"Collector","floor":33.0,"turns":11.0},{"damage":2.0,"enemies":"3 Darklings","floor":35.0,"turns":4.0},{"damage":0,"enemies":"3 Shapes","floor":37,"turns":3},{"damage":16,"enemies":"Writhing Mass","floor":39,"turns":7},{"damage":0,"enemies":"Mind Bloom Boss Battle","floor":41,"turns":4},{"damage":0,"enemies":"3 Darklings","floor":45,"turns":4},{"damage":12,"enemies":"Spire Growth","floor":46,"turns":5},{"damage":0,"enemies":"Sphere and 2 Shapes","floor":47,"turns":6},{"damage":0,"enemies":"Transient","floor":48,"turns":5},{"damage":36,"enemies":"Time Eater","floor":50,"turns":13}],"seed_played":"768568855901228463","potions_obtained":[{"floor":5.0,"key":"AttackPotion"},{"floor":8.0,"key":"EntropicBrew"},{"floor":14.0,"key":"Strength Potion"},{"floor":19.0,"key":"PowerPotion"},{"floor":22.0,"key":"Swift Potion"},{"floor":39,"key":"Weak Potion"},{"floor":41,"key":"LiquidBronze"},{"floor":46,"key":"Swift Potion"},{"floor":47,"key":"PowerPotion"}],"is_trial":false,"path_per_floor":["M","$","?","?","M","R","T","E","T","R","E","R","E","M","R","B",null,"M","?","M","$","M","R","M","E","T","$","?","M","?","E","R","B",null,"M","?","M","$","M","R","?","R","T","?","M","M","M","M","R","B",null],"character_chosen":"THE_SILENT","items_purchased":["PreservedInsect","Footwork","Kunai","Infinite Blades","Glass Knife"],"campfire_rested":1,"item_purchase_floors":[2,2,21,21,38],"current_hp_per_floor":[63,63,70,70,67,67,67,49,49,49,57,57,56,56,56,52,66,60,42,42,42,29,50,50,50,50,50,50,52,52,62,62,57,67,70,70,70,70,64,64,70,70,70,70,70,62,70,70,70,48],"gold":128,"neow_bonus":"HUNDRED_GOLD","is_prod":false,"is_daily":false,"chose_seed":false,"campfire_upgraded":8,"win_rate":0,"timestamp":1554686898,"path_taken":["M","$","?","?","M","R","?","E","T","R","E","R","E","M","R","BOSS","M","?","M","$","M","R","M","E","T","$","?","M","?","E","R","BOSS","M","?","?","$","M","R","?","R","T","?","M","?","M","M","R","BOSS"],"build_version":"2019-01-23","purchased_purges":2,"victory":true,"max_hp_per_floor":[70,70,70,70,70,70,70,70,70,70,70,70,70,70,70,70,70,70,70,70,70,70,70,70,70,70,70,70,70,70,70,70,70,70,70,70,70,70,70,70,70,70,70,70,70,70,70,70,70,70],"card_choices":[{"not_picked":["Blade Dance","Underhanded Strike"],"picked":"Flying Knee","floor":1.0},{"not_picked":["Bane","Quick Slash"],"picked":"Noxious Fumes","floor":5.0},{"not_picked":["Distraction+1","Dagger Throw"],"picked":"Doppelganger+1","floor":8.0},{"not_picked":["Deadly Poison+1","Backflip+1"],"picked":"PiercingWail+1","floor":11.0},{"not_picked":["Accuracy","Phantasmal Killer+1"],"picked":"Riddle With Holes","floor":13.0},{"not_picked":["Distraction+1","Sucker Punch"],"picked":"Backflip+1","floor":14.0},{"not_picked":["Venomology+1","Storm of Steel+1"],"picked":"Die Die Die","floor":16.0},{"not_picked":[],"picked":"Reflex+1","floor":18.0},{"not_picked":[],"picked":"Backflip+1","floor":19.0},{"not_picked":[],"picked":"Caltrops+1","floor":20.0},{"not_picked":[],"picked":"Blade Dance+1","floor":22.0},{"not_picked":[],"picked":"Deflect+1","floor":24.0},{"not_picked":[],"picked":"Leg Sweep+1","floor":25.0},{"not_picked":["Flying Knee"],"picked":"SKIP","floor":29.0},{"not_picked":[],"picked":"Cloak And Dagger+1","floor":31.0},{"not_picked":[],"picked":"Night Terror+1","floor":33.0},{"not_picked":["Underhanded Strike+1"],"picked":"SKIP","floor":35.0},{"not_picked":[],"picked":"Deadly Poison+1","floor":37},{"not_picked":["Deflect+1"],"picked":"SKIP","floor":39},{"not_picked":["Blade Dance+1"],"picked":"SKIP","floor":45},{"not_picked":["Skewer+1"],"picked":"SKIP","floor":46},{"not_picked":[],"picked":"Expertise+1","floor":47},{"not_picked":[],"picked":"Dodge and Roll+1","floor":48}],"player_experience":745338,"relics_obtained":[{"floor":7.0,"key":"Toxic Egg 2"},{"floor":8.0,"key":"Vajra"},{"floor":9.0,"key":"Whetstone"},{"floor":11.0,"key":"Anchor"},{"floor":13.0,"key":"MawBank"},{"floor":19.0,"key":"Red Mask"},{"floor":25.0,"key":"Blood Vial"},{"floor":26.0,"key":"Frozen Egg 2"},{"floor":31.0,"key":"Pen Nib"},{"floor":41,"key":"FossilizedHelix"},{"floor":43,"key":"Smiling Mask"}],"event_choices":[{"damage_healed":17.0,"max_hp_gain":0.0,"max_hp_loss":0.0,"gold_gain":0.0,"event_name":"The Cleric","player_choice":"Healed","floor":3.0,"gold_loss":35.0,"damage_taken":0.0},{"damage_healed":0.0,"max_hp_gain":0.0,"max_hp_loss":0.0,"gold_gain":0.0,"event_name":"World of Goop","player_choice":"Left Gold","floor":4.0,"gold_loss":3.0,"damage_taken":0.0},{"damage_healed":0.0,"max_hp_gain":0.0,"max_hp_loss":0.0,"gold_gain":0.0,"event_name":"Masked Bandits","player_choice":"Fought Bandits","floor":19.0,"gold_loss":0.0,"damage_taken":0.0},{"damage_healed":0.0,"max_hp_gain":0.0,"max_hp_loss":0.0,"gold_gain":0.0,"event_name":"The Mausoleum","player_choice":"Opened","floor":28.0,"gold_loss":0.0,"damage_taken":0.0,"relics_obtained":["Happy Flower"]},{"damage_healed":0.0,"max_hp_gain":0.0,"max_hp_loss":0.0,"gold_gain":0.0,"event_name":"Vampires","player_choice":"Became a vampire (Vial)","floor":30.0,"relics_lost":["Blood Vial"],"gold_loss":0.0,"damage_taken":0.0,"cards_obtained":["Bite","Bite","Bite","Bite","Bite"]},{"damage_healed":0,"gold_gain":0,"player_choice":"2 cards matched","damage_taken":0,"max_hp_gain":0,"max_hp_loss":0,"event_name":"Match and Keep!","floor":36,"gold_loss":0,"cards_obtained":["Jack Of All Trades","Envenom"]},{"damage_healed":0,"gold_gain":0,"player_choice":"2 cards matched","damage_taken":0,"max_hp_gain":0,"max_hp_loss":0,"event_name":"Match and Keep!","floor":36,"gold_loss":0,"cards_obtained":["Jack Of All Trades","Envenom"]},{"damage_healed":0,"gold_gain":0,"player_choice":"Fight","damage_taken":0,"max_hp_gain":0,"max_hp_loss":0,"event_name":"MindBloom","floor":41,"gold_loss":0},{"cards_removed":["Reflex"],"damage_healed":0,"gold_gain":0,"player_choice":"Upgrade and Remove","damage_taken":0,"max_hp_gain":0,"max_hp_loss":0,"event_name":"Designer","floor":44,"gold_loss":90,"cards_upgraded":["Defend_G"]}],"is_beta":false,"boss_relics":[{"not_picked":["Pandora\u0027s Box","Runic Dome"],"picked":"Busted Crown"},{"not_picked":["White Beast Statue","Velvet Choker"],"picked":"Coffee Dripper"}],"items_purged_floors":[21,27],"is_endless":false,"potions_floor_spawned":[5,8,14,19,22,29,39,41,46,47],"ascension_level":10}