{"gold_per_floor":[114,114,132,132,78,106,117,117,117,127,145,145,162,179,179,281,281,296,309,160,173,98,123,123,135,135,135,135,153,170,188,188,283,283,297,317,327,76,76,76,92,92,92,110,121,139,139,153,153,153],"floor_reached":50,"playtime":4549,"items_purged":["Defend_G"],"score":574,"play_id":"a2d7b045-531c-40da-8135-0370bdf71efd","local_time":"20190402213345","is_ascension_mode":false,"campfire_choices":[{"data":"Poisoned Stab","floor":8,"key":"SMITH"},{"data":"Neutralize","floor":15,"key":"SMITH"},{"data":"Acrobatics","floor":24,"key":"SMITH"},{"floor":32,"key":"REST"},{"floor":40,"key":"REST"},{"floor":42,"key":"REST"},{"floor":47,"key":"REST"},{"floor":49,"key":"REST"}],"neow_cost":"NONE","seed_source_timestamp":78988710341072,"circlet_count":0,"master_deck":["Defend_G","Defend_G","Defend_G","Strike_G","Strike_G","Strike_G","Strike_G","Survivor","Neutralize+1","Underhanded Strike","Iron Wave","Flying Knee","Dagger Throw","Acrobatics+1","Poisoned Stab+1","Outmaneuver+1","Acrobatics+1","Underhanded Strike","Dagger Throw","Adrenaline+1","Dodge and Roll+1","Dodge and Roll+1","Tactician+1","Backflip+1","Backstab+1","Finisher","Reflex+1","Bullet Time+1","Acrobatics+1","Well Laid Plans+1","Deep Breath+1","Sucker Punch+1","Finisher","Die Die Die","Acrobatics+1","Bullet Time+1","Poisoned Stab","Slice","Noxious Fumes","Underhanded Strike+1","Finisher+1","Dash+1","All Out Attack+1","Bane+1"],"relics":["Ring of the Snake","NeowsBlessing","Ice Cream","Vajra","Toxic Egg 2","Orrery","Mercury Hourglass","Kunai","Empty Cage","Letter Opener","Bottled Lightning"],"potions_floor_usage":[13,31,45,45,50],"damage_taken":[{"damage":0,"enemies":"Small Slimes","floor":1,"turns":1},{"damage":0,"enemies":"Cultist","floor":3,"turns":1},{"damage":0,"enemies":"Lagavulin","floor":6,"turns":1},{"damage":0,"enemies":"2 Louse","floor":7,"turns":2},{"damage":5,"enemies":"Exordium Thugs","floor":10,"turns":5},{"damage":0,"enemies":"Gremlin Gang","floor":11,"turns":4},{"damage":0,"enemies":"Large Slime","floor":13,"turns":6},{"damage":4,"enemies":"Lots of Slimes","floor":14,"turns":5},{"damage":25,"enemies":"Hexaghost","floor":16,"turns":11},{"damage":0,"enemies":"Chosen","floor":18,"turns":3},{"damage":0,"enemies":"3 Byrds","floor":19,"turns":5},{"damage":2,"enemies":"Centurion and Healer","floor":21,"turns":7},{"damage":15,"enemies":"Book of Stabbing","floor":23,"turns":6},{"damage":0,"enemies":"Chosen and Byrds","floor":25,"turns":2},{"damage":0,"enemies":"Snake Plant","floor":29,"turns":1},{"damage":0,"enemies":"Cultist and Chosen","floor":30,"turns":3},{"damage":0,"enemies":"Snecko","floor":31,"turns":3},{"damage":5,"enemies":"Automaton","floor":33,"turns":9},{"damage":14,"enemies":"3 Darklings","floor":35,"turns":4},{"damage":8,"enemies":"3 Shapes","floor":36,"turns":2},{"damage":9,"enemies":"Sphere and 2 Shapes","floor":37,"turns":3},{"damage":16,"enemies":"Transient","floor":41,"turns":5},{"damage":0,"enemies":"3 Darklings","floor":44,"turns":3},{"damage":25,"enemies":"Jaw Worm Horde","floor":45,"turns":4},{"damage":22,"enemies":"Spire Growth","floor":46,"turns":4},{"damage":30,"enemies":"Maw","floor":48,"turns":6},{"damage":52,"enemies":"Donu and Deca","floor":50,"turns":5}],"seed_played":"489608414399517328","potions_obtained":[{"floor":3,"key":"Weak Potion"},{"floor":6,"key":"SmokeBomb"},{"floor":10,"key":"FairyPotion"},{"floor":11,"key":"Regen Potion"},{"floor":12,"key":"Ancient Potion"},{"floor":13,"key":"Explosive Potion"},{"floor":33,"key":"Weak Potion"},{"floor":36,"key":"Ancient Potion"},{"floor":48,"key":"Dexterity Potion"}],"is_trial":false,"path_per_floor":["M","?","M","?","$","E","M","R","T","M","M","?","M","M","R","B",null,"M","M","$","M","?","E","R","M","T","?","?","M","M","M","R","B",null,"M","M","M","$","?","R","M","R","T","M","M","M","R","M","R","B"],"character_chosen":"THE_SILENT","items_purchased":["Dagger Throw","Reflex+1","Letter Opener"],"campfire_rested":5,"item_purchase_floors":[5,20,38],"current_hp_per_floor":[70,70,70,70,70,70,70,70,70,65,65,65,65,61,61,36,70,70,70,70,68,68,53,53,53,53,53,39,39,39,39,60,55,70,56,48,39,39,39,60,44,65,65,65,40,18,39,9,30,0],"gold":153,"neow_bonus":"THREE_ENEMY_KILL","is_prod":false,"is_daily":false,"chose_seed":false,"campfire_upgraded":3,"win_rate":0.0,"timestamp":1554255225,"path_taken":["M","?","?","?","?","E","M","R","T","M","?","?","?","M","R","BOSS","M","?","$","M","?","E","R","M","T","?","?","?","M","M","R","BOSS","M","M","M","$","?","R","M","R","T","M","M","M","R","M","R","BOSS"],"build_version":"2019-01-23","purchased_purges":1,"victory":false,"max_hp_per_floor":[70,70,70,70,70,70,70,70,70,70,70,70,70,70,70,70,70,70,70,70,70,70,70,70,70,70,70,70,70,70,70,70,70,70,70,70,70,70,70,70,70,70,70,70,70,70,70,70,70,70],"card_choices":[{"not_picked":["Prepared","Masterful Stab"],"picked":"Underhanded Strike","floor":1},{"not_picked":["Backflip","Underhanded Strike"],"picked":"Flying Knee","floor":3},{"not_picked":["Doppelganger","Masterful Stab"],"picked":"Acrobatics","floor":6},{"not_picked":["Flying Knee","Tactician"],"picked":"Poisoned Stab","floor":7},{"not_picked":["Slice","Expertise+1"],"picked":"Outmaneuver+1","floor":10},{"not_picked":["Underhanded Strike","Backstab"],"picked":"Acrobatics+1","floor":11},{"not_picked":["Outmaneuver+1","Doppelganger+1"],"picked":"Underhanded Strike","floor":13},{"not_picked":["Dagger Spray","Quick Slash"],"picked":"Dagger Throw","floor":14},{"not_picked":["Phantasmal Killer+1","Tools of the Trade"],"picked":"Adrenaline+1","floor":16},{"not_picked":["Bane","Terror+1"],"picked":"Dodge and Roll+1","floor":17},{"not_picked":["Poisoned Stab","After Image"],"picked":"Dodge and Roll+1","floor":17},{"not_picked":["Deflect+1","Flying Knee"],"picked":"Tactician+1","floor":17},{"not_picked":["PiercingWail+1","Reflex+1"],"picked":"Skewer","floor":17},{"not_picked":["PiercingWail+1","Endless Agony"],"picked":"Backflip+1","floor":17},{"not_picked":["Footwork","Caltrops"],"picked":"Backstab+1","floor":18},{"not_picked":["Reflex+1","Dodge and Roll+1"],"picked":"Finisher","floor":19},{"not_picked":["Acrobatics+1","Dagger Spray"],"picked":"Bullet Time+1","floor":21},{"not_picked":["Prepared+1","PiercingWail+1"],"picked":"Acrobatics+1","floor":23},{"not_picked":["Dagger Throw","Expertise+1"],"picked":"Well Laid Plans+1","floor":25},{"not_picked":["Slice","Flying Knee"],"picked":"Sucker Punch+1","floor":29},{"not_picked":["Deflect+1","Night Terror+1"],"picked":"Finisher","floor":30},{"not_picked":["Blade Dance+1","Dagger Throw"],"picked":"Calculated Gamble+1","floor":31},{"not_picked":["Tools of the Trade","Glass Knife"],"picked":"Die Die Die","floor":33},{"not_picked":["Outmaneuver+1","Terror+1"],"picked":"Acrobatics+1","floor":35},{"not_picked":["Bane","Poisoned Stab"],"picked":"Bullet Time+1","floor":36},{"not_picked":["Bane+1","Expertise+1"],"picked":"Poisoned Stab","floor":37},{"not_picked":["Poisoned Stab","Dagger Spray"],"picked":"Underhanded Strike+1","floor":41},{"not_picked":["Bouncing Flask+1","Prepared+1"],"picked":"Finisher+1","floor":44},{"not_picked":["Underhanded Strike","Bane+1"],"picked":"Dash+1","floor":45},{"not_picked":["PiercingWail+1","Outmaneuver+1"],"picked":"All Out Attack+1","floor":46},{"not_picked":["Outmaneuver+1","Bouncing Flask+1"],"picked":"Bane+1","floor":48}],"player_experience":31805,"relics_obtained":[{"floor":4,"key":"Ice Cream"},{"floor":6,"key":"Vajra"},{"floor":9,"key":"Toxic Egg 2"},{"floor":23,"key":"Mercury Hourglass"},{"floor":26,"key":"Kunai"},{"floor":43,"key":"Bottled Lightning"}],"event_choices":[{"cards_removed":["Strike_G"],"damage_healed":0,"gold_gain":0,"player_choice":"Took Card","damage_taken":0,"max_hp_gain":0,"max_hp_loss":0,"event_name":"NoteForYourself","floor":2,"gold_loss":0,"cards_obtained":["Iron Wave"]},{"damage_healed":0,"gold_gain":0,"player_choice":"Relic","damage_taken":0,"max_hp_gain":0,"max_hp_loss":0,"event_name":"Wheel of Change","floor":4,"gold_loss":0},{"damage_healed":0,"gold_gain":0,"player_choice":"Got Potions","damage_taken":0,"max_hp_gain":0,"max_hp_loss":0,"event_name":"Lab","floor":12,"gold_loss":0},{"cards_removed":["Defend_G"],"damage_healed":0,"gold_gain":0,"player_choice":"Gave Gold","damage_taken":0,"max_hp_gain":0,"max_hp_loss":0,"event_name":"Beggar","floor":22,"gold_loss":75},{"damage_healed":0,"gold_gain":0,"player_choice":"Ignored","damage_taken":0,"max_hp_gain":0,"max_hp_loss":0,"event_name":"The Mausoleum","floor":27,"gold_loss":0},{"damage_healed":0,"gold_gain":0,"player_choice":"CARD ","damage_taken":14,"max_hp_gain":0,"max_hp_loss":0,"event_name":"Knowing Skull","floor":28,"potions_obtained":[],"gold_loss":0,"cards_obtained":["Deep Breath"]},{"damage_healed":0,"gold_gain":0,"player_choice":"2 cards matched","damage_taken":0,"max_hp_gain":0,"max_hp_loss":0,"event_name":"Match and Keep!","floor":39,"gold_loss":0,"cards_obtained":["Slice","Noxious Fumes"]}],"is_beta":false,"boss_relics":[{"not_picked":["Coffee Dripper","Calling Bell"],"picked":"Orrery"},{"not_picked":["Runic Dome","Snecko Eye"],"picked":"Empty Cage"}],"items_purged_floors":[20],"is_endless":false,"potions_floor_spawned":[3,6,10,11,13,19,23,33,36,44,48],"killed_by":"Donu and Deca","ascension_level":0}