{"gold_per_floor":[109,127,202,202,477,477,509,1,1,21,56,56,89,105,105,203,203,214,313,327,80,80,108,108,108,164,164,174,174,201,214,214,214],"floor_reached":33,"playtime":1555,"items_purged":["Regret"],"score":386,"play_id":"46de885c-706f-4172-8a48-0cceeb29c679","local_time":"20181030005042","is_ascension_mode":true,"campfire_choices":[{"data":"Chaos","floor":6,"key":"SMITH"},{"data":"Mayhem","floor":12,"key":"SMITH"},{"floor":15,"key":"REST"},{"floor":24,"key":"REST"},{"floor":29,"key":"REST"},{"floor":32,"key":"REST"}],"neow_cost":"NONE","seed_source_timestamp":80854961206757,"circlet_count":0,"master_deck":["Defend_B","Defend_B","Defend_B","Defend_B","Zap","Dualcast","Chaos+1","Leap","Gash","Mayhem+1","Gash","Static Discharge","Gash","Reboot","Chaos","Compile Driver","Heatsinks","Bite","Bite","Bite","Bite","Bite","Static Discharge","Hologram+1","Creative AI","Heatsinks"],"relics":["Cracked Core","Pen Nib","Happy Flower","Mercury Hourglass","Pear","Ginger","Dodecahedron","Fusion Hammer","Runic Capacitor","WingedGreaves","Tiny Chest","Enchiridion","Sundial"],"potions_floor_usage":[7,7,7,7,7,11,14,20,23,23,28],"damage_taken":[{"damage":6,"enemies":"Cultist","floor":1,"turns":3},{"damage":0,"enemies":"Small Slimes","floor":2,"turns":3},{"damage":23,"enemies":"Gremlin Nob","floor":7,"turns":4},{"damage":4,"enemies":"Jaw Worm","floor":10,"turns":3},{"damage":10,"enemies":"3 Sentries","floor":11,"turns":4},{"damage":15,"enemies":"Gremlin Nob","floor":13,"turns":4},{"damage":7,"enemies":"Lots of Slimes","floor":14,"turns":2},{"damage":15,"enemies":"The Guardian","floor":16,"turns":8},{"damage":0,"enemies":"Chosen","floor":18,"turns":4},{"damage":34,"enemies":"Shell Parasite","floor":20,"turns":4},{"damage":47,"enemies":"Book of Stabbing","floor":23,"turns":4},{"damage":0,"enemies":"Snecko","floor":28,"turns":3},{"damage":37,"enemies":"Gremlin Leader","floor":30,"turns":5},{"damage":9,"enemies":"Chosen and Byrds","floor":31,"turns":6},{"damage":38,"enemies":"Collector","floor":33,"turns":3}],"seed_played":"-6029798101019540423","potions_obtained":[{"floor":1,"key":"LiquidBronze"},{"floor":2,"key":"EntropicBrew"},{"floor":7,"key":"Explosive Potion"},{"floor":10,"key":"FearPotion"},{"floor":16,"key":"FocusPotion"},{"floor":18,"key":"SteroidPotion"},{"floor":20,"key":"Energy Potion"},{"floor":23,"key":"FocusPotion"}],"is_trial":false,"path_per_floor":["M","M","?","?","?","R","E","$","T","M","E","R","E","M","R","B",null,"M","?","M","$","?","E","R","?","T","?","M","R","E","M","R"],"character_chosen":"DEFECT","items_purchased":["Mayhem","Mercury Hourglass","Heatsinks","Runic Capacitor"],"campfire_rested":4,"item_purchase_floors":[8,8,21,21],"current_hp_per_floor":[69,69,58,58,58,58,35,35,45,41,31,31,16,9,34,19,85,85,85,51,51,51,12,29,29,29,13,17,34,11,16,33,0],"gold":214,"neow_bonus":"RANDOM_COMMON_RELIC","is_prod":false,"is_daily":false,"chose_seed":false,"campfire_upgraded":2,"win_rate":0,"timestamp":1540878642,"path_taken":["M","?","?","?","?","R","E","$","T","?","E","R","E","M","R","BOSS","M","?","M","$","?","E","R","?","T","?","M","R","E","?","R","BOSS"],"build_version":"2018-10-25v2","purchased_purges":1,"victory":false,"max_hp_per_floor":[75,75,75,75,75,75,75,75,85,85,85,85,85,85,85,85,85,85,85,85,85,59,59,59,59,59,59,59,59,59,59,59,59],"card_choices":[{"not_picked":["Compile Driver","Stack"],"picked":"Chaos","floor":1},{"not_picked":["Steam Power","Rip and Tear"],"picked":"Leap","floor":2},{"not_picked":["Steam","Hyperbeam"],"picked":"Gash","floor":7},{"not_picked":["Barrage","Compile Driver"],"picked":"Gash","floor":10},{"not_picked":["Melter","Barrage"],"picked":"Static Discharge","floor":11},{"not_picked":["All For One","Doom and Gloom","Beam Cell"],"picked":"SKIP","floor":13},{"not_picked":["Redo","Storm"],"picked":"Gash","floor":14},{"not_picked":["Thunder Strike","Meteor Strike"],"picked":"Reboot","floor":16},{"not_picked":["Stack","Redo"],"picked":"Chaos","floor":18},{"not_picked":["Rebound","Hello World"],"picked":"Compile Driver","floor":20},{"not_picked":["Lockon","Melter"],"picked":"Static Discharge","floor":23},{"not_picked":["Redo","Lockon+1"],"picked":"Hologram+1","floor":28},{"not_picked":["Barrage","Chill"],"picked":"Creative AI","floor":30},{"not_picked":["Ball Lightning","Barrage"],"picked":"Heatsinks","floor":31}],"player_experience":229733,"relics_obtained":[{"floor":7,"key":"Happy Flower"},{"floor":9,"key":"Pear"},{"floor":11,"key":"Ginger"},{"floor":13,"key":"Dodecahedron"},{"floor":23,"key":"WingedGreaves"},{"floor":26,"key":"Tiny Chest"},{"floor":27,"key":"Enchiridion"},{"floor":30,"key":"Sundial"}],"event_choices":[{"damage_healed":0,"gold_gain":75,"player_choice":"Gather Gold","damage_taken":11,"max_hp_gain":0,"max_hp_loss":0,"event_name":"World of Goop","floor":3,"gold_loss":0},{"cards_removed":["Strike_B"],"damage_healed":0,"gold_gain":0,"player_choice":"Purged","damage_taken":0,"max_hp_gain":0,"max_hp_loss":0,"event_name":"Purifier","floor":4,"gold_loss":0},{"damage_healed":0,"gold_gain":275,"player_choice":"Desecrate","damage_taken":0,"max_hp_gain":0,"max_hp_loss":0,"event_name":"Golden Shrine","floor":5,"gold_loss":0,"cards_obtained":["Regret"]},{"damage_healed":0,"gold_gain":99,"player_choice":"Stole From Cult","damage_taken":0,"max_hp_gain":0,"max_hp_loss":0,"event_name":"Nest","floor":19,"gold_loss":0},{"damage_healed":0,"gold_gain":0,"player_choice":"Became a vampire","damage_taken":0,"max_hp_gain":0,"max_hp_loss":26,"event_name":"Vampires","floor":22,"gold_loss":0,"cards_obtained":["Bite","Bite","Bite","Bite","Bite"]},{"damage_healed":0,"gold_gain":0,"player_choice":"Ignored","damage_taken":0,"max_hp_gain":0,"max_hp_loss":0,"event_name":"Ghosts","floor":25,"gold_loss":0},{"damage_healed":0,"gold_gain":0,"player_choice":"Obtained Book","damage_taken":16,"max_hp_gain":0,"max_hp_loss":0,"event_name":"Cursed Tome","floor":27,"gold_loss":0}],"is_beta":false,"boss_relics":[{"not_picked":["Empty Cage","Cursed Key"],"picked":"Fusion Hammer"}],"items_purged_floors":[8],"is_endless":false,"potions_floor_spawned":[1,2,7,10,16,18,20,23],"killed_by":"Collector","ascension_level":4}