{"gold_per_floor":[115,130,150,36,36,71,71,71,121,121,134,150,150,164,164,267,317,330,343,343,343,362,388,388,405,405,405,419,419,419,439,439,537,537,551,571,571,571,106,106,106,106,131,231,231,244,262,36,36,36,36,36,36,70,70],"floor_reached":55,"playtime":3338,"items_purged":["Strike_G","Writhe","Defend_G"],"score":662,"play_id":"d9a329db-c134-43f4-9355-6f87763dda94","local_time":"20190328182454","is_ascension_mode":false,"campfire_choices":[{"floor":8.0,"key":"RECALL"},{"data":"Dodge and Roll","floor":10.0,"key":"SMITH"},{"floor":13.0,"key":"REST"},{"data":"Noxious Fumes","floor":15.0,"key":"SMITH"},{"floor":27.0,"key":"REST"},{"data":"Catalyst","floor":29.0,"key":"SMITH"},{"data":"Burst","floor":32.0,"key":"SMITH"},{"floor":40.0,"key":"REST"},{"data":"Footwork","floor":42.0,"key":"SMITH"},{"data":"Deadly Poison","floor":45.0,"key":"SMITH"},{"floor":49.0,"key":"REST"},{"data":"Blur","floor":52,"key":"SMITH"}],"neow_cost":"NONE","seed_source_timestamp":0,"circlet_count":0,"master_deck":["Defend_G","Defend_G","Defend_G","Survivor","Neutralize","Dodge and Roll+1","Blur+1","Noxious Fumes+1","Sucker Punch+1","Deadly Poison+1","Heel Hook","Blur+1","Backflip","Poisoned Stab+1","Dodge and Roll+1","Catalyst+1","Bite","Bite","Bite","Bite","Bite","Burst+1","Acrobatics+1","Deadly Poison+1","Footwork+1","Apotheosis","Doubt","Terror+1"],"special_seed":0,"relics":["Velvet Choker","Bronze Scales","Whetstone","Tiny House","Enchiridion","Potion Belt","WingedGreaves","Cursed Key","Juzu Bracelet","Oddly Smooth Stone","Du-Vu Doll","Vajra"],"potions_floor_usage":[50,54,55],"damage_taken":[{"damage":0.0,"enemies":"2 Louse","floor":1.0,"turns":4.0},{"damage":0.0,"enemies":"Small Slimes","floor":2.0,"turns":5.0},{"damage":0.0,"enemies":"Jaw Worm","floor":3.0,"turns":4.0},{"damage":10.0,"enemies":"3 Sentries","floor":6.0,"turns":7.0},{"damage":15.0,"enemies":"Gremlin Gang","floor":11.0,"turns":4.0},{"damage":0.0,"enemies":"Exordium Wildlife","floor":12.0,"turns":3.0},{"damage":0.0,"enemies":"Looter","floor":14.0,"turns":3.0},{"damage":13.0,"enemies":"The Guardian","floor":16.0,"turns":9.0},{"damage":0.0,"enemies":"Spheric Guardian","floor":18.0,"turns":6.0},{"damage":4.0,"enemies":"Chosen","floor":19.0,"turns":5.0},{"damage":8.0,"enemies":"Snake Plant","floor":22.0,"turns":4.0},{"damage":2.0,"enemies":"Book of Stabbing","floor":23.0,"turns":5.0},{"damage":4.0,"enemies":"Sentry and Sphere","floor":25.0,"turns":6.0},{"damage":5.0,"enemies":"Chosen and Byrds","floor":28.0,"turns":5.0},{"damage":6.0,"enemies":"Snecko","floor":31.0,"turns":5.0},{"damage":44.0,"enemies":"Automaton","floor":33.0,"turns":7.0},{"damage":43.0,"enemies":"3 Darklings","floor":35.0,"turns":5.0},{"damage":0.0,"enemies":"3 Shapes","floor":36.0,"turns":5.0},{"damage":0.0,"enemies":"Mind Bloom Boss Battle","floor":44.0,"turns":5.0},{"damage":21.0,"enemies":"3 Darklings","floor":46.0,"turns":5.0},{"damage":14.0,"enemies":"Jaw Worm Horde","floor":47.0,"turns":5.0},{"damage":41,"enemies":"Awakened One","floor":50,"turns":20},{"damage":68,"enemies":"Shield and Spear","floor":54,"turns":11},{"damage":24,"enemies":"The Heart","floor":55,"turns":5}],"seed_played":"7829461967163044506","potions_obtained":[{"floor":2.0,"key":"GamblersBrew"},{"floor":3.0,"key":"FearPotion"},{"floor":6.0,"key":"SteroidPotion"},{"floor":14.0,"key":"FearPotion"},{"floor":17.0,"key":"SmokeBomb"},{"floor":22.0,"key":"Weak Potion"},{"floor":28.0,"key":"SpeedPotion"},{"floor":35.0,"key":"Swift Potion"},{"floor":47.0,"key":"SpeedPotion"},{"floor":54,"key":"GhostInAJar"}],"is_trial":false,"path_per_floor":["M","M","M","$","?","E","?","R","T","R","M","M","R","M","R","B",null,"M","M","?","?","M","E","?","M","T","R","M","R","?","M","R","B",null,"M","M","?","?","$","R","?","R","T","?","R","M","M","$","R","B",null,"R","$","E","B"],"character_chosen":"THE_SILENT","items_purchased":["Noxious Fumes","Footwork","Apotheosis","Juzu Bracelet","FairyPotion"],"campfire_rested":4,"item_purchase_floors":[4,39,39,39,48],"current_hp_per_floor":[70,70,70,70,63,53,53,53,53,53,38,38,59,59,59,46,75,75,71,57,41,33,31,31,37,37,53,53,53,53,56,56,12,56,17,27,27,27,27,43,43,43,43,52,52,41,33,33,48,53,53,53,53,13,0],"gold":70,"neow_bonus":"BOSS_RELIC","is_prod":false,"is_daily":false,"chose_seed":false,"campfire_upgraded":7,"win_rate":0,"timestamp":1553819094,"path_taken":["M","M","M","$","?","E","?","R","T","R","M","M","R","M","R","BOSS","M","M","?","?","M","E","?","M","T","R","M","R","?","?","R","BOSS","M","?","?","?","$","R","?","R","T","?","R","M","M","$","R","BOSS","R","$","E","BOSS"],"build_version":"2019-01-23","purchased_purges":3,"victory":false,"max_hp_per_floor":[70,70,70,70,70,70,70,70,70,70,70,70,70,70,70,70,75,75,75,80,80,80,80,56,56,56,56,56,56,56,56,56,56,56,56,56,56,56,56,56,53,53,53,53,53,53,53,53,53,53,53,53,53,53,53],"card_choices":[{"not_picked":["Slice","Prepared"],"picked":"Dodge and Roll","floor":1.0},{"not_picked":["Deadly Poison","Dagger Throw"],"picked":"Poisoned Stab","floor":2.0},{"not_picked":["Backflip","Calculated Gamble"],"picked":"Blur","floor":3.0},{"not_picked":["Accuracy","Deadly Poison"],"picked":"Sucker Punch","floor":6.0},{"not_picked":["Underhanded Strike","Backflip"],"picked":"Deadly Poison","floor":11.0},{"not_picked":["Flechettes","Underhanded Strike"],"picked":"Heel Hook","floor":12.0},{"not_picked":["Cloak And Dagger","Choke"],"picked":"Blur","floor":14.0},{"not_picked":["Underhanded Strike","Cloak And Dagger"],"picked":"Backflip","floor":17.0},{"not_picked":["Prepared","Masterful Stab","Bane+1"],"picked":"SKIP","floor":18.0},{"not_picked":["Quick Slash+1","Choke"],"picked":"Poisoned Stab+1","floor":19.0},{"not_picked":["Backflip+1","Deflect+1"],"picked":"Dodge and Roll+1","floor":22.0},{"not_picked":["Expertise","Accuracy"],"picked":"Catalyst","floor":23.0},{"not_picked":["Tactician+1","Dagger Throw"],"picked":"Burst","floor":25.0},{"not_picked":["Dagger Throw","PiercingWail"],"picked":"Acrobatics+1","floor":28.0},{"not_picked":["Slice","Backstab"],"picked":"Deadly Poison+1","floor":31.0},{"not_picked":["Sucker Punch+1","Flying Knee","Quick Slash"],"picked":"SKIP","floor":35.0},{"not_picked":["Bane","Skewer+1","Acrobatics"],"picked":"SKIP","floor":36.0},{"not_picked":["Catalyst","Heel Hook+1","Skewer"],"picked":"SKIP","floor":46.0},{"not_picked":["Calculated Gamble+1","Dagger Throw","Dagger Spray+1"],"picked":"SKIP","floor":47.0},{"not_picked":["Dodge and Roll+1","Poisoned Stab+1"],"picked":"Terror+1","floor":54}],"player_experience":147366,"relics_obtained":[{"floor":6.0,"key":"Bronze Scales"},{"floor":9.0,"key":"Whetstone"},{"floor":21.0,"key":"Enchiridion"},{"floor":23.0,"key":"Potion Belt"},{"floor":43.0,"key":"Oddly Smooth Stone"},{"floor":44.0,"key":"Du-Vu Doll"},{"floor":54,"key":"Vajra"}],"event_choices":[{"cards_removed":["Defend_G"],"damage_healed":0.0,"max_hp_gain":0.0,"max_hp_loss":0.0,"gold_gain":0.0,"event_name":"Golden Wing","player_choice":"Card Removal","floor":5.0,"gold_loss":0.0,"damage_taken":7.0},{"damage_healed":0.0,"max_hp_gain":0.0,"max_hp_loss":0.0,"gold_gain":0.0,"event_name":"Liars Game","player_choice":"Ignored","floor":7.0,"gold_loss":0.0,"damage_taken":0.0},{"damage_healed":0.0,"max_hp_gain":5.0,"max_hp_loss":0.0,"gold_gain":0.0,"event_name":"Forgotten Altar","player_choice":"Shed Blood","floor":20.0,"gold_loss":0.0,"damage_taken":19.0},{"damage_healed":0.0,"max_hp_gain":0.0,"max_hp_loss":0.0,"gold_gain":0.0,"event_name":"Cursed Tome","player_choice":"Obtained Book","floor":21.0,"gold_loss":0.0,"damage_taken":16.0},{"damage_healed":0.0,"max_hp_gain":0.0,"max_hp_loss":24.0,"gold_gain":0.0,"event_name":"Vampires","player_choice":"Became a vampire","floor":24.0,"gold_loss":0.0,"damage_taken":0.0,"cards_obtained":["Bite","Bite","Bite","Bite","Bite"]},{"damage_healed":0.0,"max_hp_gain":0.0,"max_hp_loss":0.0,"gold_gain":0.0,"event_name":"The Mausoleum","player_choice":"Opened","floor":30.0,"gold_loss":0.0,"damage_taken":0.0,"relics_obtained":["WingedGreaves"],"cards_obtained":["Writhe"]},{"damage_healed":0.0,"max_hp_gain":0.0,"max_hp_loss":0.0,"gold_gain":0.0,"event_name":"Mysterious Sphere","player_choice":"Ignored","floor":37.0,"gold_loss":0.0,"damage_taken":0.0},{"cards_removed":["Poisoned Stab"],"damage_healed":0.0,"max_hp_gain":0.0,"max_hp_loss":0.0,"gold_gain":0.0,"event_name":"Falling","player_choice":"Removed Attack","floor":38.0,"gold_loss":0.0,"damage_taken":0.0},{"damage_healed":0.0,"max_hp_gain":0.0,"max_hp_loss":3.0,"gold_gain":0.0,"event_name":"Winding Halls","player_choice":"Max HP","floor":41.0,"gold_loss":0.0,"damage_taken":0.0},{"damage_healed":0.0,"max_hp_gain":0.0,"max_hp_loss":0.0,"gold_gain":0.0,"event_name":"MindBloom","player_choice":"Fight","floor":44.0,"gold_loss":0.0,"damage_taken":0.0}],"is_beta":false,"boss_relics":[{"not_picked":["Calling Bell","HoveringKite"],"picked":"Tiny House"},{"not_picked":["Runic Dome","Philosopher\u0027s Stone"],"picked":"Cursed Key"}],"items_purged_floors":[4,39,48],"is_endless":false,"potions_floor_spawned":[2,3,6,14,16,19,22,28,35,47,54],"killed_by":"The Heart","ascension_level":0}