{"gold_per_floor":[219,229,244,89,104,104,135,135,162,190,142,153,153,153,153,250,250,265,265,292,292,305,334,334,334],"floor_reached":25,"playtime":1269,"items_purged":["Defend_B"],"score":298,"play_id":"1bfe246d-45c6-4d38-9b60-09e5d7acfdfa","local_time":"20190326221339","is_ascension_mode":true,"campfire_choices":[{"floor":6,"key":"RECALL"},{"data":"Zap","floor":8,"key":"SMITH"},{"floor":15,"key":"REST"},{"data":"Defend_B","floor":24,"key":"SMITH"}],"neow_cost":"NONE","seed_source_timestamp":165525420616201,"circlet_count":0,"master_deck":["Strike_B","Strike_B","Strike_B+1","Strike_B","Defend_B","Defend_B","Defend_B+1","Zap+1","Dualcast","FTL","Auto Shields","Go for the Eyes","Sunder+1","Defragment","Buffer","Leap","Tempest+1"],"relics":["Cracked Core","Centennial Puzzle","DataDisk","Whetstone","Coffee Dripper","Red Mask","Cables"],"potions_floor_usage":[7,12,16,23],"damage_taken":[{"damage":1,"enemies":"Cultist","floor":1,"turns":3},{"damage":4,"enemies":"Jaw Worm","floor":2,"turns":3},{"damage":7,"enemies":"Small Slimes","floor":3,"turns":4},{"damage":1,"enemies":"2 Fungi Beasts","floor":5,"turns":3},{"damage":24,"enemies":"3 Sentries","floor":7,"turns":7},{"damage":15,"enemies":"Lagavulin","floor":10,"turns":6},{"damage":0,"enemies":"Large Slime","floor":12,"turns":3},{"damage":34,"enemies":"Hexaghost","floor":16,"turns":9},{"damage":0,"enemies":"Chosen","floor":18,"turns":4},{"damage":10,"enemies":"Masked Bandits","floor":20,"turns":3},{"damage":4,"enemies":"Shell Parasite","floor":22,"turns":5},{"damage":18,"enemies":"Book of Stabbing","floor":23,"turns":5},{"damage":14,"enemies":"Gremlin Leader","floor":25,"turns":3}],"seed_played":"-4159235337483945281","potions_obtained":[{"floor":2,"key":"Strength Potion"},{"floor":7,"key":"GamblersBrew"},{"floor":10,"key":"Regen Potion"},{"floor":18,"key":"Block Potion"}],"is_trial":false,"path_per_floor":["M","M","M","$","M","R","E","R","T","E","?","M","?","?","R","B",null,"M","?","?","?","M","E","R","E"],"character_chosen":"DEFECT","items_purchased":["Auto Shields"],"campfire_rested":1,"item_purchase_floors":[4],"current_hp_per_floor":[67,63,56,56,55,55,31,31,31,16,16,25,25,25,47,13,60,60,46,36,36,32,14,14,0],"gold":334,"neow_bonus":"HUNDRED_GOLD","is_prod":false,"is_daily":false,"chose_seed":false,"campfire_upgraded":2,"win_rate":0,"timestamp":1553656419,"path_taken":["M","M","M","$","M","R","E","R","T","E","?","M","?","?","R","BOSS","M","?","?","?","?","E","R","E"],"build_version":"2019-01-23","purchased_purges":1,"victory":false,"max_hp_per_floor":[75,75,75,75,75,75,75,75,75,75,75,75,75,75,75,75,75,75,80,80,80,80,80,80,80],"card_choices":[{"not_picked":["Rebound","Gash","Static Discharge"],"picked":"SKIP","floor":1},{"not_picked":["Coolheaded","Stack","Undo"],"picked":"SKIP","floor":2},{"not_picked":["Sweeping Beam","Coolheaded"],"picked":"FTL","floor":3},{"not_picked":["Steam","Turbo","Coolheaded"],"picked":"SKIP","floor":5},{"not_picked":["Conserve Battery","Sweeping Beam"],"picked":"Go for the Eyes","floor":7},{"not_picked":["Scrape","Static Discharge"],"picked":"Sunder","floor":10},{"not_picked":["White Noise","Chaos"],"picked":"Defragment","floor":12},{"not_picked":["Hyperbeam","Reboot"],"picked":"Buffer","floor":16},{"not_picked":["Redo","Streamline","Hologram"],"picked":"SKIP","floor":18},{"not_picked":["Stack","Barrage"],"picked":"Leap","floor":20},{"not_picked":["Stack","Conserve Battery"],"picked":"Tempest+1","floor":22},{"not_picked":["Turbo+1","Heatsinks","Multi-Cast"],"picked":"SKIP","floor":23}],"player_experience":101068,"relics_obtained":[{"floor":7,"key":"Centennial Puzzle"},{"floor":9,"key":"DataDisk"},{"floor":10,"key":"Whetstone"},{"floor":20,"key":"Red Mask"},{"floor":23,"key":"Cables"}],"event_choices":[{"damage_healed":0,"gold_gain":0,"player_choice":"Left Gold","damage_taken":0,"max_hp_gain":0,"max_hp_loss":0,"event_name":"World of Goop","floor":11,"gold_loss":48},{"damage_healed":0,"gold_gain":0,"player_choice":"Searched \u00270\u0027 times","damage_taken":0,"max_hp_gain":0,"max_hp_loss":0,"event_name":"Dead Adventurer","floor":13,"gold_loss":0},{"damage_healed":0,"gold_gain":0,"player_choice":"Ignored","damage_taken":0,"max_hp_gain":0,"max_hp_loss":0,"event_name":"Liars Game","floor":14,"gold_loss":0},{"damage_healed":0,"gold_gain":0,"player_choice":"Shed Blood","damage_taken":19,"max_hp_gain":5,"max_hp_loss":0,"event_name":"Forgotten Altar","floor":19,"gold_loss":0},{"damage_healed":0,"gold_gain":0,"player_choice":"Fought Bandits","damage_taken":0,"max_hp_gain":0,"max_hp_loss":0,"event_name":"Masked Bandits","floor":20,"gold_loss":0},{"damage_healed":0,"gold_gain":0,"player_choice":"Leave","damage_taken":0,"max_hp_gain":0,"max_hp_loss":0,"event_name":"FaceTrader","floor":21,"gold_loss":0}],"is_beta":false,"boss_relics":[{"not_picked":["Cursed Key","Orrery"],"picked":"Coffee Dripper"}],"items_purged_floors":[4],"is_endless":false,"potions_floor_spawned":[2,7,10,18],"killed_by":"Gremlin Leader","ascension_level":6}