{"gold_per_floor":[115,115,131,143,68,80,80,110,110,110,120,131,162,172,172,172],"floor_reached":16,"playtime":620,"items_purged":["Strike_R"],"score":114,"play_id":"a6eddd7e-e836-4d74-955e-66eba26f543f","local_time":"20181122102608","is_ascension_mode":false,"campfire_choices":[{"floor":7,"key":"REST"},{"floor":10,"key":"REST"},{"floor":15,"key":"REST"}],"neow_cost":"NONE","seed_source_timestamp":181573633674196,"circlet_count":0,"master_deck":["Strike_R","Strike_R","Strike_R","Defend_R","Defend_R","Defend_R","Defend_R","Bash","Berserk","Disarm","Havoc","Limit Break","Inflame","Thunderclap","Havoc","Heavy Blade","Blood for Blood"],"relics":["Burning Blood","Incense Burner","Paper Frog","Blue Candle"],"potions_floor_usage":[6,8,8,13,13],"damage_taken":[{"damage":11,"enemies":"Jaw Worm","floor":1,"turns":2},{"damage":2,"enemies":"Cultist","floor":3,"turns":4},{"damage":8,"enemies":"2 Louse","floor":4,"turns":2},{"damage":45,"enemies":"Large Slime","floor":6,"turns":12},{"damage":47,"enemies":"Lagavulin","floor":8,"turns":8},{"damage":5,"enemies":"Blue Slaver","floor":11,"turns":5},{"damage":5,"enemies":"Exordium Wildlife","floor":12,"turns":3},{"damage":31,"enemies":"3 Sentries","floor":13,"turns":11},{"damage":14,"enemies":"Red Slaver","floor":14,"turns":4},{"damage":43,"enemies":"Slime Boss","floor":16,"turns":5}],"seed_played":"2055111891052422240","potions_obtained":[{"floor":3,"key":"Weak Potion"},{"floor":4,"key":"Ancient Potion"},{"floor":6,"key":"Dexterity Potion"},{"floor":11,"key":"Block Potion"},{"floor":12,"key":"Swift Potion"}],"is_trial":false,"path_per_floor":["M","?","M","M","$","M","R","E","T","R","M","M","E","M","R","B"],"character_chosen":"IRONCLAD","items_purchased":[],"campfire_rested":3,"item_purchase_floors":[],"current_hp_per_floor":[75,75,79,77,77,38,62,21,21,45,46,47,22,14,38,0],"gold":172,"neow_bonus":"ONE_RANDOM_RARE_CARD","is_prod":false,"is_daily":false,"chose_seed":false,"campfire_upgraded":0,"win_rate":0.0,"timestamp":1542878768,"path_taken":["M","?","?","M","?","M","R","E","T","R","M","M","E","?","R","BOSS"],"build_version":"2018-11-15","purchased_purges":1,"victory":false,"max_hp_per_floor":[80,80,80,80,80,80,80,80,80,80,80,80,80,80,80,80],"card_choices":[{"not_picked":["Sword Boomerang","Sever Soul"],"picked":"Disarm","floor":1},{"not_picked":["Reckless Charge","Armaments","Wild Strike"],"picked":"SKIP","floor":3},{"not_picked":["Searing Blow","Pommel Strike"],"picked":"Havoc","floor":4},{"not_picked":["Pommel Strike","Infernal Blade"],"picked":"Limit Break","floor":6},{"not_picked":["Cleave","Body Slam"],"picked":"Inflame","floor":8},{"not_picked":["Combust","Body Slam"],"picked":"Thunderclap","floor":11},{"not_picked":["Sentinel","Shrug It Off"],"picked":"Havoc","floor":12},{"not_picked":["Inflame","Armaments"],"picked":"Heavy Blade","floor":13},{"not_picked":["Rage","Sword Boomerang"],"picked":"Blood for Blood","floor":14}],"player_experience":165064,"relics_obtained":[{"floor":8,"key":"Incense Burner"},{"floor":9,"key":"Paper Frog"},{"floor":13,"key":"Blue Candle"}],"event_choices":[{"cards_removed":["Strike_R"],"damage_healed":0,"gold_gain":0,"player_choice":"Purged","damage_taken":0,"max_hp_gain":0,"max_hp_loss":0,"event_name":"Purifier","floor":2,"gold_loss":0}],"is_beta":false,"boss_relics":[],"items_purged_floors":[5],"is_endless":false,"potions_floor_spawned":[3,4,6,11,12],"killed_by":"Slime Boss","ascension_level":0}