{"gold_per_floor":[119,134,144,164,2,34,52,52,79,79,105,121,151,164,164,263,263,282,298,309,309,309,309,336,336,419,121,121,121,121,146,146,242,242,261,313,88,0,14,14,32,43,43,53,53,53,70,170,170,170],"floor_reached":51,"playtime":11361,"items_purged":["Strike_G","Dash+1"],"score":687,"play_id":"6d6f9d5c-d27e-4c2e-a749-5b1e21d4e33f","local_time":"20190220200634","is_ascension_mode":false,"campfire_choices":[{"data":"A Thousand Cuts","floor":8.0,"key":"SMITH"},{"data":"Noxious Fumes","floor":15.0,"key":"SMITH"},{"data":"Footwork","floor":23.0,"key":"SMITH"},{"floor":29,"key":"REST"},{"floor":32,"key":"REST"},{"floor":40,"key":"REST"},{"floor":46,"key":"REST"},{"floor":49,"key":"REST"}],"neow_cost":"NONE","seed_source_timestamp":514479763344434,"circlet_count":0,"master_deck":["Defend_G+1","Defend_G+1","Defend_G+1","Defend_G+1","Strike_G+1","Survivor","Neutralize","Backflip","Footwork+1","Flying Knee","Noxious Fumes+1","A Thousand Cuts+1","Backflip","Acrobatics","Flying Knee","Tools of the Trade","Well Laid Plans+1","Deadly Poison+1","Flying Knee","Noxious Fumes+1","Quick Slash","Footwork","Noxious Fumes","Outmaneuver","PiercingWail","Footwork","Poisoned Stab","Outmaneuver+1","PiercingWail","Deflect+1","Writhe","Backflip+1"],"special_seed":0,"relics":["Ring of the Snake","Pen Nib","FossilizedHelix","Orichalcum","Ancient Tea Set","Juzu Bracelet","Astrolabe","Strawberry","Tiny Chest","Potion Belt","Fusion Hammer","Dead Branch","Snake Skull","Red Mask","Sundial","StoneCalendar"],"potions_floor_usage":[24,24,35,36,36,36,36,42,48],"damage_taken":[{"damage":1.0,"enemies":"2 Louse","floor":1.0,"turns":4.0},{"damage":0.0,"enemies":"Jaw Worm","floor":2.0,"turns":3.0},{"damage":0.0,"enemies":"Cultist","floor":3.0,"turns":3.0},{"damage":2.0,"enemies":"Blue Slaver","floor":4.0,"turns":5.0},{"damage":37.0,"enemies":"Gremlin Nob","floor":6.0,"turns":6.0},{"damage":0.0,"enemies":"Red Slaver","floor":7.0,"turns":4.0},{"damage":6.0,"enemies":"Lagavulin","floor":11.0,"turns":7.0},{"damage":0.0,"enemies":"2 Fungi Beasts","floor":12.0,"turns":4.0},{"damage":8.0,"enemies":"Gremlin Nob","floor":13.0,"turns":5.0},{"damage":0.0,"enemies":"Large Slime","floor":14.0,"turns":7.0},{"damage":17.0,"enemies":"Hexaghost","floor":16.0,"turns":10.0},{"damage":1.0,"enemies":"Shell Parasite","floor":18.0,"turns":6.0},{"damage":15.0,"enemies":"3 Byrds","floor":19.0,"turns":5.0},{"damage":9.0,"enemies":"Snake Plant","floor":20.0,"turns":5.0},{"damage":37,"enemies":"Slavers","floor":24,"turns":5},{"damage":0,"enemies":"Champ","floor":33,"turns":10},{"damage":9,"enemies":"3 Shapes","floor":35,"turns":5},{"damage":26,"enemies":"2 Orb Walkers","floor":36,"turns":6},{"damage":9,"enemies":"Orb Walker","floor":39,"turns":5},{"damage":11,"enemies":"4 Shapes","floor":41,"turns":6},{"damage":0,"enemies":"Maw","floor":42,"turns":8},{"damage":33,"enemies":"3 Darklings","floor":44,"turns":4},{"damage":22,"enemies":"Spire Growth","floor":47,"turns":6},{"damage":0,"enemies":"Mind Bloom Boss Battle","floor":48,"turns":7},{"damage":16,"enemies":"Time Eater","floor":50,"turns":13}],"seed_played":"-8491292013029224349","potions_obtained":[{"floor":6.0,"key":"SkillPotion"},{"floor":12.0,"key":"Energy Potion"},{"floor":13.0,"key":"Weak Potion"},{"floor":14.0,"key":"Poison Potion"},{"floor":20.0,"key":"Ancient Potion"},{"floor":24,"key":"Swift Potion"},{"floor":33,"key":"PowerPotion"},{"floor":35,"key":"Fruit Juice"},{"floor":41,"key":"EssenceOfSteel"},{"floor":47,"key":"PowerPotion"}],"is_trial":false,"path_per_floor":["M","M","M","M","$","E","M","R","T","?","E","M","E","M","R","B",null,"M","M","M","?","?","R","E","?","T","$","?","R","?","T","R","B",null,"M","?","$","?","M","R","M","M","T","M","?","R","M","?","R","B",null],"character_chosen":"THE_SILENT","items_purchased":["Footwork","Flying Knee","Noxious Fumes","Outmaneuver","SpeedPotion","Fire Potion","Snake Skull","Footwork"],"campfire_rested":5,"item_purchase_floors":[5,5,27,27,27,27,37,37],"current_hp_per_floor":[69,69,69,67,67,30,30,30,30,53,47,47,39,39,39,22,70,69,54,45,45,45,45,15,15,15,15,15,38,38,38,61,61,77,68,47,47,47,38,62,51,51,51,18,39,63,41,41,65,49],"gold":170,"neow_bonus":"RANDOM_COMMON_RELIC","is_prod":false,"is_daily":false,"chose_seed":false,"campfire_upgraded":3,"win_rate":0,"timestamp":1550721994,"path_taken":["M","M","M","M","$","E","M","R","T","?","E","M","E","M","R","BOSS","M","M","M","?","?","R","E","?","T","$","?","R","?","?","R","BOSS","M","?","$","?","M","R","M","M","T","M","?","R","M","?","R","BOSS"],"build_version":"2019-01-23","purchased_purges":2,"victory":true,"max_hp_per_floor":[70,70,70,70,70,70,70,70,70,70,70,70,70,70,70,70,70,70,70,70,70,70,70,77,77,77,77,77,77,77,77,77,77,77,77,82,82,82,82,82,82,82,82,82,82,82,82,82,82,82],"card_choices":[{"not_picked":["Dodge and Roll","Poisoned Stab"],"picked":"Backflip","floor":1.0},{"not_picked":["Dagger Spray","Tactician","Heel Hook"],"picked":"SKIP","floor":2.0},{"not_picked":["Crippling Poison","Venomology","Reflex"],"picked":"SKIP","floor":3.0},{"not_picked":["Dagger Spray","Prepared","Quick Slash"],"picked":"SKIP","floor":4.0},{"not_picked":["Dodge and Roll","Leg Sweep"],"picked":"Noxious Fumes","floor":6.0},{"not_picked":["Heel Hook","Underhanded Strike"],"picked":"A Thousand Cuts","floor":7.0},{"not_picked":["Accuracy","Prepared","Bullet Time"],"picked":"SKIP","floor":11.0},{"not_picked":["Underhanded Strike","Prepared"],"picked":"Backflip","floor":12.0},{"not_picked":["Deflect","Reflex"],"picked":"Acrobatics","floor":13.0},{"not_picked":["Backflip","Corpse Explosion"],"picked":"Flying Knee","floor":14.0},{"not_picked":["Storm of Steel","Envenom"],"picked":"Tools of the Trade","floor":16.0},{"not_picked":["Distraction","Acrobatics","Backflip"],"picked":"SKIP","floor":18.0},{"not_picked":["Acrobatics+1","Crippling Poison"],"picked":"Flying Knee","floor":19.0},{"not_picked":["Infinite Blades","Prepared"],"picked":"Noxious Fumes+1","floor":20.0},{"not_picked":["Concentrate+1","Cloak And Dagger"],"picked":"Footwork","floor":24},{"not_picked":["Flying Knee+1","Distraction","Accuracy+1"],"picked":"SKIP","floor":35},{"not_picked":["Infinite Blades+1","Sucker Punch"],"picked":"PiercingWail","floor":36},{"not_picked":["Slice","Well Laid Plans+1"],"picked":"Poisoned Stab","floor":39},{"not_picked":["Infinite Blades+1","Escape Plan"],"picked":"Outmaneuver+1","floor":41},{"not_picked":["All Out Attack","Underhanded Strike"],"picked":"PiercingWail","floor":42},{"not_picked":["Bouncing Flask","Flying Knee"],"picked":"Deflect+1","floor":44},{"not_picked":["Deflect","Dodge and Roll","Finisher+1"],"picked":"SKIP","floor":47},{"not_picked":["Choke","Envenom"],"picked":"Backflip+1","floor":48}],"player_experience":126602,"relics_obtained":[{"floor":6.0,"key":"FossilizedHelix"},{"floor":9.0,"key":"Orichalcum"},{"floor":11.0,"key":"Ancient Tea Set"},{"floor":13.0,"key":"Juzu Bracelet"},{"floor":24,"key":"Strawberry"},{"floor":26,"key":"Tiny Chest"},{"floor":31,"key":"Potion Belt"},{"floor":36,"key":"Dead Branch"},{"floor":43,"key":"Sundial"},{"floor":48,"key":"StoneCalendar"}],"event_choices":[{"damage_healed":23.0,"max_hp_gain":0.0,"max_hp_loss":0.0,"gold_gain":0.0,"event_name":"Big Fish","player_choice":"Banana","floor":10.0,"gold_loss":0.0,"damage_taken":0.0},{"damage_healed":0.0,"max_hp_gain":0.0,"max_hp_loss":0.0,"gold_gain":0.0,"cards_transformed":["Strike_G"],"event_name":"Transmorgrifier","player_choice":"Transformed","floor":21.0,"gold_loss":0.0,"damage_taken":0.0,"cards_obtained":["Quick Slash"]},{"damage_healed":0.0,"max_hp_gain":0.0,"max_hp_loss":0.0,"gold_gain":0.0,"event_name":"Ghosts","player_choice":"Ignored","floor":22.0,"gold_loss":0.0,"damage_taken":0.0},{"damage_healed":0,"gold_gain":0,"player_choice":"Simplicity","damage_taken":0,"max_hp_gain":0,"max_hp_loss":0,"event_name":"Back to Basics","floor":25,"gold_loss":0,"cards_upgraded":["Defend_G","Defend_G","Defend_G","Defend_G","Strike_G"]},{"damage_healed":0,"gold_gain":0,"player_choice":"Bought 0 Potions","damage_taken":0,"max_hp_gain":0,"max_hp_loss":0,"event_name":"The Woman in Blue","floor":28,"gold_loss":0},{"damage_healed":0,"gold_gain":0,"player_choice":"Ignored","damage_taken":0,"max_hp_gain":0,"max_hp_loss":0,"event_name":"Cursed Tome","floor":30,"gold_loss":0},{"damage_healed":0,"gold_gain":0,"player_choice":"Fight","damage_taken":0,"max_hp_gain":0,"max_hp_loss":0,"event_name":"Mysterious Sphere","floor":36,"gold_loss":0},{"damage_healed":0,"gold_gain":0,"player_choice":"Paid","damage_taken":0,"relics_obtained":["Red Mask"],"max_hp_gain":0,"max_hp_loss":0,"event_name":"Tomb of Lord Red Mask","floor":38,"gold_loss":88},{"damage_healed":21,"gold_gain":0,"player_choice":"Writhe","damage_taken":0,"max_hp_gain":0,"max_hp_loss":0,"event_name":"Winding Halls","floor":45,"gold_loss":0,"cards_obtained":["Writhe"]},{"damage_healed":0,"gold_gain":0,"player_choice":"Fight","damage_taken":0,"max_hp_gain":0,"max_hp_loss":0,"event_name":"MindBloom","floor":48,"gold_loss":0}],"is_beta":false,"boss_relics":[{"not_picked":["Black Star","Pandora\u0027s Box"],"picked":"Astrolabe"},{"not_picked":["Lizard Tail","WristBlade"],"picked":"Fusion Hammer"}],"items_purged_floors":[5,27],"is_endless":false,"potions_floor_spawned":[6,12,13,14,20,24,33,35,41,47],"ascension_level":0}