{"gold_per_floor":[117,132,57,57,71,107,107,147,147,167,23,44,83,97,97,228,228,243,158,183,183,183,218,43,68,68,68,84,118,118,118,118,220,220,234,32,32,32,45,78,94,104,130,156,173,173,173,199,199,199],"floor_reached":51,"playtime":3639,"items_purged":["Writhe"],"score":1432,"play_id":"11619d83-bb91-40d2-ab1f-1af39748d096","local_time":"20180711025117","is_ascension_mode":true,"campfire_choices":[{"data":"Defragment","floor":7,"key":"SMITH"},{"data":"Defragment","floor":15,"key":"SMITH"},{"data":"White Noise","floor":27,"key":"SMITH"},{"data":"Loop","floor":30,"key":"SMITH"},{"data":"Seek","floor":32,"key":"SMITH"},{"data":"Coolheaded","floor":46,"key":"SMITH"},{"data":"Turbo","floor":49,"key":"SMITH"}],"neow_cost":"","seed_source_timestamp":196939325767872,"circlet_count":0,"master_deck":["Strike_B","Strike_B","Strike_B","Strike_B","Defend_B","Defend_B","Defend_B","Defend_B","Zap","Dualcast","AscendersBane","Go for the Eyes","Defragment+1","Glacier","Ball Lightning","Stack","Conserve Battery","Conserve Battery","Loop+1","White Noise+1","Turbo+1","Defragment+1","Steam","Amplify","Compile Driver+1","Self Repair","Conserve Battery","Coolheaded+1","Seek+1","Ball Lightning+1","Cold Snap+1","Gash+1","Stack","Storm","Madness","Madness","Cold Snap+1","Glacier+1","Coolheaded+1","Pain","Loop","Leap","Go for the Eyes+1"],"relics":["Cracked Core","Bloody Idol","Bronze Scales","Dead Branch","Molten Egg 2","Bag of Preparation","Cursed Key","Anchor","Pantograph","Bag of Marbles","Smiling Mask","Sundial","Pear","Nuclear Battery","Girya","DataDisk","Darkstone Periapt","Ornamental Fan"],"potions_floor_usage":[8,16,20,23,23,23,33,44,45,50],"damage_taken":[{"damage":6,"enemies":"Cultist","floor":1,"turns":4},{"damage":0,"enemies":"2 Louse","floor":2,"turns":2},{"damage":10,"enemies":"Small Slimes","floor":5,"turns":3},{"damage":4,"enemies":"3 Sentries","floor":6,"turns":9},{"damage":1,"enemies":"Gremlin Nob","floor":8,"turns":4},{"damage":2,"enemies":"Red Slaver","floor":10,"turns":3},{"damage":0,"enemies":"Blue Slaver","floor":12,"turns":4},{"damage":19,"enemies":"3 Sentries","floor":13,"turns":6},{"damage":2,"enemies":"3 Louse","floor":14,"turns":4},{"damage":0,"enemies":"Hexaghost","floor":16,"turns":9},{"damage":8,"enemies":"Chosen","floor":18,"turns":5},{"damage":6,"enemies":"2 Thieves","floor":20,"turns":4},{"damage":34,"enemies":"Gremlin Leader","floor":23,"turns":9},{"damage":27,"enemies":"Slavers","floor":25,"turns":8},{"damage":0,"enemies":"Snake Plant","floor":28,"turns":3},{"damage":0,"enemies":"Book of Stabbing","floor":29,"turns":7},{"damage":0,"enemies":"Champ","floor":33,"turns":10},{"damage":0,"enemies":"3 Darklings","floor":35,"turns":6},{"damage":0,"enemies":"3 Shapes","floor":39,"turns":3},{"damage":0,"enemies":"Nemesis","floor":40,"turns":7},{"damage":13,"enemies":"Spire Growth","floor":41,"turns":3},{"damage":0,"enemies":"Flame Bruiser 2 Orb","floor":42,"turns":5},{"damage":3,"enemies":"2 Orb Walkers","floor":44,"turns":6},{"damage":6,"enemies":"Transient","floor":45,"turns":5},{"damage":11,"enemies":"Giant Head","floor":48,"turns":10},{"damage":73,"enemies":"Awakened One","floor":50,"turns":16}],"seed_played":"3286414430321234930","potions_obtained":[{"floor":1,"key":"LiquidBronze"},{"floor":2,"key":"FocusPotion"},{"floor":8,"key":"Weak Potion"},{"floor":12,"key":"FocusPotion"},{"floor":18,"key":"Explosive Potion"},{"floor":20,"key":"SkillPotion"},{"floor":28,"key":"SteroidPotion"},{"floor":29,"key":"GamblersBrew"},{"floor":41,"key":"SpeedPotion"},{"floor":42,"key":"Regen Potion"},{"floor":44,"key":"Swift Potion"}],"is_trial":false,"path_per_floor":["M","M","$","?","M","E","R","E","T","M","$","M","E","M","R","B",null,"M","?","M","?","T","E","$","E","T","R","M","E","R","?","R","B",null,"M","$","?","?","M","E","M","M","T","E","M","R","?","E","R","B"],"character_chosen":"DEFECT","items_purchased":["Glacier","Loop","White Noise","Coolheaded","Seek","Barrage+1","Stack","Storm"],"campfire_rested":0,"item_purchase_floors":[3,11,11,24,24,36,36,36],"current_hp_per_floor":[62,62,62,44,34,30,30,29,29,27,27,27,8,6,6,6,58,50,50,44,44,44,29,29,35,35,35,40,55,55,55,55,85,85,85,85,85,74,85,85,84,85,85,85,85,85,85,85,85,26],"gold":199,"neow_bonus":"","is_prod":false,"is_daily":false,"chose_seed":false,"campfire_upgraded":7,"win_rate":0,"timestamp":1531302677,"path_taken":["M","?","$","?","M","E","R","E","T","?","?","M","E","?","R","BOSS","M","?","?","?","?","E","$","E","T","R","M","E","R","?","R","BOSS","M","$","?","?","M","E","M","M","T","E","M","R","?","E","R","BOSS"],"build_version":"2018-07-10","purchased_purges":1,"victory":true,"max_hp_per_floor":[75,75,75,75,75,75,75,75,75,75,75,75,75,75,75,75,75,75,75,75,75,75,75,75,75,75,75,75,85,85,85,85,85,85,85,85,85,85,85,85,85,85,85,85,85,85,85,85,85,85],"card_choices":[{"not_picked":["Rip and Tear","Scrape"],"picked":"Go for the Eyes","floor":1},{"not_picked":["Ball Lightning","Compile Driver"],"picked":"Defragment","floor":2},{"not_picked":["Recycle","Sunder"],"picked":"Ball Lightning","floor":5},{"not_picked":["Reprogram","Reinforced Body"],"picked":"Stack","floor":6},{"not_picked":["Recycle","Sunder"],"picked":"Conserve Battery","floor":8},{"not_picked":["Rebound+1","Stack"],"picked":"Conserve Battery","floor":10},{"not_picked":["Streamline+1","Leap"],"picked":"Turbo","floor":12},{"not_picked":["Fission","Leap"],"picked":"Defragment","floor":13},{"not_picked":["Hologram","Sweeping Beam+1"],"picked":"Steam","floor":14},{"not_picked":["Meteor Strike+1","Thunder Strike+1"],"picked":"Amplify","floor":16},{"not_picked":["Scrape+1","Hello World"],"picked":"Compile Driver+1","floor":18},{"not_picked":["Turbo","Sweeping Beam+1"],"picked":"Self Repair","floor":20},{"not_picked":["Reprogram","Beam Cell+1"],"picked":"Conserve Battery","floor":23},{"not_picked":["Rainbow","Sweeping Beam+1"],"picked":"Ball Lightning+1","floor":25},{"not_picked":["Chaos","Stack","Streamline+1"],"picked":"SKIP","floor":28},{"not_picked":["Loop","Consume"],"picked":"Cold Snap+1","floor":29},{"not_picked":["Lockon+1","Melter+1"],"picked":"Gash+1","floor":35},{"not_picked":["Hologram","Sweeping Beam+1"],"picked":"Cold Snap+1","floor":39},{"not_picked":["Streamline+1","Sunder+1"],"picked":"Glacier+1","floor":40},{"not_picked":["Double Energy","Heatsinks+1"],"picked":"Coolheaded","floor":41},{"not_picked":["Lockon+1","Beam Cell+1","Melter+1"],"picked":"SKIP","floor":42},{"not_picked":["Sweeping Beam+1","Core Surge+1"],"picked":"Loop","floor":44},{"not_picked":["Scrape+1","Gash+1"],"picked":"Leap","floor":45},{"not_picked":["Beam Cell+1","Melter+1"],"picked":"Go for the Eyes+1","floor":48}],"player_experience":291417,"relics_obtained":[{"floor":6,"key":"Bronze Scales"},{"floor":8,"key":"Dead Branch"},{"floor":9,"key":"Molten Egg 2"},{"floor":13,"key":"Bag of Preparation"},{"floor":22,"key":"Pantograph"},{"floor":23,"key":"Bag of Marbles"},{"floor":25,"key":"Smiling Mask"},{"floor":26,"key":"Sundial"},{"floor":29,"key":"Pear"},{"floor":40,"key":"Girya"},{"floor":43,"key":"DataDisk"},{"floor":44,"key":"Darkstone Periapt"},{"floor":48,"key":"Ornamental Fan"}],"event_choices":[{"event_name":"Golden Idol","player_choice":"Take Damage","floor":4,"damage_taken":0},{"event_name":"Addict","player_choice":"Obtained Relic","floor":19,"damage_taken":0},{"event_name":"Forgotten Altar","player_choice":"Gave Idol","floor":21,"damage_taken":0},{"event_name":"Purifier","player_choice":"One Purge","floor":31,"damage_taken":0},{"event_name":"Accursed Blacksmith","player_choice":"Forge","floor":37,"damage_taken":0},{"event_name":"Winding Halls","player_choice":"Embrace Madness","floor":38,"damage_taken":0},{"event_name":"Falling","player_choice":"Removed Attack","floor":47,"damage_taken":0}],"boss_relics":[{"not_picked":["Tiny House","Astrolabe"],"picked":"Cursed Key"},{"not_picked":["Pandora\u0027s Box","Sozu"],"picked":"Nuclear Battery"}],"items_purged_floors":[36],"is_endless":false,"potions_floor_spawned":[1,2,8,12,18,20,28,29,41,42,44],"ascension_level":10}