{"gold_per_floor":[109,120,135,310,310,310,326,326,326,343,363,382,401,257,257,352,352,367,40,54,54],"floor_reached":21,"playtime":2011,"items_purged":["Doubt","True Grit"],"score":175,"play_id":"48da79a3-0676-42d3-9ffc-637e3b3d9bea","local_time":"20190413133743","is_ascension_mode":false,"campfire_choices":[{"data":"Reaper","floor":6,"key":"SMITH"},{"data":"Shrug It Off","floor":8,"key":"SMITH"},{"data":"Uppercut","floor":15,"key":"SMITH"}],"neow_cost":"TEN_PERCENT_HP_LOSS","seed_source_timestamp":7186576976973311,"circlet_count":0,"master_deck":["Bash","Reaper+1","Uppercut+1","Heavy Blade","Shrug It Off+1","Burning Pact","True Grit","Pommel Strike","Battle Trance","Offering","Feed","Feel No Pain","Rupture","Second Wind","Flex","Rupture","Uppercut","Barricade","Combust","Sadistic Nature","Double Tap"],"relics":["Burning Blood","Nunchaku","Pandora\u0027s Box"],"potions_floor_usage":[16,16,21],"damage_taken":[{"damage":9,"enemies":"2 Louse","floor":1,"turns":2},{"damage":4,"enemies":"Cultist","floor":2,"turns":3},{"damage":2,"enemies":"Small Slimes","floor":3,"turns":3},{"damage":16,"enemies":"Blue Slaver","floor":7,"turns":3},{"damage":43,"enemies":"Exordium Wildlife","floor":10,"turns":9},{"damage":13,"enemies":"Lots of Slimes","floor":11,"turns":4},{"damage":12,"enemies":"2 Fungi Beasts","floor":12,"turns":4},{"damage":33,"enemies":"Large Slime","floor":13,"turns":11},{"damage":27,"enemies":"The Guardian","floor":16,"turns":11},{"damage":16,"enemies":"Chosen","floor":18,"turns":7},{"damage":28,"enemies":"Spheric Guardian","floor":20,"turns":5},{"damage":62,"enemies":"Colosseum Slavers","floor":21,"turns":3}],"seed_played":"880480583736173868","potions_obtained":[{"floor":1,"key":"Dexterity Potion"},{"floor":2,"key":"Ancient Potion"},{"floor":12,"key":"SkillPotion"},{"floor":13,"key":"Strength Potion"},{"floor":16,"key":"LiquidBronze"}],"is_trial":false,"path_per_floor":["M","M","M","?","?","R","M","R","T","M","M","M","M","$","R","B",null,"M","$","M","?"],"character_chosen":"IRONCLAD","items_purchased":["Battle Trance","Combust","Sadistic Nature"],"campfire_rested":0,"item_purchase_floors":[14,19,19],"current_hp_per_floor":[69,71,72,72,72,72,62,62,62,30,48,52,30,30,30,9,72,65,65,46,0],"gold":54,"neow_bonus":"THREE_RARE_CARDS","is_prod":false,"is_daily":false,"chose_seed":false,"campfire_upgraded":3,"win_rate":0,"timestamp":1555177063,"path_taken":["M","M","M","?","?","R","M","R","T","?","M","M","M","?","R","BOSS","M","$","M","?"],"build_version":"2019-01-23","purchased_purges":2,"victory":false,"max_hp_per_floor":[72,72,72,72,72,72,72,72,72,72,72,72,72,72,72,72,72,72,72,75,75],"card_choices":[{"not_picked":["Berserk","Fiend Fire"],"picked":"Reaper","floor":0},{"not_picked":["Power Through","Armaments"],"picked":"Uppercut","floor":1},{"not_picked":["Flex","Havoc","Perfected Strike"],"picked":"SKIP","floor":2},{"not_picked":["Pommel Strike","Headbutt"],"picked":"Heavy Blade","floor":3},{"not_picked":["Warcry","Reckless Charge"],"picked":"Shrug It Off","floor":7},{"not_picked":["Seeing Red","Brutality"],"picked":"Burning Pact","floor":10},{"not_picked":["Perfected Strike","Twin Strike"],"picked":"True Grit","floor":11},{"not_picked":["Body Slam","Brutality"],"picked":"Pommel Strike","floor":12},{"not_picked":["Sever Soul","Clothesline","Armaments"],"picked":"SKIP","floor":13},{"not_picked":["Fiend Fire","Exhume"],"picked":"Offering","floor":16},{"not_picked":["Havoc","Sword Boomerang","Seeing Red"],"picked":"SKIP","floor":18},{"not_picked":["Pommel Strike","True Grit+1"],"picked":"Double Tap","floor":20}],"player_experience":295291,"relics_obtained":[],"event_choices":[{"damage_healed":0,"gold_gain":175,"player_choice":"AGREE","damage_taken":0,"max_hp_gain":0,"max_hp_loss":0,"event_name":"Liars Game","floor":4,"gold_loss":0,"cards_obtained":["Doubt"]},{"damage_healed":0,"gold_gain":0,"player_choice":"Gave Potion","damage_taken":0,"relics_obtained":["Nunchaku"],"max_hp_gain":0,"max_hp_loss":0,"event_name":"WeMeetAgain","floor":5,"gold_loss":0},{"damage_healed":0,"gold_gain":0,"player_choice":"Fight","damage_taken":0,"max_hp_gain":0,"max_hp_loss":0,"event_name":"Colosseum","floor":21,"gold_loss":0}],"is_beta":false,"boss_relics":[{"not_picked":["Runic Cube","Calling Bell"],"picked":"Pandora\u0027s Box"}],"items_purged_floors":[14,19],"is_endless":false,"potions_floor_spawned":[1,2,12,13,16],"killed_by":"Colosseum Slavers","ascension_level":0}