{"gold_per_floor":[109,125,125,140,151,151,180,57,83,139,159,159,223,251,251,351,351,363,380,380,295,141,141,152,164,164,164,196,209,209,221,221,221],"floor_reached":33,"playtime":1840,"items_purged":[],"score":398,"play_id":"820e8c0a-af24-4baf-abcb-2a3e0327acf2","local_time":"20190210232727","is_ascension_mode":true,"campfire_choices":[{"data":"Zap","floor":6.0,"key":"SMITH"},{"floor":12.0,"key":"REST"},{"floor":15.0,"key":"REST"},{"floor":23.0,"key":"REST"},{"floor":27.0,"key":"REST"},{"floor":32.0,"key":"REST"}],"neow_cost":"NONE","seed_source_timestamp":0,"circlet_count":0,"master_deck":["Strike_B","Strike_B","Strike_B","Strike_B","Defend_B","Defend_B","Defend_B","Defend_B","Zap+1","Dualcast","Conserve Battery","Streamline","Double Energy","Leap","Stack","Ball Lightning","Double Energy","Double Energy","Leap","Conserve Battery","Ball Lightning","Seek","Stack+1","Conserve Battery","Cold Snap","Rebound","Rebound","Rainbow","Stack","Stack","Rebound+1","Tempest+1","Stack"],"special_seed":0,"relics":["Cracked Core","NeowsBlessing","Dream Catcher","DataDisk","Tiny Chest","Pocketwatch","Lizard Tail","Lantern","The Courier","Blood Vial","Art of War","Dodecahedron"],"potions_floor_usage":[],"damage_taken":[{"damage":0.0,"enemies":"Small Slimes","floor":1.0,"turns":1.0},{"damage":0.0,"enemies":"2 Louse","floor":2.0,"turns":1.0},{"damage":0.0,"enemies":"Jaw Worm","floor":4.0,"turns":1.0},{"damage":4.0,"enemies":"Blue Slaver","floor":5.0,"turns":3.0},{"damage":20.0,"enemies":"Lagavulin","floor":7.0,"turns":6.0},{"damage":28.0,"enemies":"3 Sentries","floor":10.0,"turns":6.0},{"damage":8.0,"enemies":"3 Louse","floor":11.0,"turns":3.0},{"damage":22.0,"enemies":"Gremlin Nob","floor":14.0,"turns":4.0},{"damage":11.0,"enemies":"The Guardian","floor":16.0,"turns":12.0},{"damage":14.0,"enemies":"2 Thieves","floor":18.0,"turns":4.0},{"damage":7.0,"enemies":"Shell Parasite","floor":19.0,"turns":6.0},{"damage":18.0,"enemies":"Shelled Parasite and Fungi","floor":24.0,"turns":5.0},{"damage":14.0,"enemies":"Centurion and Healer","floor":25.0,"turns":11.0},{"damage":13.0,"enemies":"Book of Stabbing","floor":28.0,"turns":5.0},{"damage":1.0,"enemies":"Cultist and Chosen","floor":29.0,"turns":5.0},{"damage":0.0,"enemies":"Chosen and Byrds","floor":31.0,"turns":6.0},{"damage":80,"enemies":"Champ","floor":33,"turns":15}],"seed_played":"8811046229624382633","potions_obtained":[{"floor":2.0,"key":"Poison Potion"},{"floor":5.0,"key":"Fire Potion"},{"floor":7.0,"key":"Dexterity Potion"},{"floor":14.0,"key":"Fire Potion"},{"floor":16.0,"key":"AttackPotion"},{"floor":19.0,"key":"AttackPotion"},{"floor":24.0,"key":"Strength Potion"},{"floor":28.0,"key":"AttackPotion"},{"floor":29.0,"key":"FearPotion"}],"is_trial":false,"path_per_floor":["M","M","?","M","M","R","E","$","T","E","M","R","?","E","R","B",null,"M","M","?","?","$","R","M","M","T","R","E","M","T","M","R","B"],"character_chosen":"DEFECT","items_purchased":["Ball Lightning","Double Energy","Blood Vial","Cold Snap"],"campfire_rested":5,"item_purchase_floors":[8,8,22,22],"current_hp_per_floor":[68,68,68,68,64,64,44,44,44,16,8,30,30,8,30,19,61,47,40,40,40,40,62,46,34,34,56,45,46,46,48,70,37],"gold":221,"neow_bonus":"THREE_ENEMY_KILL","is_prod":false,"is_daily":false,"chose_seed":false,"campfire_upgraded":1,"win_rate":0,"timestamp":1549862847,"path_taken":["M","M","?","M","M","R","E","$","T","E","M","R","?","E","R","BOSS","M","M","?","?","$","R","M","M","T","R","E","M","?","M","R","BOSS"],"build_version":"2019-01-23","purchased_purges":0,"victory":false,"max_hp_per_floor":[75,75,75,75,75,75,75,75,75,75,75,75,75,75,75,75,75,75,75,75,75,75,75,75,75,75,75,75,75,75,75,75,75],"card_choices":[{"not_picked":["Stack","Beam Cell"],"picked":"Conserve Battery","floor":1.0},{"not_picked":["Beam Cell","Lockon"],"picked":"Streamline","floor":2.0},{"not_picked":["FTL","Hologram"],"picked":"Double Energy","floor":4.0},{"not_picked":["Force Field","Turbo"],"picked":"Leap","floor":5.0},{"not_picked":["Sweeping Beam","Consume"],"picked":"Stack","floor":7.0},{"not_picked":["Chill","Cold Snap"],"picked":"Double Energy","floor":10.0},{"not_picked":["Reprogram","Rebound"],"picked":"Leap","floor":11.0},{"not_picked":["Hyperbeam","Static Discharge"],"picked":"Conserve Battery","floor":12.0},{"not_picked":["Sunder","Sweeping Beam","Go for the Eyes"],"picked":"SKIP","floor":14.0},{"not_picked":["Steam","Conserve Battery"],"picked":"Ball Lightning","floor":15.0},{"not_picked":["Biased Cognition","Meteor Strike"],"picked":"Seek","floor":16.0},{"not_picked":["BootSequence+1","Force Field"],"picked":"Stack+1","floor":18.0},{"not_picked":["Steam","Sweeping Beam"],"picked":"Conserve Battery","floor":19.0},{"not_picked":["Static Discharge","Heatsinks"],"picked":"Rebound","floor":23.0},{"not_picked":["Coolheaded","Chaos"],"picked":"Rebound","floor":24.0},{"not_picked":["Gash+1","Conserve Battery"],"picked":"Rainbow","floor":25.0},{"not_picked":["Chaos","Sweeping Beam"],"picked":"Stack","floor":27.0},{"not_picked":["Melter","Gash"],"picked":"Stack","floor":28.0},{"not_picked":["Stack","Cold Snap"],"picked":"Rebound+1","floor":29.0},{"not_picked":["Ball Lightning","Rip and Tear"],"picked":"Tempest+1","floor":31.0},{"not_picked":["Rip and Tear","Leap"],"picked":"Stack","floor":32.0}],"player_experience":470849,"relics_obtained":[{"floor":7.0,"key":"Dream Catcher"},{"floor":9.0,"key":"DataDisk"},{"floor":10.0,"key":"Tiny Chest"},{"floor":14.0,"key":"Pocketwatch"},{"floor":28.0,"key":"Art of War"},{"floor":30.0,"key":"Dodecahedron"}],"event_choices":[{"damage_healed":0.0,"max_hp_gain":0.0,"max_hp_loss":0.0,"gold_gain":0.0,"event_name":"Shining Light","player_choice":"Ignored","floor":3.0,"gold_loss":0.0,"damage_taken":0.0},{"damage_healed":0.0,"max_hp_gain":0.0,"max_hp_loss":0.0,"gold_gain":64.0,"event_name":"Golden Wing","player_choice":"Gained Gold","floor":13.0,"gold_loss":0.0,"damage_taken":0.0},{"damage_healed":0.0,"max_hp_gain":0.0,"max_hp_loss":0.0,"gold_gain":0.0,"event_name":"The Mausoleum","player_choice":"Opened","floor":20.0,"gold_loss":0.0,"damage_taken":0.0,"relics_obtained":["Lantern"]},{"damage_healed":0.0,"max_hp_gain":0.0,"max_hp_loss":0.0,"gold_gain":0.0,"event_name":"Addict","player_choice":"Obtained Relic","floor":21.0,"gold_loss":85.0,"damage_taken":0.0,"relics_obtained":["The Courier"]}],"is_beta":false,"boss_relics":[{"not_picked":["Astrolabe","FrozenCore"],"picked":"Lizard Tail"}],"items_purged_floors":[],"is_endless":false,"potions_floor_spawned":[2,5,7,14,16,19,24,28,29],"killed_by":"Champ","ascension_level":6}