{"path_per_floor":["M","$","?","M","?","R","E","M","T","?","?","M","R","$","R","B",null,"M","$","M","?","M","R","M","?","T","?"],"character_chosen":"DEFECT","items_purchased":["Gash","Whetstone"],"gold_per_floor":[118,41,41,52,52,52,82,97,121,145,145,165,165,22,22,122,122,132,57,69,69,83,83,97,97,122,37,37],"floor_reached":28,"campfire_rested":2,"playtime":741,"item_purchase_floors":[2,14],"current_hp_per_floor":[68,68,61,57,75,75,57,57,57,51,51,38,60,60,60,18,68,52,52,59,59,49,73,9,9,9,9,0],"items_purged":["Writhe"],"gold":37,"score":302,"play_id":"60a624c6-b368-4948-b331-896a5b6c1da3","local_time":"20180530021923","is_prod":false,"is_daily":false,"chose_seed":false,"is_ascension_mode":true,"campfire_upgraded":2,"win_rate":0,"timestamp":1527639563,"campfire_choices":[{"data":"Gash","floor":6,"key":"SMITH"},{"floor":13,"key":"REST"},{"data":"Scrape","floor":15,"key":"SMITH"},{"floor":23,"key":"REST"}],"path_taken":["M","$","?","M","?","R","E","M","T","?","?","?","R","$","R","BOSS","M","$","M","?","?","R","M","?","T","?","M"],"build_version":"2018-05-28","seed_source_timestamp":168171306623237,"purchased_purges":1,"victory":false,"master_deck":["Strike_B+1","Strike_B","Strike_B","Defend_B","Defend_B","Defend_B","Defend_B","Zap+1","Dualcast","Compile Driver+1","Gash+1","Scrape+1","Self Repair","Reprogram","Writhe","Clumsy","Streamline+1","Steam+1"],"max_hp_per_floor":[75,75,75,75,75,75,75,75,75,75,75,75,75,75,75,75,82,82,82,82,82,82,82,82,82,82,82,82],"relics":["Cracked Core","DataDisk","Vajra","Anchor","Odd Mushroom","Whetstone","Calling Bell","Strawberry","Matryoshka","Torii","Darkstone Periapt","Frozen Egg 2","Juzu Bracelet","Dodecahedron"],"card_choices":[{"not_picked":["Force Field","Streamline"],"picked":"Compile Driver","floor":1},{"not_picked":["Static Discharge","Ball Lightning","Aggregate"],"picked":"SKIP","floor":4},{"not_picked":["Cold Snap","Melter"],"picked":"Scrape","floor":7},{"not_picked":["Beam Cell","Double Energy"],"picked":"Self Repair","floor":8},{"not_picked":["Barrage","Compile Driver"],"picked":"Reprogram","floor":10},{"not_picked":["Undo","Turbo","Rebound"],"picked":"SKIP","floor":12},{"not_picked":["Genetic Algorithm","Streamline","Undo"],"picked":"SKIP","floor":18},{"not_picked":["Coolheaded","Turbo+1","Barrage"],"picked":"SKIP","floor":20},{"not_picked":["Double Energy","Genetic Algorithm+1"],"picked":"Streamline+1","floor":22},{"not_picked":["Turbo","Streamline"],"picked":"Steam+1","floor":24}],"player_experience":116970,"potions_floor_usage":[7,16,18,20,22],"damage_taken":[{"damage":0,"enemies":"2 Louse","floor":1,"turns":1},{"damage":4,"enemies":"Jaw Worm","floor":4,"turns":3},{"damage":18,"enemies":"3 Sentries","floor":7,"turns":8},{"damage":0,"enemies":"Small Slimes","floor":8,"turns":2},{"damage":13,"enemies":"The Mushroom Lair","floor":10,"turns":5},{"damage":20,"enemies":"Gremlin Gang","floor":12,"turns":3},{"damage":49,"enemies":"The Guardian","floor":16,"turns":7},{"damage":23,"enemies":"Shell Parasite","floor":18,"turns":5},{"damage":0,"enemies":"Spheric Guardian","floor":20,"turns":3},{"damage":17,"enemies":"Snake Plant","floor":22,"turns":3},{"damage":71,"enemies":"Slaver and Parasite","floor":24,"turns":8},{"damage":9,"enemies":"Centurion and Healer","floor":28,"turns":3}],"relics_obtained":[{"floor":7,"key":"Vajra"},{"floor":9,"key":"Anchor"},{"floor":10,"key":"Odd Mushroom"},{"floor":17,"key":"Strawberry"},{"floor":17,"key":"Matryoshka"},{"floor":17,"key":"Torii"},{"floor":26,"key":"Frozen Egg 2"},{"floor":26,"key":"Juzu Bracelet"}],"event_choices":[{"event_name":"Golden Wing","player_choice":"Card Removal","floor":3,"damage_taken":0},{"event_name":"Big Fish","player_choice":"Banana","floor":5,"damage_taken":0},{"event_name":"Mushrooms","player_choice":"Fought Mushrooms","floor":10,"damage_taken":0},{"event_name":"Accursed Blacksmith","player_choice":"Forge","floor":11,"damage_taken":0},{"event_name":"The Mausoleum","player_choice":"Yes","floor":21,"damage_taken":0},{"event_name":"Cursed Tome","player_choice":"Ignored","floor":25,"damage_taken":0},{"event_name":"Addict","player_choice":"Obtained Relic","floor":27,"damage_taken":0}],"boss_relics":[{"not_picked":["Runic Dome","Snecko Eye"],"picked":"Calling Bell"}],"items_purged_floors":[19],"potions_floor_spawned":[1,10,16,18,20],"seed_played":"4791226395270278827","killed_by":"Centurion and Healer","ascension_level":8,"potions_obtained":[{"floor":1,"key":"Block Potion"},{"floor":10,"key":"SkillPotion"},{"floor":16,"key":"Fire Potion"},{"floor":18,"key":"Block Potion"},{"floor":20,"key":"Fire Potion"}],"is_trial":false}