{"path_per_floor":["M","?","M","M","?","R","M","$","T","M","M","M","$","E","R","B",null,"M","M","$"],"character_chosen":"THE_SILENT","items_purchased":["Lantern"],"gold_per_floor":[113,188,199,218,218,218,230,155,205,224,237,251,151,184,184,279,279,247,265,117,117],"floor_reached":21,"campfire_rested":2,"playtime":976,"current_hp_per_floor":[69,58,56,47,47,68,59,59,59,55,55,52,52,35,56,28,70,33,23,23,8],"items_purged":["Strike_G","Strike_G"],"gold":117,"score":183,"play_id":"6fd1e647-036d-4997-a301-405eff8ff522","local_time":"20180423231259","is_prod":false,"is_daily":false,"chose_seed":false,"is_ascension_mode":false,"campfire_upgraded":0,"timestamp":1524550379,"path_taken":["M","?","M","M","?","R","M","$","T","?","M","M","$","E","R","BOSS","M","?","$","M"],"build_version":"2018-04-19","seed_source_timestamp":1111982072748733,"purchased_purges":2,"victory":false,"master_deck":["Defend_G","Defend_G","Defend_G","Defend_G","Defend_G","Strike_G","Strike_G","Strike_G","Survivor","Neutralize","Skewer","Deadly Poison","Doppelganger","Outmaneuver+1"],"max_hp_per_floor":[70,70,70,70,70,70,70,70,70,70,70,70,70,70,70,70,70,70,70,70,70],"relics":["Ring of the Snake","Happy Flower","Bag of Preparation","Sozu","Lantern"],"card_choices":[{"not_picked":["Flechettes","Dodge and Roll"],"picked":"Skewer","floor":4},{"not_picked":["Slice","Leg Sweep"],"picked":"Deadly Poison","floor":10},{"not_picked":["Underhanded Strike","Reflex"],"picked":"Doppelganger","floor":11},{"not_picked":["Backstab","Footwork"],"picked":"Outmaneuver","floor":18}],"player_experience":57324,"potions_floor_usage":[3,11,14,16],"damage_taken":[{"damage":1,"enemies":"2 Louse","floor":1,"turns":3},{"damage":2,"enemies":"Small Slimes","floor":3,"turns":5},{"damage":9,"enemies":"Jaw Worm","floor":4,"turns":4},{"damage":9,"enemies":"Blue Slaver","floor":7,"turns":3},{"damage":4,"enemies":"Red Slaver","floor":10,"turns":4},{"damage":0,"enemies":"Exordium Thugs","floor":11,"turns":4},{"damage":3,"enemies":"Gremlin Gang","floor":12,"turns":5},{"damage":17,"enemies":"3 Sentries","floor":14,"turns":8},{"damage":28,"enemies":"The Guardian","floor":16,"turns":13},{"damage":37,"enemies":"2 Thieves","floor":18,"turns":5},{"damage":10,"enemies":"Shell Parasite","floor":19,"turns":6},{"damage":15,"enemies":"Chosen and Byrds","floor":21,"turns":3}],"event_choices":[{"event_name":"World of Goop","player_choice":"Gather Gold","floor":2,"damage_taken":0},{"event_name":"Golden Wing","player_choice":"Ignored","floor":5,"damage_taken":0}],"boss_relics":[{"not_picked":["Runic Pyramid","Cursed Key"],"picked":"Sozu"}],"potions_floor_spawned":[1,10,11,14,16,18],"seed_played":"5641445229608606272","killed_by":"Chosen and Byrds","ascension_level":0,"is_trial":false}