{"gold_per_floor":[110,125,45,120,120,120,151,151,151,181,181,7,7],"floor_reached":13,"playtime":389,"items_purged":["Strike_B"],"score":116,"play_id":"ea8623f9-79d5-4b64-807f-0405e00edba0","local_time":"20190327144144","is_ascension_mode":true,"campfire_choices":[{"data":"Defend_B","floor":6,"key":"SMITH"},{"data":"Scrape","floor":8,"key":"SMITH"}],"neow_cost":"NONE","seed_source_timestamp":225720134525896,"circlet_count":0,"master_deck":["Strike_B","Strike_B","Defend_B","Defend_B","Defend_B+1","Defend_B","Zap","Dualcast","Rebound","Ball Lightning","White Noise","Multi-Cast","Scrape+1","Normality","BootSequence"],"relics":["Cursed Key","Dodecahedron","DataDisk","Kunai"],"potions_floor_usage":[7,13,13],"damage_taken":[{"damage":0,"enemies":"Jaw Worm","floor":1,"turns":3},{"damage":12,"enemies":"Small Slimes","floor":2,"turns":3},{"damage":23,"enemies":"3 Sentries","floor":7,"turns":9},{"damage":18,"enemies":"Gremlin Nob","floor":10,"turns":3},{"damage":6,"enemies":"3 Sentries","floor":13,"turns":2}],"seed_played":"-845100447308818743","potions_obtained":[{"floor":1,"key":"EssenceOfSteel"},{"floor":7,"key":"Weak Potion"}],"is_trial":false,"path_per_floor":["M","M","$","?","?","R","E","R","T","E","?","$","E"],"character_chosen":"DEFECT","items_purchased":["White Noise","EntropicBrew"],"campfire_rested":0,"item_purchase_floors":[3,12],"current_hp_per_floor":[68,56,56,45,45,45,22,22,22,4,4,4,0],"gold":7,"neow_bonus":"BOSS_RELIC","is_prod":false,"is_daily":false,"chose_seed":false,"campfire_upgraded":2,"win_rate":0,"timestamp":1553715704,"path_taken":["M","M","$","?","?","R","E","R","T","E","?","?","E"],"build_version":"2019-01-23","purchased_purges":1,"victory":false,"max_hp_per_floor":[75,75,75,75,75,75,75,75,75,75,75,75,75],"card_choices":[{"not_picked":["Self Repair","Beam Cell"],"picked":"Rebound","floor":1},{"not_picked":["Streamline","BootSequence"],"picked":"Ball Lightning","floor":2},{"not_picked":["Chaos","Rebound"],"picked":"Scrape","floor":7},{"not_picked":["Darkness","Reinforced Body"],"picked":"BootSequence","floor":10}],"player_experience":133480,"relics_obtained":[{"floor":7,"key":"Dodecahedron"},{"floor":9,"key":"DataDisk"},{"floor":10,"key":"Kunai"}],"event_choices":[{"damage_healed":0,"gold_gain":75,"player_choice":"Gather Gold","damage_taken":11,"max_hp_gain":0,"max_hp_loss":0,"event_name":"World of Goop","floor":4,"gold_loss":0},{"damage_healed":0,"gold_gain":0,"cards_transformed":["Strike_B"],"player_choice":"Change","damage_taken":0,"max_hp_gain":0,"max_hp_loss":0,"event_name":"Living Wall","floor":5,"gold_loss":0,"cards_obtained":["Multi-Cast"]},{"damage_healed":0,"gold_gain":0,"player_choice":"Fled","damage_taken":0,"max_hp_gain":0,"max_hp_loss":0,"event_name":"Scrap Ooze","floor":11,"gold_loss":0}],"is_beta":false,"boss_relics":[],"items_purged_floors":[12],"is_endless":false,"potions_floor_spawned":[1,7],"killed_by":"3 Sentries","ascension_level":6}