{"gold_per_floor":[99],"floor_reached":0,"playtime":73,"items_purged":[],"score":50,"play_id":"d3fdbb0b-d051-4cca-8c61-51ed6dda4d87","local_time":"20190311125728","daily_mods":["Draft","Hoarder","Vintage","Green Cards","Elite Swarm"],"is_ascension_mode":false,"campfire_choices":[],"neow_cost":"","seed_source_timestamp":0,"circlet_count":0,"master_deck":["Clash","Clash","Clash","Toxin Wave","Toxin Wave","Toxin Wave","Twin Strike","Twin Strike","Twin Strike","Flying Knee","Flying Knee","Flying Knee","Endless Agony","Endless Agony","Endless Agony","Quick Slash","Quick Slash","Quick Slash","Warcry","Warcry","Warcry","Accuracy","Accuracy","Accuracy","Anger","Anger","Anger","Acrobatics","Acrobatics","Acrobatics","Warcry","Warcry","Warcry","Deadly Poison","Deadly Poison","Deadly Poison","Backflip","Backflip","Backflip","Cloak And Dagger","Cloak And Dagger","Cloak And Dagger","Metallicize","Metallicize","Metallicize"],"relics":["Burning Blood","replay:Trail_Library"],"potions_floor_usage":[],"damage_taken":[],"seed_played":"5617041814221619401","potions_obtained":[],"is_trial":true,"path_per_floor":[],"character_chosen":"IRONCLAD","items_purchased":[],"campfire_rested":0,"item_purchase_floors":[],"current_hp_per_floor":[80],"gold":99,"neow_bonus":"","is_prod":false,"is_daily":false,"chose_seed":false,"campfire_upgraded":0,"win_rate":0,"timestamp":1552334248,"path_taken":[],"build_version":"2019-01-23","purchased_purges":0,"victory":false,"max_hp_per_floor":[80],"card_choices":[{"not_picked":["Acrobatics","Distraction"],"picked":"Clash","floor":0},{"not_picked":["True Grit","Draining Mist"],"picked":"Toxin Wave","floor":0},{"not_picked":["Armaments","Seeing Red"],"picked":"Twin Strike","floor":0},{"not_picked":["Crippling Poison","Leg Sweep"],"picked":"Flying Knee","floor":0},{"not_picked":["hubris:Sniper","ReplayTheSpireMod:Strike From Hell"],"picked":"Endless Agony","floor":0},{"not_picked":["Perfected Strike","All Out Attack"],"picked":"Quick Slash","floor":0},{"not_picked":["hubris:ReadiedAction","Shrug It Off"],"picked":"Warcry","floor":0},{"not_picked":["Bloodletting","Body Slam"],"picked":"Accuracy","floor":0},{"not_picked":["Fluid Movement","Headbutt"],"picked":"Anger","floor":0},{"not_picked":["Cleave","Perfected Strike"],"picked":"Acrobatics","floor":0},{"not_picked":["Poisoned Stab","Body Slam"],"picked":"Warcry","floor":0},{"not_picked":["Sucker Punch","Finisher"],"picked":"Deadly Poison","floor":0},{"not_picked":["Armaments","Shockwave"],"picked":"Backflip","floor":0},{"not_picked":["Run Through","Underhanded Strike"],"picked":"Cloak And Dagger","floor":0},{"not_picked":["Searing Blow","Thunderclap"],"picked":"Metallicize","floor":0}],"player_experience":253889,"relics_obtained":[],"event_choices":[],"is_beta":false,"boss_relics":[],"items_purged_floors":[],"is_endless":false,"potions_floor_spawned":[],"ascension_level":0}