{"gold_per_floor":[113,123,123,198,215,215,240,255,334,117,80,93,63,82,82,185,185,185,185,185,185,185,185,185,185,185,185,185,185,185,185,185,185,185,185,185,185,185,185,185,185,12,12,12,12,12,12,0,0,0],"floor_reached":51,"playtime":6183,"items_purged":["Strike_R"],"score":718,"play_id":"cfb60dc9-90df-46c3-8b82-b27bb6558bb1","local_time":"20190331235515","is_ascension_mode":false,"campfire_choices":[{"data":"Body Slam","floor":6,"key":"SMITH"},{"data":"Metallicize","floor":15,"key":"SMITH"},{"data":"Barricade","floor":24,"key":"SMITH"},{"data":"Juggernaut","floor":30,"key":"SMITH"},{"data":"Armaments","floor":32,"key":"SMITH"},{"floor":41,"key":"REST"},{"floor":46,"key":"REST"},{"floor":49,"key":"REST"}],"neow_cost":"NONE","seed_source_timestamp":39220559752840,"circlet_count":0,"master_deck":["Strike_R","Strike_R","Strike_R","Defend_R+1","Defend_R","Defend_R","Defend_R+1","Bash","Metallicize+1","Shrug It Off","Body Slam+1","True Grit","Armaments+1","Shockwave","Flame Barrier","Twin Strike","Pommel Strike","Thunderclap","Juggernaut+1","Shrug It Off+1","Sword Boomerang+1","Thunderclap+1","Entrench","Barricade+1","Twin Strike+1","Seeing Red+1","Shrug It Off","Armaments+1","Body Slam+1","Clothesline+1","Body Slam+1","Iron Wave+1","Pommel Strike+1","Normality","Shockwave+1","Rage"],"relics":["Burning Blood","Thread and Needle","Gremlin Horn","PreservedInsect","Ectoplasm","Red Skull","Darkstone Periapt","MawBank","StoneCalendar","Cursed Key","Gambling Chip","Shuriken","Red Mask"],"potions_floor_usage":[40,50,50],"damage_taken":[{"damage":7,"enemies":"Small Slimes","floor":1,"turns":5},{"damage":1,"enemies":"Jaw Worm","floor":2,"turns":5},{"damage":2,"enemies":"Cultist","floor":5,"turns":8},{"damage":30,"enemies":"Lagavulin","floor":7,"turns":11},{"damage":0,"enemies":"Large Slime","floor":8,"turns":9},{"damage":0,"enemies":"3 Louse","floor":12,"turns":5},{"damage":0,"enemies":"Looter","floor":13,"turns":4},{"damage":0,"enemies":"Blue Slaver","floor":14,"turns":5},{"damage":36,"enemies":"Slime Boss","floor":16,"turns":24},{"damage":6,"enemies":"3 Byrds","floor":18,"turns":4},{"damage":0,"enemies":"Chosen","floor":20,"turns":5},{"damage":0,"enemies":"Snecko","floor":21,"turns":6},{"damage":0,"enemies":"Chosen and Byrds","floor":22,"turns":5},{"damage":21,"enemies":"Gremlin Leader","floor":23,"turns":8},{"damage":1,"enemies":"Book of Stabbing","floor":25,"turns":5},{"damage":23,"enemies":"Slavers","floor":27,"turns":6},{"damage":1,"enemies":"Snake Plant","floor":28,"turns":5},{"damage":0,"enemies":"Snecko","floor":29,"turns":5},{"damage":0,"enemies":"Centurion and Healer","floor":31,"turns":7},{"damage":51,"enemies":"Automaton","floor":33,"turns":9},{"damage":0,"enemies":"Orb Walker","floor":35,"turns":4},{"damage":15,"enemies":"3 Darklings","floor":36,"turns":4},{"damage":14,"enemies":"Spire Growth","floor":38,"turns":5},{"damage":29,"enemies":"Writhing Mass","floor":39,"turns":4},{"damage":41,"enemies":"Reptomancer","floor":40,"turns":4},{"damage":22,"enemies":"Jaw Worm Horde","floor":44,"turns":5},{"damage":19,"enemies":"4 Shapes","floor":45,"turns":3},{"damage":83,"enemies":"Awakened One","floor":50,"turns":12}],"seed_played":"-3266055631852334959","potions_obtained":[{"floor":5,"key":"PowerPotion"},{"floor":8,"key":"Dexterity Potion"},{"floor":14,"key":"Swift Potion"},{"floor":16,"key":"FearPotion"},{"floor":27,"key":"BloodPotion"}],"is_trial":false,"path_per_floor":["M","M","?","?","M","R","E","M","T","$","$","M","M","M","R","B",null,"M","?","M","M","M","E","R","E","T","E","M","M","R","M","R","B",null,"M","M","?","M","M","E","R","$","T","M","M","R","?","?","R","B",null],"character_chosen":"IRONCLAD","items_purchased":["PreservedInsect","Shockwave","Flame Barrier","FairyPotion"],"campfire_rested":3,"item_purchase_floors":[10,10,11,42],"current_hp_per_floor":[87,88,70,59,63,63,39,45,45,45,45,51,57,63,63,33,88,88,88,88,88,88,73,73,78,78,61,66,72,72,78,78,33,88,88,79,79,71,48,21,46,46,52,36,23,50,50,50,77,11],"gold":0,"neow_bonus":"TEN_PERCENT_HP_BONUS","is_prod":false,"is_daily":false,"chose_seed":false,"campfire_upgraded":5,"win_rate":0.0,"timestamp":1554090915,"path_taken":["M","M","?","?","M","R","E","M","T","?","$","M","M","M","R","BOSS","M","?","M","?","M","E","R","E","T","E","M","M","R","M","R","BOSS","M","M","?","M","M","E","R","$","T","M","M","R","?","?","R","BOSS"],"build_version":"2019-01-23","purchased_purges":1,"victory":true,"max_hp_per_floor":[88,88,88,88,88,88,88,88,88,88,88,88,88,88,88,88,88,88,88,88,88,88,88,88,88,88,88,88,88,88,88,88,88,88,88,88,84,84,84,84,84,84,90,90,90,90,90,90,90,90],"card_choices":[{"not_picked":["Clash","Perfected Strike"],"picked":"Metallicize","floor":1},{"not_picked":["Sword Boomerang","Body Slam"],"picked":"Shrug It Off","floor":2},{"not_picked":["Shrug It Off","Pummel"],"picked":"Body Slam","floor":5},{"not_picked":["Clash","Reckless Charge"],"picked":"True Grit","floor":7},{"not_picked":["Burning Pact","Reckless Charge"],"picked":"Armaments","floor":8},{"not_picked":["Battle Trance","Armaments"],"picked":"Twin Strike","floor":12},{"not_picked":["Sword Boomerang","Intimidate"],"picked":"Pommel Strike","floor":13},{"not_picked":["Blood for Blood","Warcry"],"picked":"Thunderclap","floor":14},{"not_picked":["Impervious","Fiend Fire"],"picked":"Juggernaut","floor":16},{"not_picked":["Reckless Charge","Clash"],"picked":"Shrug It Off+1","floor":18},{"not_picked":["Intimidate","True Grit"],"picked":"Sword Boomerang+1","floor":20},{"not_picked":["Pommel Strike","Pummel"],"picked":"Thunderclap+1","floor":21},{"not_picked":["Burning Pact","True Grit"],"picked":"Entrench","floor":22},{"not_picked":["Pummel","Carnage"],"picked":"Barricade","floor":23},{"not_picked":["Cleave","Clothesline"],"picked":"Twin Strike+1","floor":25},{"not_picked":["True Grit","Searing Blow"],"picked":"Seeing Red+1","floor":27},{"not_picked":["Clothesline","Dual Wield"],"picked":"Shrug It Off","floor":28},{"not_picked":["Combust","Feel No Pain"],"picked":"Armaments+1","floor":29},{"not_picked":["Cleave+1","Perfected Strike+1"],"picked":"Body Slam+1","floor":31},{"not_picked":["Fiend Fire","Impervious"],"picked":"Demon Form","floor":33},{"not_picked":["Anger","Cleave"],"picked":"Clothesline+1","floor":35},{"not_picked":["Rampage+1","True Grit"],"picked":"Body Slam+1","floor":36},{"not_picked":["Body Slam+1","Seeing Red"],"picked":"Iron Wave+1","floor":38},{"not_picked":["Burning Pact+1","Sword Boomerang"],"picked":"Pommel Strike+1","floor":39},{"not_picked":["Feed","Flex","True Grit"],"picked":"SKIP","floor":40},{"not_picked":["Blood for Blood+1","Searing Blow"],"picked":"Shockwave+1","floor":44},{"not_picked":["Flex+1","Perfected Strike+1"],"picked":"Rage","floor":45}],"player_experience":10341,"relics_obtained":[{"floor":7,"key":"Thread and Needle"},{"floor":9,"key":"Gremlin Horn"},{"floor":23,"key":"Red Skull"},{"floor":25,"key":"Darkstone Periapt"},{"floor":26,"key":"MawBank"},{"floor":27,"key":"StoneCalendar"},{"floor":40,"key":"Gambling Chip"},{"floor":43,"key":"Shuriken"}],"event_choices":[{"damage_healed":0,"gold_gain":0,"player_choice":"Entered Light","damage_taken":18,"max_hp_gain":0,"max_hp_loss":0,"event_name":"Shining Light","floor":3,"gold_loss":0,"cards_upgraded":["Defend_R","Defend_R"]},{"damage_healed":0,"gold_gain":75,"player_choice":"Gather Gold","damage_taken":11,"max_hp_gain":0,"max_hp_loss":0,"event_name":"World of Goop","floor":4,"gold_loss":0},{"cards_removed":["Strike_R"],"damage_healed":0,"gold_gain":0,"player_choice":"Purged","damage_taken":0,"max_hp_gain":0,"max_hp_loss":0,"event_name":"Purifier","floor":19,"gold_loss":0},{"damage_healed":0,"gold_gain":0,"player_choice":"Max HP","damage_taken":0,"max_hp_gain":0,"max_hp_loss":4,"event_name":"Winding Halls","floor":37,"gold_loss":0},{"cards_removed":["Demon Form"],"damage_healed":0,"gold_gain":0,"player_choice":"Removed Power","damage_taken":0,"max_hp_gain":0,"max_hp_loss":0,"event_name":"Falling","floor":47,"gold_loss":0},{"damage_healed":0,"gold_gain":0,"player_choice":"Paid","damage_taken":0,"relics_obtained":["Red Mask"],"max_hp_gain":0,"max_hp_loss":0,"event_name":"Tomb of Lord Red Mask","floor":48,"gold_loss":12}],"is_beta":false,"boss_relics":[{"not_picked":["Busted Crown","Black Star"],"picked":"Ectoplasm"},{"not_picked":["Philosopher\u0027s Stone","Tiny House"],"picked":"Cursed Key"}],"items_purged_floors":[42],"is_endless":false,"potions_floor_spawned":[5,8,14,16,21,23,27,29,31,35,36],"ascension_level":0}