{"gold_per_floor":[113,133,153,164,164,196,196,210,210,222,222,242,242,265,265,265],"floor_reached":16,"playtime":8909,"items_purged":[],"score":104,"play_id":"60151acb-fab5-47eb-b340-9557b1ad61bb","local_time":"20180709011251","is_ascension_mode":false,"campfire_choices":[{"floor":13,"key":"REST"},{"data":"Flex","floor":15,"key":"SMITH"}],"neow_cost":"NONE","seed_source_timestamp":879459544809578,"circlet_count":0,"master_deck":["Strike_R","Strike_R","Strike_R","Strike_R","Strike_R","Defend_R+1","Defend_R","Defend_R+1","Defend_R","Bash+1","Flex+1","Heavy Blade+1","Whirlwind"],"relics":["Burning Blood","Matryoshka","Dream Catcher","Meat on the Bone","Pen Nib","War Paint"],"potions_floor_usage":[3,6,10],"damage_taken":[{"damage":5,"enemies":"2 Louse","floor":1,"turns":2},{"damage":15,"enemies":"Jaw Worm","floor":2,"turns":4},{"damage":6,"enemies":"Cultist","floor":3,"turns":3},{"damage":22,"enemies":"3 Louse","floor":4,"turns":4},{"damage":32,"enemies":"Gremlin Nob","floor":6,"turns":4},{"damage":7,"enemies":"Looter","floor":8,"turns":4},{"damage":23,"enemies":"Gremlin Gang","floor":10,"turns":7},{"damage":6,"enemies":"Red Slaver","floor":12,"turns":5},{"damage":68,"enemies":"Hexaghost","floor":16,"turns":11}],"seed_played":"236817052075775197","potions_obtained":[{"floor":2,"key":"Explosive Potion"},{"floor":3,"key":"BloodPotion"},{"floor":8,"key":"SpeedPotion"}],"is_trial":false,"path_per_floor":["M","M","M","M","?","E","?","M","T","M","?","M","R","T","R"],"character_chosen":"IRONCLAD","items_purchased":[],"campfire_rested":1,"item_purchase_floors":[],"current_hp_per_floor":[80,71,71,55,55,37,37,36,36,31,31,43,67,67,67,0],"gold":265,"neow_bonus":"UPGRADE_CARD","is_prod":false,"is_daily":false,"chose_seed":false,"campfire_upgraded":1,"win_rate":0.0,"timestamp":1531123971,"path_taken":["M","M","M","M","?","E","?","M","T","M","?","M","R","?","R","BOSS"],"build_version":"2018-07-05","purchased_purges":0,"victory":false,"max_hp_per_floor":[80,80,80,80,80,80,80,80,80,80,80,80,80,80,80,80],"card_choices":[{"not_picked":["Anger","Pummel","Uppercut"],"picked":"SKIP","floor":1},{"not_picked":["Seeing Red","Bloodletting","Pommel Strike"],"picked":"SKIP","floor":2},{"not_picked":["Evolve","Rage"],"picked":"Flex","floor":3},{"not_picked":["Havoc","Uppercut","Pummel"],"picked":"SKIP","floor":4},{"not_picked":["Clash","Shrug It Off"],"picked":"Heavy Blade","floor":6},{"not_picked":["Pummel","Thunderclap","Dual Wield"],"picked":"SKIP","floor":8},{"not_picked":["Dual Wield","Armaments","Cleave"],"picked":"SKIP","floor":10},{"not_picked":["Berserk","Anger","Armaments"],"picked":"SKIP","floor":12}],"player_experience":78141,"relics_obtained":[{"floor":6,"key":"Matryoshka"},{"floor":9,"key":"Dream Catcher"},{"floor":9,"key":"Meat on the Bone"},{"floor":14,"key":"Pen Nib"},{"floor":14,"key":"War Paint"}],"event_choices":[{"event_name":"Golden Idol","player_choice":"Ignored","floor":5,"damage_taken":0},{"event_name":"Upgrade Shrine","player_choice":"Upgraded","floor":7,"damage_taken":0},{"event_name":"Match and Keep!","player_choice":"1 cards matched","floor":11,"damage_taken":0}],"boss_relics":[],"items_purged_floors":[],"is_endless":false,"potions_floor_spawned":[2,3,8],"killed_by":"Hexaghost","ascension_level":0}