{"gold_per_floor":[116,135,155,170,181,181,200,200,200,210,225,149,169,169,169,243,243,260,280,308,326,69,69,69,98,98,98,115,115,115,131,131,205,205,215,490,501,222,238,238,88,115,140,154,154,86,96,107,107,107],"floor_reached":50,"playtime":4647,"items_purged":["Regret"],"score":1081,"play_id":"6a4176eb-af2d-4804-a8c2-6eec0d7cb593","local_time":"20190408223432","is_ascension_mode":true,"campfire_choices":[{"floor":6.0,"key":"REST"},{"data":"Defragment","floor":8.0,"key":"SMITH"},{"floor":15.0,"key":"REST"},{"floor":23.0,"key":"REST"},{"floor":27.0,"key":"REST"},{"floor":29.0,"key":"REST"},{"floor":32.0,"key":"REST"},{"floor":40,"key":"REST"},{"floor":45,"key":"REST"},{"floor":49,"key":"REST"}],"neow_cost":"NONE","seed_source_timestamp":0,"circlet_count":0,"master_deck":["AscendersBane","Strike_B","Strike_B","Strike_B","Defend_B","Defend_B","Defend_B","Defend_B","Zap","Dualcast","Defragment+1","Capacitor","Go for the Eyes","Glacier","Streamline","Sunder","Cold Snap","Cold Snap","Rainbow","Ball Lightning","Echo Form","Coolheaded","Cold Snap","Cold Snap","Turbo+1","Genetic Algorithm","Ball Lightning","Biased Cognition","Cold Snap+1","Sunder+1","Defragment","Coolheaded+1","Conserve Battery+1"],"special_seed":0,"relics":["Lizard Tail","Nuclear Battery","Red Mask","Runic Capacitor","Ornamental Fan","Bottled Flame","Philosopher\u0027s Stone","Strange Spoon","DataDisk","Lantern","Pen Nib"],"potions_floor_usage":[39,50,50],"damage_taken":[{"damage":6.0,"enemies":"Jaw Worm","floor":1.0,"turns":4.0},{"damage":6.0,"enemies":"2 Louse","floor":2.0,"turns":4.0},{"damage":6.0,"enemies":"Cultist","floor":3.0,"turns":4.0},{"damage":15.0,"enemies":"2 Fungi Beasts","floor":4.0,"turns":4.0},{"damage":17.0,"enemies":"Gremlin Gang","floor":5.0,"turns":9.0},{"damage":2.0,"enemies":"Large Slime","floor":7.0,"turns":8.0},{"damage":1.0,"enemies":"Looter","floor":10.0,"turns":5.0},{"damage":7.0,"enemies":"Blue Slaver","floor":11.0,"turns":5.0},{"damage":16.0,"enemies":"Red Slaver","floor":13.0,"turns":3.0},{"damage":17.0,"enemies":"Hexaghost","floor":16.0,"turns":9.0},{"damage":20.0,"enemies":"2 Thieves","floor":18.0,"turns":4.0},{"damage":12.0,"enemies":"Chosen","floor":19.0,"turns":4.0},{"damage":49.0,"enemies":"Masked Bandits","floor":20.0,"turns":7.0},{"damage":17.0,"enemies":"Centurion and Healer","floor":21.0,"turns":10.0},{"damage":26.0,"enemies":"Gremlin Leader","floor":25.0,"turns":13.0},{"damage":6.0,"enemies":"Cultist and Chosen","floor":28.0,"turns":8.0},{"damage":25.0,"enemies":"Snake Plant","floor":31.0,"turns":6.0},{"damage":18.0,"enemies":"Automaton","floor":33.0,"turns":12.0},{"damage":7,"enemies":"Orb Walker","floor":35,"turns":5},{"damage":12,"enemies":"3 Shapes","floor":37,"turns":7},{"damage":30,"enemies":"Transient","floor":39,"turns":5},{"damage":32,"enemies":"Giant Head","floor":42,"turns":13},{"damage":0,"enemies":"Spire Growth","floor":44,"turns":7},{"damage":0,"enemies":"4 Shapes","floor":47,"turns":5},{"damage":1,"enemies":"Sphere and 2 Shapes","floor":48,"turns":6},{"damage":50,"enemies":"Time Eater","floor":50,"turns":12}],"seed_played":"-3452787122393820674","potions_obtained":[{"floor":3.0,"key":"FairyPotion"},{"floor":5.0,"key":"EntropicBrew"},{"floor":28.0,"key":"Regen Potion"},{"floor":31.0,"key":"Fire Potion"},{"floor":42,"key":"Energy Potion"}],"is_trial":false,"path_per_floor":["M","M","M","M","M","R","M","R","T","M","M","$","M","?","R","B",null,"M","M","?","M","$","R","?","E","T","R","M","R","$","M","R","B",null,"M","?","M","$","M","R","$","E","T","M","R","$","M","M","R","B"],"character_chosen":"DEFECT","items_purchased":["Rainbow","Runic Capacitor","AttackPotion","Strange Spoon","DataDisk","Defragment"],"campfire_rested":9,"item_purchase_floors":[12,22,22,38,41,46],"current_hp_per_floor":[62,56,50,35,18,40,38,38,38,37,30,30,14,14,36,19,61,41,29,27,10,10,32,32,6,6,28,22,44,44,34,56,38,66,59,59,47,47,17,39,39,7,7,7,29,29,29,28,50,0],"gold":107,"neow_bonus":"BOSS_RELIC","is_prod":false,"is_daily":false,"chose_seed":false,"campfire_upgraded":1,"win_rate":0,"timestamp":1554780872,"path_taken":["M","M","M","M","M","R","M","R","T","M","M","$","M","?","R","BOSS","M","M","?","M","$","R","?","E","T","R","?","R","$","M","R","BOSS","M","?","?","$","M","R","$","E","T","M","R","$","M","M","R","BOSS"],"build_version":"2019-01-23","purchased_purges":1,"victory":false,"max_hp_per_floor":[75,75,75,75,75,75,75,75,75,75,75,75,75,75,75,75,75,75,75,75,75,75,75,75,75,75,75,75,75,75,75,75,75,75,75,75,75,75,75,75,75,75,75,75,75,75,75,75,75,75],"card_choices":[{"not_picked":["Streamline","Beam Cell"],"picked":"Defragment","floor":1.0},{"not_picked":["Static Discharge","Turbo"],"picked":"Capacitor","floor":2.0},{"not_picked":["Rebound","Stack"],"picked":"Go for the Eyes","floor":3.0},{"not_picked":["Hello World","Leap"],"picked":"Glacier","floor":4.0},{"not_picked":["Gash","Compile Driver"],"picked":"Streamline","floor":5.0},{"not_picked":["Hologram","Beam Cell"],"picked":"Sunder","floor":7.0},{"not_picked":["Hologram","Heatsinks"],"picked":"Cold Snap","floor":10.0},{"not_picked":["Compile Driver","Fission"],"picked":"Cold Snap","floor":11.0},{"not_picked":["Streamline","Static Discharge"],"picked":"Ball Lightning","floor":13.0},{"not_picked":["Electrodynamics","Amplify"],"picked":"Echo Form","floor":16.0},{"not_picked":["Gash","Go for the Eyes+1"],"picked":"Coolheaded","floor":18.0},{"not_picked":["Streamline","Beam Cell"],"picked":"Cold Snap","floor":19.0},{"not_picked":["Compile Driver","Steam"],"picked":"Cold Snap","floor":20.0},{"not_picked":["Barrage","Steam"],"picked":"Turbo+1","floor":21.0},{"not_picked":["Lockon","Turbo"],"picked":"Genetic Algorithm","floor":25.0},{"not_picked":["Barrage","Heatsinks"],"picked":"Ball Lightning","floor":28.0},{"not_picked":["Steam Power","Streamline","Rebound"],"picked":"SKIP","floor":31.0},{"not_picked":["Reboot","Creative AI"],"picked":"Biased Cognition","floor":33.0},{"not_picked":["Go for the Eyes","Double Energy","Hologram"],"picked":"SKIP","floor":35},{"not_picked":["Scrape","Rebound","Self Repair"],"picked":"SKIP","floor":37},{"not_picked":["Compile Driver","Skim","Loop"],"picked":"SKIP","floor":39},{"not_picked":["Leap","Barrage"],"picked":"Cold Snap+1","floor":42},{"not_picked":["Stack","Auto Shields+1"],"picked":"Sunder+1","floor":44},{"not_picked":["Undo","Gash+1"],"picked":"Coolheaded+1","floor":47},{"not_picked":["Ball Lightning","Undo+1"],"picked":"Conserve Battery+1","floor":48}],"player_experience":327298,"relics_obtained":[{"floor":20.0,"key":"Red Mask"},{"floor":25.0,"key":"Ornamental Fan"},{"floor":26.0,"key":"Bottled Flame"},{"floor":42,"key":"Lantern"},{"floor":43,"key":"Pen Nib"}],"event_choices":[{"damage_healed":0.0,"max_hp_gain":0.0,"max_hp_loss":0.0,"gold_gain":0.0,"event_name":"Shining Light","player_choice":"Ignored","floor":14.0,"gold_loss":0.0,"damage_taken":0.0},{"damage_healed":0.0,"max_hp_gain":0.0,"max_hp_loss":0.0,"gold_gain":0.0,"event_name":"Masked Bandits","player_choice":"Fought Bandits","floor":20.0,"gold_loss":0.0,"damage_taken":0.0},{"cards_removed":["Strike_B"],"damage_healed":0.0,"max_hp_gain":0.0,"max_hp_loss":0.0,"gold_gain":0.0,"event_name":"Bonfire Elementals","player_choice":"Offered Basic","floor":24.0,"gold_loss":0.0,"damage_taken":0.0},{"damage_healed":0,"gold_gain":275,"player_choice":"Desecrate","damage_taken":0,"max_hp_gain":0,"max_hp_loss":0,"event_name":"Golden Shrine","floor":36,"gold_loss":0,"cards_obtained":["Regret"]}],"is_beta":false,"boss_relics":[{"not_picked":["Tiny House","Velvet Choker"],"picked":"Nuclear Battery"},{"not_picked":["Runic Dome","Snecko Eye"],"picked":"Philosopher\u0027s Stone"}],"items_purged_floors":[38],"is_endless":false,"potions_floor_spawned":[3,5,11,13,18,28,31,33,37,42,47],"killed_by":"Time Eater","ascension_level":13}