{"gold_per_floor":[17,35,45,45,45,79,79,100,123,123,141,141,141,156,156,279,279,304,9,9,9,9,9,52,52,106,79,79],"floor_reached":28,"playtime":2791,"items_purged":["Strike_G"],"score":261,"play_id":"5ee0832c-adbd-427b-923d-259ad62c5073","local_time":"20180623200520","is_ascension_mode":false,"campfire_choices":[{"data":"Backflip","floor":7,"key":"SMITH"},{"floor":10,"key":"REST"},{"data":"Deadly Poison","floor":13,"key":"SMITH"},{"floor":15,"key":"REST"},{"data":"After Image","floor":23,"key":"SMITH"},{"floor":25,"key":"REST"}],"neow_cost":"NO_GOLD","seed_source_timestamp":259624954472382,"circlet_count":0,"master_deck":["Defend_G","Defend_G","Defend_G","Defend_G","Defend_G","Strike_G","Strike_G","Strike_G","Strike_G","Survivor","Neutralize","Backflip+1","Poisoned Stab","Flying Knee","Deadly Poison+1","Poisoned Stab","Dodge and Roll","Backstab","After Image+1","Crippling Poison+1","Underhanded Strike","Acrobatics","Dodge and Roll","Panacea","PiercingWail","Underhanded Strike"],"relics":["Ring of the Snake","Mango","Golden Idol","Vajra","Boot","Orichalcum","Oddly Smooth Stone"],"potions_floor_usage":[6,18,18,24,28,28],"damage_taken":[{"damage":0,"enemies":"Small Slimes","floor":1,"turns":3},{"damage":0,"enemies":"2 Louse","floor":2,"turns":4},{"damage":1,"enemies":"Cultist","floor":3,"turns":4},{"damage":19,"enemies":"3 Sentries","floor":6,"turns":12},{"damage":0,"enemies":"3 Louse","floor":8,"turns":3},{"damage":0,"enemies":"Red Slaver","floor":11,"turns":3},{"damage":2,"enemies":"Blue Slaver","floor":14,"turns":4},{"damage":42,"enemies":"Hexaghost","floor":16,"turns":9},{"damage":11,"enemies":"Spheric Guardian","floor":18,"turns":5},{"damage":49,"enemies":"Slavers","floor":24,"turns":9},{"damage":4,"enemies":"2 Thieves","floor":27,"turns":5},{"damage":58,"enemies":"Gremlin Leader","floor":28,"turns":8}],"seed_played":"9040991782625397618","potions_obtained":[{"floor":3,"key":"Weak Potion"},{"floor":6,"key":"Swift Potion"},{"floor":11,"key":"Weak Potion"},{"floor":14,"key":"PowerPotion"},{"floor":18,"key":"SteroidPotion"},{"floor":24,"key":"LiquidBronze"}],"is_trial":false,"path_per_floor":["M","M","M","?","?","E","R","M","T","R","M","?","R","M","R","B",null,"M","$","?","?","?","R","E","R","T","M"],"character_chosen":"THE_SILENT","items_purchased":["Underhanded Strike","Acrobatics","Dodge and Roll","Panacea"],"campfire_rested":3,"item_purchase_floors":[19,19,19,19],"current_hp_per_floor":[84,84,83,88,66,47,47,47,47,73,73,65,65,63,89,47,89,78,78,78,78,78,78,29,55,55,51,0],"gold":79,"neow_bonus":"ONE_RARE_RELIC","is_prod":false,"is_daily":false,"chose_seed":false,"campfire_upgraded":3,"win_rate":0.0,"timestamp":1529805920,"path_taken":["M","M","M","?","?","E","R","M","T","R","M","?","R","M","R","BOSS","M","$","?","?","?","R","E","R","T","M","E"],"build_version":"2018-06-21v2","purchased_purges":1,"victory":false,"max_hp_per_floor":[84,84,84,89,89,89,89,89,89,89,89,89,89,89,89,89,89,89,89,89,89,89,89,89,89,89,89,89],"card_choices":[{"not_picked":["Poisoned Stab","Footwork"],"picked":"Backflip","floor":1},{"not_picked":["Footwork","Masterful Stab"],"picked":"Poisoned Stab","floor":2},{"not_picked":["Deflect","Eviscerate"],"picked":"Flying Knee","floor":3},{"not_picked":["Deflect","PiercingWail"],"picked":"Deadly Poison","floor":6},{"not_picked":["Wraith Form v2","Flechettes"],"picked":"Poisoned Stab","floor":8},{"not_picked":["Slice","Backflip"],"picked":"Dodge and Roll","floor":11},{"not_picked":["Backflip","Acrobatics"],"picked":"Backstab","floor":14},{"not_picked":["Tactician","A Thousand Cuts"],"picked":"After Image","floor":16},{"not_picked":["Backstab","Bouncing Flask+1"],"picked":"Crippling Poison","floor":18},{"not_picked":["Quick Slash","Dagger Throw"],"picked":"PiercingWail","floor":24},{"not_picked":["Expertise","Dagger Throw"],"picked":"Underhanded Strike","floor":27}],"player_experience":15638,"relics_obtained":[{"floor":6,"key":"Vajra"},{"floor":9,"key":"Boot"},{"floor":24,"key":"Orichalcum"},{"floor":26,"key":"Oddly Smooth Stone"}],"event_choices":[{"event_name":"Big Fish","player_choice":"Donut","floor":4,"damage_taken":0},{"event_name":"Golden Idol","player_choice":"Take Damage","floor":5,"damage_taken":0},{"event_name":"Wheel of Change","player_choice":"Damage","floor":12,"damage_taken":0},{"event_name":"Drug Dealer","player_choice":"Ignored","floor":20,"damage_taken":0},{"event_name":"Addict","player_choice":"Ignored","floor":21,"damage_taken":0},{"event_name":"Upgrade Shrine","player_choice":"Upgraded","floor":22,"damage_taken":0}],"boss_relics":[{"not_picked":["Cursed Key","Philosopher\u0027s Stone","Fusion Hammer"]}],"items_purged_floors":[19],"is_endless":false,"potions_floor_spawned":[3,6,11,14,18,24],"killed_by":"Gremlin Leader","ascension_level":0}