{"gold_per_floor":[119,136,154,170,170,205,205,217,217,71,71,71],"floor_reached":12,"playtime":434,"items_purged":[],"score":96,"play_id":"6486768a-aa73-4697-ab99-ed5427b79783","local_time":"20181122120016","is_ascension_mode":true,"campfire_choices":[{"floor":7,"key":"RECALL"}],"neow_cost":"NONE","seed_source_timestamp":187407326650438,"circlet_count":0,"master_deck":["Defend_G","Defend_G","Defend_G","Defend_G","Defend_G","Strike_G","Strike_G","Strike_G","Strike_G","Survivor","Neutralize","Poisoned Stab","Deadly Poison","Dash","Deadly Poison","Neutralize","Crippling Poison","Noxious Fumes"],"relics":["Ring of the Snake","Question Card","Regal Pillow"],"potions_floor_usage":[12],"damage_taken":[{"damage":1,"enemies":"Cultist","floor":1,"turns":3},{"damage":4,"enemies":"Small Slimes","floor":2,"turns":4},{"damage":3,"enemies":"Jaw Worm","floor":3,"turns":4},{"damage":0,"enemies":"Exordium Thugs","floor":4,"turns":4},{"damage":53,"enemies":"3 Sentries","floor":6,"turns":15},{"damage":6,"enemies":"2 Fungi Beasts","floor":8,"turns":3},{"damage":20,"enemies":"Gremlin Nob","floor":12,"turns":3}],"seed_played":"174107559020891421","potions_obtained":[{"floor":2,"key":"FearPotion"}],"is_trial":false,"path_per_floor":["M","M","M","M","?","E","R","M","T","$","?","E"],"character_chosen":"THE_SILENT","items_purchased":["Regal Pillow"],"campfire_rested":0,"item_purchase_floors":[10],"current_hp_per_floor":[76,72,69,69,69,16,16,10,10,10,10,0],"gold":71,"neow_bonus":"TEN_PERCENT_HP_BONUS","is_prod":false,"is_daily":false,"chose_seed":false,"campfire_upgraded":0,"win_rate":0,"timestamp":1542884416,"path_taken":["M","M","?","M","?","E","R","?","T","$","?","E"],"build_version":"2018-11-15","purchased_purges":0,"victory":false,"max_hp_per_floor":[77,77,77,77,77,77,77,77,77,77,77,77],"card_choices":[{"not_picked":["Backflip","Caltrops"],"picked":"Poisoned Stab","floor":1},{"not_picked":["Acrobatics","Bane"],"picked":"Deadly Poison","floor":2},{"not_picked":["Escape Plan","Distraction"],"picked":"Dash","floor":3},{"not_picked":["Concentrate","Blade Dance"],"picked":"Deadly Poison","floor":4},{"not_picked":["Predator","Quick Slash"],"picked":"Crippling Poison","floor":6},{"not_picked":["Backflip","Deflect","Finisher"],"picked":"Noxious Fumes","floor":8}],"player_experience":170035,"relics_obtained":[{"floor":6,"key":"Question Card"}],"event_choices":[{"damage_healed":0,"gold_gain":0,"player_choice":"1 cards matched","damage_taken":0,"max_hp_gain":0,"max_hp_loss":0,"event_name":"Match and Keep!","floor":5,"gold_loss":0,"cards_obtained":["Neutralize"]},{"cards_removed":["Strike_G"],"damage_healed":0,"gold_gain":0,"player_choice":"Purged","damage_taken":0,"max_hp_gain":0,"max_hp_loss":0,"event_name":"Purifier","floor":11,"gold_loss":0}],"is_beta":false,"boss_relics":[],"items_purged_floors":[],"is_endless":false,"potions_floor_spawned":[2],"killed_by":"Gremlin Nob","ascension_level":4}