{"gold_per_floor":[164,18,36,55,205,205,222,237,283,283,10,44,44,59,59,131,131,146,146,166,166,178,178,103,103,103,103],"floor_reached":27,"playtime":1140,"items_purged":["Doubt"],"score":383,"play_id":"e22c43b1-6944-450e-8311-9b3bd8b71427","local_time":"20190314202441","is_ascension_mode":true,"campfire_choices":[{"data":"Defragment","floor":6,"key":"SMITH"},{"floor":10,"key":"REST"},{"floor":15,"key":"REST"},{"floor":23,"key":"REST"}],"neow_cost":"NONE","seed_source_timestamp":158509611772532,"circlet_count":0,"master_deck":["AscendersBane","Strike_B","Strike_B","Strike_B","Strike_B","Defend_B+1","Defend_B","Defend_B","Defend_B","Zap","Dualcast","Compile Driver","Defragment+1","Capacitor","Coolheaded","Rebound","Capacitor","Core Surge","Conserve Battery","White Noise","Electrodynamics+1","White Noise","Self Repair+1","Creative AI+1"],"relics":["Bag of Preparation","Meat on the Bone","Frozen Egg 2","Inserter","Nloth\u0027s Gift","Dream Catcher","Unceasing Top"],"potions_floor_usage":[27],"damage_taken":[{"damage":0,"enemies":"Cultist","floor":1,"turns":3},{"damage":2,"enemies":"2 Louse","floor":3,"turns":5},{"damage":6,"enemies":"Small Slimes","floor":4,"turns":5},{"damage":9,"enemies":"Exordium Thugs","floor":7,"turns":6},{"damage":23,"enemies":"Large Slime","floor":8,"turns":8},{"damage":11,"enemies":"Lagavulin","floor":12,"turns":9},{"damage":32,"enemies":"Lots of Slimes","floor":14,"turns":8},{"damage":15,"enemies":"Slime Boss","floor":16,"turns":9},{"damage":33,"enemies":"Chosen","floor":18,"turns":7},{"damage":25,"enemies":"2 Thieves","floor":20,"turns":4},{"damage":48,"enemies":"Centurion and Healer","floor":22,"turns":10},{"damage":34,"enemies":"Slavers","floor":27,"turns":2}],"seed_played":"1836216142444722164","potions_obtained":[{"floor":0,"key":"FairyPotion"},{"floor":1,"key":"FairyPotion"},{"floor":22,"key":"LiquidBronze"}],"is_trial":false,"path_per_floor":["M","$","M","M","?","R","M","M","T","R","$","E","?","M","R","B",null,"M","?","M","?","M","R","$","?","T","E"],"character_chosen":"DEFECT","items_purchased":["Capacitor","Coolheaded","Meat on the Bone"],"campfire_rested":3,"item_purchase_floors":[2,2,11],"current_hp_per_floor":[69,69,67,61,61,61,52,29,29,51,51,40,40,20,42,39,67,46,61,48,48,29,51,51,51,51,17],"gold":103,"neow_bonus":"BOSS_RELIC","is_prod":false,"is_daily":false,"chose_seed":false,"campfire_upgraded":1,"win_rate":0,"timestamp":1552613081,"path_taken":["M","$","?","M","?","R","M","M","T","R","$","E","?","M","R","BOSS","M","?","M","?","?","R","$","?","T","E"],"build_version":"2019-01-23","purchased_purges":1,"victory":false,"max_hp_per_floor":[76,76,76,76,76,76,76,76,76,76,76,76,76,76,76,76,76,76,76,76,76,76,76,76,76,76,76],"card_choices":[{"not_picked":["Skim","Barrage"],"picked":"Compile Driver","floor":0},{"not_picked":["Sunder","Rebound"],"picked":"Defragment","floor":1},{"not_picked":["Steam","Turbo","Sweeping Beam"],"picked":"SKIP","floor":3},{"not_picked":["Steam","Steam Power"],"picked":"Rebound","floor":4},{"not_picked":["Turbo","Compile Driver"],"picked":"Capacitor","floor":7},{"not_picked":["Barrage","Turbo"],"picked":"Core Surge","floor":8},{"not_picked":["Beam Cell","Hologram"],"picked":"Conserve Battery","floor":12},{"not_picked":["Streamline","Tempest"],"picked":"White Noise","floor":14},{"not_picked":["Rainbow","Machine Learning+1"],"picked":"Electrodynamics+1","floor":16},{"not_picked":["Force Field","Streamline"],"picked":"White Noise","floor":18},{"not_picked":["Ball Lightning+1","Go for the Eyes"],"picked":"Self Repair+1","floor":20},{"not_picked":["Turbo","Cold Snap"],"picked":"Creative AI+1","floor":22}],"player_experience":704756,"relics_obtained":[{"floor":9,"key":"Bag of Preparation"},{"floor":12,"key":"Frozen Egg 2"},{"floor":26,"key":"Unceasing Top"}],"event_choices":[{"damage_healed":0,"gold_gain":150,"player_choice":"AGREE","damage_taken":0,"max_hp_gain":0,"max_hp_loss":0,"event_name":"Liars Game","floor":5,"gold_loss":0,"cards_obtained":["Doubt"]},{"damage_healed":0,"gold_gain":0,"player_choice":"Ignored","damage_taken":0,"max_hp_gain":0,"max_hp_loss":0,"event_name":"Shining Light","floor":13,"gold_loss":0},{"damage_healed":15,"gold_gain":0,"player_choice":"Heal","damage_taken":0,"max_hp_gain":0,"max_hp_loss":0,"event_name":"The Library","floor":19,"gold_loss":0},{"damage_healed":0,"gold_gain":0,"player_choice":"Traded Relic","damage_taken":0,"relics_obtained":["Nloth\u0027s Gift"],"max_hp_gain":0,"max_hp_loss":0,"event_name":"N\u0027loth","floor":21,"relics_lost":["Tiny House"],"gold_loss":0},{"damage_healed":0,"gold_gain":0,"player_choice":"Gave Potion","damage_taken":0,"relics_obtained":["Dream Catcher"],"max_hp_gain":0,"max_hp_loss":0,"event_name":"WeMeetAgain","floor":25,"gold_loss":0}],"is_beta":false,"boss_relics":[{"not_picked":["Empty Cage","Runic Dome"],"picked":"Inserter"}],"items_purged_floors":[24],"is_endless":false,"potions_floor_spawned":[1,4,18,22],"killed_by":"Slavers","ascension_level":16}