{"path_per_floor":["M","M","$","M","$","E","R","?","T","E","?","M","M","M","R","B",null,"M","M","M","?","$"],"character_chosen":"IRONCLAD","items_purchased":["Inflame","Flex","Headbutt","Blind"],"gold_per_floor":[114,127,29,44,19,46,46,46,46,78,54,69,89,106,106,206,236,250,265,279,179,90],"floor_reached":23,"campfire_rested":2,"playtime":1263,"current_hp_per_floor":[62,64,64,65,65,38,62,55,55,27,27,28,26,32,56,39,85,59,40,16,16,16],"items_purged":[],"gold":90,"play_id":"08b80645-a9d3-4d43-964b-c59d3973a5a9","is_prod":false,"is_daily":false,"is_ascension_mode":false,"campfire_upgraded":0,"path_taken":["M","M","$","M","$","E","R","?","T","E","?","M","M","M","R","BOSS","M","M","M","?","?","E"],"build_version":"2018-01-25-PROD3","purchased_purges":0,"victory":false,"master_deck":["Strike_R","Strike_R","Strike_R","Strike_R","Defend_R","Defend_R","Defend_R","Defend_R","Bash","Flex","Armaments","Inflame","Flex","Infernal Blade","Headbutt+1","Spot Weakness","Reckless Charge","Pummel","Headbutt","Rampage","Demon Form","Headbutt","Sword Boomerang+1","Feel No Pain","J.A.X.","Blind"],"max_hp_per_floor":[80,80,80,80,80,80,80,80,80,80,80,80,80,80,80,80,85,85,85,85,85,85],"relics":["Burning Blood","Bottled Tornado","Red Skull","Molten Egg","Tiny House"],"card_choices":[{"not_picked":["Cleave","Burning Pact"],"picked":"Flex"},{"not_picked":["Iron Wave","Bludgeon"],"picked":"Armaments"},{"not_picked":["Power Through","True Grit"],"picked":"Infernal Blade"},{"not_picked":["Warcry","Thunderclap"],"picked":"Spot Weakness"},{"not_picked":["Whirlwind","Searing Blow"],"picked":"Reckless Charge"},{"not_picked":["Blood for Blood","Battle Trance"],"picked":"Pummel"},{"not_picked":["Metallicize","Spot Weakness"],"picked":"Headbutt"},{"not_picked":["Shrug It Off","Thunderclap"],"picked":"Rampage"},{"not_picked":["Brutality","Impervious"],"picked":"Demon Form"},{"not_picked":["Sword Boomerang","Pommel Strike"],"picked":"Headbutt"},{"not_picked":["Pommel Strike","Headbutt"],"picked":"Sword Boomerang"},{"not_picked":["Infernal Blade","Headbutt"],"picked":"Feel No Pain"}],"player_experience":29307,"potions_floor_usage":[16,16,16,19,20],"damage_taken":[{"damage":24,"enemies":"Blue Slaver","floor":1,"turns":6},{"damage":4,"enemies":"Cultist","floor":2,"turns":4},{"damage":5,"enemies":"Small Slimes","floor":4,"turns":4},{"damage":33,"enemies":"3 Sentries","floor":6,"turns":7},{"damage":34,"enemies":"Lagavulin","floor":10,"turns":7},{"damage":5,"enemies":"Looter","floor":12,"turns":4},{"damage":8,"enemies":"2 Fungi Beasts","floor":13,"turns":3},{"damage":0,"enemies":"Exordium Thugs","floor":14,"turns":3},{"damage":23,"enemies":"Slime Boss","floor":16,"turns":6},{"damage":32,"enemies":"3 Byrds","floor":18,"turns":5},{"damage":25,"enemies":"2 Thieves","floor":19,"turns":3},{"damage":30,"enemies":"Snake Plant","floor":20,"turns":5},{"damage":22,"enemies":"Slavers","floor":23,"turns":1}],"event_choices":[{"event_name":"Golden Wing","player_choice":"Card Removal","floor":8,"damage_taken":0},{"event_name":"World of Goop","player_choice":"Left","floor":11,"damage_taken":0},{"event_name":"Drug Dealer","player_choice":"Got JAXXED","floor":21,"damage_taken":0}],"boss_relics":[{"not_picked":["Philosopher\u0027s Stone","Mark of Pain"],"picked":"Tiny House"}],"potions_floor_spawned":[10,12,14,19],"seed_played":"-2183886846499572433","killed_by":"Slavers","ascension_level":0,"is_trial":false}