{"gold_per_floor":[110,385,8,8,8,42,52,83,83,135,152,152,164,181,181,283,283,300,103,116,133,133,133],"floor_reached":23,"playtime":821,"items_purged":["Regret"],"score":283,"play_id":"b73bc1eb-8ab1-4235-b7b5-727352d89dd2","local_time":"20181031205414","is_ascension_mode":true,"campfire_choices":[{"data":"Chaos","floor":12,"key":"SMITH"},{"data":"White Noise","floor":15,"key":"SMITH"}],"neow_cost":"NONE","seed_source_timestamp":240203216306352,"circlet_count":0,"master_deck":["Strike_B","Strike_B","Strike_B","Strike_B","Defend_B","Defend_B","Defend_B","Defend_B","Zap+1","Dualcast","Conserve Battery","Double Energy","Ball Lightning+1","Melter+1","Undo","Cold Snap+1","Chaos+1","White Noise+1","Stack","Beam Cell+1","Double Energy","Echo Form+1","Blizzard+1","Cold Snap+1","Metamorphosis","Turbo+1","Coolheaded","White Noise+1","Stack"],"relics":["Cracked Core","NeowsBlessing","Prayer Wheel","Molten Egg 2","Mummified Hand","Frozen Egg 2","Strawberry","Inserter"],"potions_floor_usage":[8,13,14,16,20,21],"damage_taken":[{"damage":0,"enemies":"Jaw Worm","floor":1,"turns":1},{"damage":0,"enemies":"3 Sentries","floor":6,"turns":1},{"damage":0,"enemies":"Cultist","floor":7,"turns":1},{"damage":35,"enemies":"Lagavulin","floor":8,"turns":6},{"damage":5,"enemies":"Small Slimes","floor":11,"turns":2},{"damage":3,"enemies":"2 Fungi Beasts","floor":13,"turns":3},{"damage":15,"enemies":"Lots of Slimes","floor":14,"turns":4},{"damage":5,"enemies":"Hexaghost","floor":16,"turns":7},{"damage":0,"enemies":"Spheric Guardian","floor":18,"turns":1},{"damage":27,"enemies":"2 Thieves","floor":20,"turns":4},{"damage":19,"enemies":"Snake Plant","floor":21,"turns":5},{"damage":22,"enemies":"Book of Stabbing","floor":23,"turns":2}],"seed_played":"-4608241308366046858","potions_obtained":[{"floor":6,"key":"SkillPotion"},{"floor":11,"key":"Explosive Potion"},{"floor":13,"key":"Ancient Potion"},{"floor":14,"key":"Energy Potion"},{"floor":18,"key":"Poison Potion"},{"floor":20,"key":"Ancient Potion"}],"is_trial":false,"path_per_floor":["M","?","$","?","?","E","M","E","T","T","M","R","M","M","R","B",null,"M","$","M","M","?"],"character_chosen":"DEFECT","items_purchased":["Prayer Wheel","Metamorphosis"],"campfire_rested":0,"item_purchase_floors":[3,19],"current_hp_per_floor":[75,75,75,75,75,75,75,40,40,47,42,42,39,24,24,19,66,66,66,39,20,20,0],"gold":133,"neow_bonus":"THREE_ENEMY_KILL","is_prod":false,"is_daily":false,"chose_seed":false,"campfire_upgraded":2,"win_rate":0,"timestamp":1541037254,"path_taken":["M","?","$","?","?","E","M","E","T","?","M","R","M","M","R","BOSS","M","$","M","?","?","E"],"build_version":"2018-10-25v2","purchased_purges":1,"victory":false,"max_hp_per_floor":[75,75,75,75,75,75,75,75,75,82,82,82,82,82,82,82,82,82,82,82,82,82,82],"card_choices":[{"not_picked":["Ball Lightning","Compile Driver"],"picked":"Conserve Battery","floor":1},{"not_picked":["Doom and Gloom","Capacitor"],"picked":"Double Energy","floor":6},{"not_picked":["Rebound+1","Aggregate"],"picked":"Ball Lightning+1","floor":7},{"not_picked":["Streamline+1","Redo"],"picked":"Melter+1","floor":7},{"not_picked":["Force Field","Reprogram"],"picked":"Undo","floor":8},{"not_picked":["Recycle","Barrage+1"],"picked":"Cold Snap+1","floor":11},{"not_picked":["Ball Lightning+1","Barrage+1"],"picked":"Chaos","floor":11},{"not_picked":["Steam","Redo"],"picked":"White Noise","floor":13},{"not_picked":["Gash+1","Force Field"],"picked":"Stack","floor":13},{"not_picked":["Streamline+1","Rebound+1"],"picked":"Beam Cell+1","floor":14},{"not_picked":["Cold Snap+1","Blizzard+1"],"picked":"Double Energy","floor":14},{"not_picked":["Creative AI+1","Electrodynamics+1"],"picked":"Echo Form+1","floor":16},{"not_picked":["Rebound+1","Consume"],"picked":"Blizzard+1","floor":18},{"not_picked":["Undo+1","Reprogram"],"picked":"Cold Snap+1","floor":18},{"not_picked":["FTL+1","Hologram"],"picked":"Turbo+1","floor":20},{"not_picked":["Undo","Hologram"],"picked":"Coolheaded","floor":20},{"not_picked":["Blizzard+1","Doom and Gloom+1"],"picked":"White Noise+1","floor":21},{"not_picked":["BootSequence","Barrage+1"],"picked":"Stack","floor":21}],"player_experience":246124,"relics_obtained":[{"floor":6,"key":"Molten Egg 2"},{"floor":8,"key":"Mummified Hand"},{"floor":9,"key":"Frozen Egg 2"},{"floor":10,"key":"Strawberry"}],"event_choices":[{"damage_healed":0,"gold_gain":275,"player_choice":"Desecrate","damage_taken":0,"max_hp_gain":0,"max_hp_loss":0,"event_name":"Golden Shrine","floor":2,"gold_loss":0,"cards_obtained":["Regret"]},{"damage_healed":0,"gold_gain":0,"player_choice":"Upgraded","damage_taken":0,"max_hp_gain":0,"max_hp_loss":0,"event_name":"Upgrade Shrine","floor":4,"gold_loss":0,"cards_upgraded":["Zap"]},{"damage_healed":0,"gold_gain":0,"player_choice":"Ignored","damage_taken":0,"max_hp_gain":0,"max_hp_loss":0,"event_name":"Shining Light","floor":5,"gold_loss":0},{"damage_healed":0,"gold_gain":0,"player_choice":"Ignored","damage_taken":0,"max_hp_gain":0,"max_hp_loss":0,"event_name":"Ghosts","floor":22,"gold_loss":0}],"is_beta":false,"boss_relics":[{"not_picked":["Runic Dome","White Beast Statue"],"picked":"Inserter"}],"items_purged_floors":[3],"is_endless":false,"potions_floor_spawned":[6,11,13,14,18,20],"killed_by":"Book of Stabbing","ascension_level":5}