{"gold_per_floor":[110,123,123,198,48,75,75,23,101,133,150,150,160,170,170,265,265,281,281,37,136,156,189,189,7,34,34,48,65,80,96,96,197,197,213,231,95,107,107,107,119,119,119,3,3,53,53,53,53,53,53,53,3,35,35],"floor_reached":56,"playtime":4055,"items_purged":["Strike_B","Strike_B","Defend_B","Defend_B"],"score":1100,"play_id":"2edb717b-b99c-4e62-b388-2ce991b17c83","local_time":"20190409000810","is_ascension_mode":false,"campfire_choices":[{"floor":7,"key":"REST"},{"data":"Defragment","floor":12,"key":"SMITH"},{"floor":15,"key":"REST"},{"data":"Echo Form","floor":24,"key":"SMITH"},{"floor":27,"key":"REST"},{"floor":32,"key":"REST"},{"floor":40,"key":"RECALL"},{"data":"Coolheaded","floor":42,"key":"SMITH"},{"data":"Dualcast","floor":45,"key":"SMITH"},{"floor":47,"key":"REST"},{"data":"Conserve Battery","floor":49,"key":"SMITH"},{"data":"Capacitor","floor":52,"key":"SMITH"}],"neow_cost":"NONE","seed_source_timestamp":278038588065761,"circlet_count":0,"master_deck":["Defend_B","Zap+1","Dualcast+1","Consume+1","Ball Lightning+1","Defragment+1","Coolheaded+1","Cold Snap","Capacitor+1","Echo Form+1","Defragment+1","Stack+1","Conserve Battery","Electrodynamics","Coolheaded+1","Defragment+1","Amplify","Conserve Battery+1","Self Repair+1","Ball Lightning+1"],"relics":["Cracked Core","Calipers","The Courier","Strawberry","Philosopher\u0027s Stone","Nilry\u0027s Codex","DollysMirror","Boot","Membership Card","DataDisk","Empty Cage","Bird Faced Urn","Vajra"],"potions_floor_usage":[6,10,10,13,28,31,33,33,38,41,46,46,46,54,55],"damage_taken":[{"damage":0,"enemies":"Small Slimes","floor":1,"turns":3},{"damage":6,"enemies":"Jaw Worm","floor":2,"turns":2},{"damage":18,"enemies":"Lagavulin","floor":6,"turns":4},{"damage":18,"enemies":"3 Sentries","floor":10,"turns":6},{"damage":0,"enemies":"2 Louse","floor":11,"turns":2},{"damage":0,"enemies":"Large Slime","floor":13,"turns":4},{"damage":19,"enemies":"Exordium Thugs","floor":14,"turns":5},{"damage":27,"enemies":"The Guardian","floor":16,"turns":8},{"damage":2,"enemies":"Spheric Guardian","floor":18,"turns":4},{"damage":16,"enemies":"Shell Parasite","floor":22,"turns":4},{"damage":9,"enemies":"Book of Stabbing","floor":23,"turns":5},{"damage":13,"enemies":"Centurion and Healer","floor":28,"turns":4},{"damage":6,"enemies":"Cultist and Chosen","floor":29,"turns":7},{"damage":23,"enemies":"Shelled Parasite and Fungi","floor":30,"turns":4},{"damage":4,"enemies":"3 Cultists","floor":31,"turns":3},{"damage":12,"enemies":"Champ","floor":33,"turns":11},{"damage":0,"enemies":"3 Darklings","floor":35,"turns":3},{"damage":4,"enemies":"Orb Walker","floor":36,"turns":5},{"damage":17,"enemies":"Spire Growth","floor":38,"turns":5},{"damage":0,"enemies":"Writhing Mass","floor":41,"turns":5},{"damage":23,"enemies":"2 Orb Walkers","floor":46,"turns":4},{"damage":4,"enemies":"Time Eater","floor":50,"turns":20},{"damage":21,"enemies":"Shield and Spear","floor":54,"turns":6},{"damage":81,"enemies":"The Heart","floor":55,"turns":13}],"seed_played":"570282780502062243","potions_obtained":[{"floor":1,"key":"Swift Potion"},{"floor":6,"key":"SteroidPotion"},{"floor":11,"key":"Regen Potion"},{"floor":14,"key":"Strength Potion"},{"floor":23,"key":"Explosive Potion"},{"floor":29,"key":"Strength Potion"},{"floor":30,"key":"FocusPotion"},{"floor":35,"key":"GamblersBrew"},{"floor":36,"key":"PowerPotion"}],"is_trial":false,"path_per_floor":["M","M","?","?","$","E","R","$","T","E","M","R","M","M","R","B",null,"M","?","$","?","M","E","R","$","T","R","M","M","M","M","R","B",null,"M","M","$","M","?","R","M","R","T","$","R","?","R","?","R","B",null,"R","$","E","B",null],"character_chosen":"DEFECT","items_purchased":["Defragment","Block Potion","DollysMirror","Conserve Battery","Membership Card","Amplify","PowerPotion","Conserve Battery","PowerPotion","Energy Potion","FocusPotion","Poison Potion"],"campfire_rested":5,"item_purchase_floors":[5,8,20,25,25,37,37,37,44,44,53,53],"current_hp_per_floor":[75,69,54,43,43,25,47,47,47,36,36,36,45,26,50,23,82,80,64,64,64,48,39,39,39,39,63,50,44,21,17,41,29,82,82,78,78,61,61,61,61,61,61,61,61,48,72,72,72,78,78,78,78,77,21],"gold":35,"neow_bonus":"UPGRADE_CARD","is_prod":false,"is_daily":false,"chose_seed":false,"campfire_upgraded":6,"win_rate":0,"timestamp":1554793690,"path_taken":["M","M","?","?","?","E","R","$","T","E","M","R","M","?","R","BOSS","M","?","$","?","M","E","R","$","T","R","M","M","M","M","R","BOSS","M","M","$","M","?","R","M","R","T","?","R","?","R","?","R","BOSS","R","$","E","BOSS"],"build_version":"2019-01-23","purchased_purges":4,"victory":true,"max_hp_per_floor":[75,75,75,75,75,75,75,75,75,82,82,82,82,82,82,82,82,82,82,82,82,82,82,82,82,82,82,82,82,82,82,82,82,82,82,82,82,82,82,82,82,82,82,82,82,82,82,78,78,78,78,78,78,78,78],"card_choices":[{"not_picked":["Beam Cell","Aggregate"],"picked":"Consume","floor":1},{"not_picked":["Gash","Chaos"],"picked":"Ball Lightning","floor":2},{"not_picked":["Recycle","Steam"],"picked":"Coolheaded","floor":6},{"not_picked":["Hello World","Leap"],"picked":"Cold Snap","floor":10},{"not_picked":["Compile Driver","Gash"],"picked":"Capacitor","floor":11},{"not_picked":["Turbo","Rebound","Hello World"],"picked":"SKIP","floor":13},{"not_picked":["Sweeping Beam","Barrage"],"picked":"Echo Form","floor":14},{"not_picked":["Barrage","Sweeping Beam","Fusion+1"],"picked":"SKIP","floor":18},{"not_picked":["Hologram","Barrage","Go for the Eyes"],"picked":"SKIP","floor":22},{"not_picked":["Steam","Beam Cell"],"picked":"Stack+1","floor":23},{"not_picked":["Turbo","Gash","Go for the Eyes+1"],"picked":"SKIP","floor":28},{"not_picked":["Conserve Battery","Cold Snap"],"picked":"Electrodynamics","floor":29},{"not_picked":["Sunder","Sweeping Beam"],"picked":"Coolheaded+1","floor":30},{"not_picked":["Heatsinks","Loop","Redo+1"],"picked":"SKIP","floor":31},{"not_picked":["Barrage+1","Redo+1","Darkness+1"],"picked":"SKIP","floor":35},{"not_picked":["Skim","Ball Lightning"],"picked":"Defragment+1","floor":36},{"not_picked":["Melter+1","Hologram"],"picked":"Self Repair+1","floor":38},{"not_picked":["Hologram+1","Cold Snap","Chaos+1"],"picked":"SKIP","floor":41},{"not_picked":["Redo","Steam+1"],"picked":"Ball Lightning+1","floor":46},{"not_picked":["Auto Shields","Ball Lightning","Turbo"],"picked":"SKIP","floor":54}],"player_experience":304556,"relics_obtained":[{"floor":6,"key":"Calipers"},{"floor":9,"key":"The Courier"},{"floor":10,"key":"Strawberry"},{"floor":19,"key":"Nilry\u0027s Codex"},{"floor":23,"key":"Boot"},{"floor":26,"key":"DataDisk"},{"floor":46,"key":"Bird Faced Urn"},{"floor":54,"key":"Vajra"}],"event_choices":[{"damage_healed":0,"gold_gain":0,"player_choice":"Entered Light","damage_taken":15,"max_hp_gain":0,"max_hp_loss":0,"event_name":"Shining Light","floor":3,"gold_loss":0,"cards_upgraded":["Consume","Ball Lightning"]},{"damage_healed":0,"gold_gain":75,"player_choice":"Gather Gold","damage_taken":11,"max_hp_gain":0,"max_hp_loss":0,"event_name":"World of Goop","floor":4,"gold_loss":0},{"damage_healed":0,"gold_gain":0,"player_choice":"Obtained Book","damage_taken":16,"max_hp_gain":0,"max_hp_loss":0,"event_name":"Cursed Tome","floor":19,"gold_loss":0},{"damage_healed":0,"gold_gain":99,"player_choice":"Stole From Cult","damage_taken":0,"max_hp_gain":0,"max_hp_loss":0,"event_name":"Nest","floor":21,"gold_loss":0},{"cards_removed":["Defend_B"],"damage_healed":0,"gold_gain":0,"player_choice":"Purged","damage_taken":0,"max_hp_gain":0,"max_hp_loss":0,"event_name":"Purifier","floor":39,"gold_loss":0},{"damage_healed":0,"gold_gain":0,"player_choice":"Fight","damage_taken":0,"max_hp_gain":0,"max_hp_loss":0,"event_name":"Mysterious Sphere","floor":46,"gold_loss":0},{"damage_healed":0,"gold_gain":0,"player_choice":"Max HP","damage_taken":0,"max_hp_gain":0,"max_hp_loss":4,"event_name":"Winding Halls","floor":48,"gold_loss":0}],"is_beta":false,"boss_relics":[{"not_picked":["Cursed Key","Busted Crown"],"picked":"Philosopher\u0027s Stone"},{"not_picked":["Sozu","Runic Dome"],"picked":"Empty Cage"}],"items_purged_floors":[5,20,37,44],"is_endless":false,"potions_floor_spawned":[1,6,11,14,23,29,30,35,36],"ascension_level":0}