{"gold_per_floor":[111,111,111,36,50,50,50,50,50,50,15,51,65,80,80,169,169,183,183,183,197,211,211,255,255,255,354,373,388,388,401,401,494,557,581,604,618,638,638,638,676,676,676,676,695,715,82,98,98,98],"floor_reached":50,"playtime":2968,"items_purged":["Injury","Strike_B+1"],"score":882,"play_id":"b89ae834-e338-49ab-b4fd-0e0f1f96972c","local_time":"20190307144308","is_ascension_mode":true,"campfire_choices":[{"data":"Defragment","floor":6.0,"key":"SMITH"},{"data":"Zap","floor":8.0,"key":"SMITH"},{"data":"White Noise","floor":10.0,"key":"SMITH"},{"data":"Defragment","floor":15.0,"key":"SMITH"},{"floor":23.0,"key":"REST"},{"data":"Redo","floor":25.0,"key":"SMITH"},{"floor":32.0,"key":"REST"},{"floor":40.0,"key":"REST"},{"floor":42.0,"key":"REST"},{"floor":44.0,"key":"REST"},{"floor":49.0,"key":"REST"}],"neow_cost":"NONE","seed_source_timestamp":0,"circlet_count":0,"master_deck":["AscendersBane","Strike_B+1","Strike_B+1","Defend_B+1","Defend_B+1","Defend_B+1","Defend_B+1","Zap+1","Dualcast","Rebound+1","White Noise+1","Defragment+1","Defragment+1","Leap","Auto Shields","Electrodynamics","Cold Snap+1","Coolheaded","Redo+1","Auto Shields","Reboot","Echo Form","Coolheaded+1","Deep Breath","Creative AI","Glacier+1","Blizzard","The Bomb","Leap+1","Defragment+1"],"special_seed":0,"relics":["Cracked Core","NeowsBlessing","Golden Idol","CultistMask","Shuriken","Vajra","Inserter","Bag of Marbles","Cables","Incense Burner","Tiny House","Whetstone","Prayer Wheel","Sundial"],"potions_floor_usage":[50],"damage_taken":[{"damage":0.0,"enemies":"Jaw Worm","floor":1.0,"turns":1.0},{"damage":0.0,"enemies":"Small Slimes","floor":5.0,"turns":2.0},{"damage":0.0,"enemies":"Lagavulin","floor":12.0,"turns":1.0},{"damage":4.0,"enemies":"2 Louse","floor":13.0,"turns":3.0},{"damage":4.0,"enemies":"Exordium Thugs","floor":14.0,"turns":3.0},{"damage":33.0,"enemies":"Slime Boss","floor":16.0,"turns":9.0},{"damage":21.0,"enemies":"3 Byrds","floor":18.0,"turns":4.0},{"damage":6.0,"enemies":"Chosen","floor":21.0,"turns":4.0},{"damage":21.0,"enemies":"Snake Plant","floor":22.0,"turns":4.0},{"damage":14.0,"enemies":"Gremlin Leader","floor":24.0,"turns":6.0},{"damage":6.0,"enemies":"Shelled Parasite and Fungi","floor":28.0,"turns":5.0},{"damage":16.0,"enemies":"Chosen and Byrds","floor":29.0,"turns":3.0},{"damage":6.0,"enemies":"Centurion and Healer","floor":31.0,"turns":3.0},{"damage":35.0,"enemies":"Champ","floor":33.0,"turns":12.0},{"damage":13.0,"enemies":"3 Darklings","floor":35.0,"turns":4.0},{"damage":3.0,"enemies":"Orb Walker","floor":36.0,"turns":5.0},{"damage":41.0,"enemies":"Maw","floor":37.0,"turns":8.0},{"damage":11.0,"enemies":"Spire Growth","floor":38.0,"turns":7.0},{"damage":43.0,"enemies":"Giant Head","floor":41.0,"turns":14.0},{"damage":0.0,"enemies":"4 Shapes","floor":45.0,"turns":3.0},{"damage":0.0,"enemies":"Maw","floor":46.0,"turns":6.0},{"damage":27.0,"enemies":"Jaw Worm Horde","floor":48.0,"turns":3.0},{"damage":54,"enemies":"Awakened One","floor":50,"turns":5}],"seed_played":"4153673826508577845","potions_obtained":[{"floor":1.0,"key":"Fire Potion"},{"floor":5.0,"key":"Energy Potion"},{"floor":18.0,"key":"GamblersBrew"},{"floor":29.0,"key":"SkillPotion"},{"floor":31.0,"key":"Explosive Potion"},{"floor":34.0,"key":"FearPotion"},{"floor":35.0,"key":"LiquidBronze"},{"floor":38.0,"key":"Regen Potion"},{"floor":46.0,"key":"Weak Potion"}],"is_trial":false,"path_per_floor":["M","?","?","$","M","R","?","R","T","R","$","E","M","M","R","B",null,"M","?","?","M","M","R","E","R","T","?","M","M","T","M","R","B",null,"M","M","M","M","?","R","E","R","T","R","M","M","$","M","R","B"],"character_chosen":"DEFECT","items_purchased":["Defragment","Blizzard","Fire Potion","Sundial","The Bomb"],"campfire_rested":6,"item_purchase_floors":[11,47,47,47,47],"current_hp_per_floor":[64,64,64,64,64,64,64,64,64,64,64,64,60,56,56,23,59,38,38,81,75,54,78,64,64,64,64,58,42,42,36,60,25,72,59,56,15,4,4,29,1,26,26,51,51,51,51,24,49,0],"gold":98,"neow_bonus":"THREE_ENEMY_KILL","is_prod":false,"is_daily":false,"chose_seed":false,"campfire_upgraded":5,"win_rate":0,"timestamp":1551991388,"path_taken":["M","?","?","$","?","R","?","R","T","R","$","E","M","M","R","BOSS","M","?","?","?","M","R","E","R","T","?","M","M","?","?","R","BOSS","M","M","?","M","?","R","E","R","T","R","M","M","$","M","R","BOSS"],"build_version":"2019-01-23","purchased_purges":2,"victory":false,"max_hp_per_floor":[71,71,71,71,71,71,71,71,71,71,71,71,71,71,71,71,71,71,71,81,81,81,81,81,81,81,81,81,81,81,81,81,81,86,86,86,86,86,86,86,86,86,86,86,86,86,86,86,86,86],"card_choices":[{"not_picked":["Leap","Streamline"],"picked":"Rebound","floor":1.0},{"not_picked":["Turbo","Barrage"],"picked":"Defragment","floor":5.0},{"not_picked":["Barrage","Heatsinks"],"picked":"Leap","floor":12.0},{"not_picked":["Streamline","Tempest"],"picked":"Buffer","floor":13.0},{"not_picked":["Force Field","Undo"],"picked":"Auto Shields","floor":14.0},{"not_picked":["Thunder Strike","All For One"],"picked":"Electrodynamics","floor":16.0},{"not_picked":["Gash","Force Field"],"picked":"Cold Snap","floor":18.0},{"not_picked":["Go for the Eyes","Streamline","Gash"],"picked":"SKIP","floor":21.0},{"not_picked":["Scrape","Rebound"],"picked":"Coolheaded","floor":22.0},{"not_picked":["Genetic Algorithm","Conserve Battery"],"picked":"Redo","floor":24.0},{"not_picked":["Gash","Scrape","Go for the Eyes"],"picked":"SKIP","floor":28.0},{"not_picked":["Go for the Eyes","Streamline"],"picked":"Auto Shields","floor":29.0},{"not_picked":["Rebound","Gash"],"picked":"Reboot","floor":31.0},{"not_picked":["Gash","Undo","Doom and Gloom"],"picked":"SKIP","floor":35.0},{"not_picked":["Compile Driver","Steam Power"],"picked":"Echo Form","floor":36.0},{"not_picked":["Aggregate","Rebound"],"picked":"Coolheaded+1","floor":37.0},{"not_picked":["Ball Lightning+1","Hologram","Streamline"],"picked":"SKIP","floor":38.0},{"not_picked":["Impatience","Mind Blast"],"picked":"Deep Breath","floor":39.0},{"not_picked":["Compile Driver","Turbo"],"picked":"Creative AI","floor":41.0},{"not_picked":["Hologram","Doom and Gloom","Undo"],"picked":"SKIP","floor":45.0},{"not_picked":["Compile Driver","Aggregate","Reprogram"],"picked":"SKIP","floor":45.0},{"not_picked":["Conserve Battery","Cold Snap"],"picked":"Glacier+1","floor":46.0},{"not_picked":["Compile Driver+1","Stack+1","Hologram"],"picked":"SKIP","floor":46.0},{"not_picked":["Streamline","Lockon"],"picked":"Leap+1","floor":48.0},{"not_picked":["Beam Cell","Double Energy+1"],"picked":"Defragment+1","floor":48.0}],"player_experience":648090,"relics_obtained":[{"floor":9.0,"key":"Shuriken"},{"floor":12.0,"key":"Vajra"},{"floor":24.0,"key":"Bag of Marbles"},{"floor":26.0,"key":"Cables"},{"floor":30.0,"key":"Incense Burner"},{"floor":41.0,"key":"Whetstone"},{"floor":43.0,"key":"Prayer Wheel"}],"event_choices":[{"damage_healed":0.0,"max_hp_gain":0.0,"max_hp_loss":0.0,"gold_gain":0.0,"event_name":"Golden Idol","player_choice":"Take Wound","floor":2.0,"gold_loss":0.0,"damage_taken":0.0,"relics_obtained":["Golden Idol"],"cards_obtained":["Injury"]},{"damage_healed":0.0,"max_hp_gain":0.0,"max_hp_loss":0.0,"gold_gain":0.0,"cards_transformed":["Strike_B"],"event_name":"Living Wall","player_choice":"Change","floor":3.0,"gold_loss":0.0,"damage_taken":0.0,"cards_obtained":["White Noise"]},{"damage_healed":0.0,"max_hp_gain":0.0,"max_hp_loss":0.0,"gold_gain":0.0,"event_name":"FaceTrader","player_choice":"Trade","floor":7.0,"gold_loss":0.0,"damage_taken":0.0,"relics_obtained":["CultistMask"]},{"damage_healed":0.0,"max_hp_gain":0.0,"max_hp_loss":0.0,"gold_gain":0.0,"event_name":"Back to Basics","player_choice":"Simplicity","floor":19.0,"gold_loss":0.0,"damage_taken":0.0,"cards_upgraded":["Strike_B","Strike_B","Strike_B","Defend_B","Defend_B","Defend_B","Defend_B"]},{"cards_removed":["Buffer"],"damage_healed":33.0,"max_hp_gain":10.0,"max_hp_loss":0.0,"gold_gain":0.0,"event_name":"Bonfire Elementals","player_choice":"Offered Rare","floor":20.0,"gold_loss":0.0,"damage_taken":0.0},{"damage_healed":0.0,"max_hp_gain":0.0,"max_hp_loss":0.0,"gold_gain":99.0,"event_name":"Nest","player_choice":"Stole From Cult","floor":27.0,"gold_loss":0.0,"damage_taken":0.0},{"damage_healed":0.0,"max_hp_gain":0.0,"max_hp_loss":0.0,"gold_gain":0.0,"event_name":"SensoryStone","player_choice":"Memory 1","floor":39.0,"gold_loss":0.0,"damage_taken":0.0}],"is_beta":false,"boss_relics":[{"not_picked":["White Beast Statue","Cursed Key"],"picked":"Inserter"},{"not_picked":["Sozu","Black Star"],"picked":"Tiny House"}],"items_purged_floors":[4,47],"is_endless":false,"potions_floor_spawned":[1,5,18,29,31,35,36,38,46],"killed_by":"Awakened One","ascension_level":14}