{"gold_per_floor":[366,384,396,406,29,59,79,91,118,118,136,150,243,253,253,355,355,340,340,265,281,281,281,296,8,8,21,21,55,55,66,66,169,169,179,179,194,205,221,221,234,31,57,72,72,72,92,92,92,92,92,92,92,118,118],"floor_reached":55,"playtime":4340,"items_purged":["Writhe"],"score":699,"play_id":"9803b237-7a0f-4662-995d-dd91fe9a9446","local_time":"20190410232313","is_ascension_mode":false,"campfire_choices":[{"data":"Well Laid Plans","floor":10.0,"key":"SMITH"},{"floor":15.0,"key":"REST"},{"data":"Noxious Fumes","floor":28.0,"key":"SMITH"},{"data":"Dash","floor":30.0,"key":"SMITH"},{"floor":32.0,"key":"REST"},{"floor":40.0,"key":"RECALL"},{"floor":46.0,"key":"REST"},{"data":"Thinking Ahead","floor":49.0,"key":"SMITH"},{"floor":52.0,"key":"REST"}],"neow_cost":"CURSE","seed_source_timestamp":0,"circlet_count":0,"master_deck":["Survivor+1","Neutralize+1","Dagger Spray+1","Well Laid Plans+1","Backstab+1","PiercingWail+1","Noxious Fumes+1","Blur+1","Footwork+1","Backstab+1","Dash+1","Deadly Poison+1","Doppelganger+1","Backflip+1","Die Die Die+1","Leg Sweep+1","Acrobatics+1","Quick Slash+1","Backflip+1","Night Terror+1","Dash+1","Quick Slash+1","Adrenaline+1","Malaise+1","A Thousand Cuts+1","All Out Attack+1","Eviscerate+1","Reflex+1","Poisoned Stab+1","Calculated Gamble+1","Deadly Poison+1","Thinking Ahead+1"],"special_seed":0,"relics":["Ring of the Snake","Oddly Smooth Stone","Ice Cream","Regal Pillow","Tiny Chest","Black Star","Vajra","Bag of Preparation","Bronze Scales","Orichalcum","Pandora\u0027s Box","Lee\u0027s Waffle","Bag of Marbles","Mark of the Bloom","Whetstone","Bottled Lightning"],"potions_floor_usage":[55,55],"damage_taken":[{"damage":6.0,"enemies":"Jaw Worm","floor":1.0,"turns":6.0},{"damage":2.0,"enemies":"Small Slimes","floor":2.0,"turns":4.0},{"damage":1.0,"enemies":"Cultist","floor":3.0,"turns":4.0},{"damage":0.0,"enemies":"Looter","floor":4.0,"turns":3.0},{"damage":34.0,"enemies":"Gremlin Nob","floor":6.0,"turns":5.0},{"damage":0.0,"enemies":"2 Fungi Beasts","floor":7.0,"turns":3.0},{"damage":0.0,"enemies":"Blue Slaver","floor":8.0,"turns":3.0},{"damage":0.0,"enemies":"Exordium Wildlife","floor":11.0,"turns":4.0},{"damage":0.0,"enemies":"Large Slime","floor":12.0,"turns":5.0},{"damage":31.0,"enemies":"Lagavulin Event","floor":13.0,"turns":7.0},{"damage":0.0,"enemies":"Blue Slaver","floor":14.0,"turns":3.0},{"damage":16.0,"enemies":"Hexaghost","floor":16.0,"turns":11.0},{"damage":10.0,"enemies":"2 Thieves","floor":18.0,"turns":4.0},{"damage":0.0,"enemies":"3 Byrds","floor":21.0,"turns":5.0},{"damage":0.0,"enemies":"Sentry and Sphere","floor":23.0,"turns":1.0},{"damage":7.0,"enemies":"Snecko","floor":24.0,"turns":6.0},{"damage":6.0,"enemies":"Snake Plant","floor":27.0,"turns":6.0},{"damage":4.0,"enemies":"Book of Stabbing","floor":29.0,"turns":9.0},{"damage":8.0,"enemies":"Sentry and Sphere","floor":31.0,"turns":7.0},{"damage":50.0,"enemies":"Champ","floor":33.0,"turns":17.0},{"damage":0.0,"enemies":"Orb Walker","floor":35.0,"turns":5.0},{"damage":0.0,"enemies":"3 Shapes","floor":37.0,"turns":4.0},{"damage":24.0,"enemies":"Sphere and 2 Shapes","floor":38.0,"turns":6.0},{"damage":41.0,"enemies":"Spire Growth","floor":39.0,"turns":7.0},{"damage":5.0,"enemies":"4 Shapes","floor":41.0,"turns":5.0},{"damage":0.0,"enemies":"Maw","floor":44.0,"turns":8.0},{"damage":2.0,"enemies":"3 Darklings","floor":47.0,"turns":4.0},{"damage":17.0,"enemies":"Time Eater","floor":50.0,"turns":15.0},{"damage":42,"enemies":"Shield and Spear","floor":54,"turns":11},{"damage":42,"enemies":"The Heart","floor":55,"turns":6}],"seed_played":"-7931971222827975512","potions_obtained":[{"floor":3.0,"key":"Fruit Juice"},{"floor":4.0,"key":"Fire Potion"},{"floor":6.0,"key":"Regen Potion"},{"floor":7.0,"key":"Dexterity Potion"},{"floor":12.0,"key":"FearPotion"},{"floor":13.0,"key":"SmokeBomb"},{"floor":21.0,"key":"Block Potion"},{"floor":24.0,"key":"Dexterity Potion"},{"floor":29.0,"key":"AttackPotion"},{"floor":31.0,"key":"Poison Potion"},{"floor":35.0,"key":"Ancient Potion"},{"floor":38.0,"key":"PowerPotion"},{"floor":54,"key":"Dexterity Potion"}],"is_trial":false,"path_per_floor":["M","M","M","M","$","E","M","M","T","R","M","M","?","M","R","B",null,"M","?","?","M","?","M","M","$","T","M","R","E","R","M","R","B",null,"M","?","M","M","M","R","M","$","T","M","?","R","M","?","R","B",null,"R","$","E","B"],"character_chosen":"THE_SILENT","items_purchased":["Oddly Smooth Stone","Noxious Fumes","Blur","Vajra","Bag of Preparation","Lee\u0027s Waffle"],"campfire_rested":4,"item_purchase_floors":[5,5,5,25,25,42],"current_hp_per_floor":[64,62,61,61,61,32,32,32,32,32,32,32,15,15,52,36,75,65,65,65,65,65,65,58,58,58,52,52,48,48,40,75,25,75,75,85,85,61,20,20,15,92,92,92,92,92,90,90,90,73,73,73,73,31,0],"gold":118,"neow_bonus":"TWO_FIFTY_GOLD","is_prod":false,"is_daily":false,"chose_seed":false,"campfire_upgraded":4,"win_rate":0,"timestamp":1554960193,"path_taken":["M","M","M","M","$","E","M","M","T","R","M","M","?","M","R","BOSS","M","?","?","M","?","?","M","$","T","M","R","E","R","M","R","BOSS","M","?","M","M","M","R","?","$","T","M","?","R","M","?","R","BOSS","R","$","E","BOSS"],"build_version":"2019-01-23","purchased_purges":1,"victory":false,"max_hp_per_floor":[70,70,70,70,70,75,75,75,75,75,75,75,75,75,75,75,75,75,75,75,75,75,75,75,75,75,75,75,75,75,75,75,75,75,75,85,85,85,85,85,85,92,92,92,92,92,92,92,92,92,92,92,92,92,92],"card_choices":[{"not_picked":["Underhanded Strike","Blade Dance"],"picked":"Dagger Spray","floor":1.0},{"not_picked":["Cloak And Dagger","Die Die Die"],"picked":"Well Laid Plans","floor":2.0},{"not_picked":["Quick Slash","Poisoned Stab"],"picked":"Backstab","floor":3.0},{"not_picked":["Expertise","Slice"],"picked":"PiercingWail","floor":4.0},{"not_picked":["Accuracy","Riddle With Holes"],"picked":"Footwork","floor":6.0},{"not_picked":["Acrobatics","Outmaneuver"],"picked":"Backstab","floor":7.0},{"not_picked":["Distraction","Bane","Finisher"],"picked":"SKIP","floor":8.0},{"not_picked":["Prepared","Finisher"],"picked":"Dash","floor":11.0},{"not_picked":["Prepared","All Out Attack"],"picked":"Deadly Poison","floor":12.0},{"not_picked":["Endless Agony","Finisher"],"picked":"Doppelganger","floor":13.0},{"not_picked":["Flying Knee","Slice"],"picked":"Backflip","floor":14.0},{"not_picked":["A Thousand Cuts","Glass Knife"],"picked":"Die Die Die","floor":16.0},{"not_picked":["Distraction","Acrobatics","Infinite Blades"],"picked":"SKIP","floor":18.0},{"not_picked":["Tactician","Underhanded Strike+1","Deadly Poison"],"picked":"SKIP","floor":21.0},{"not_picked":["Bane","Caltrops"],"picked":"Leg Sweep+1","floor":24.0},{"not_picked":["Blade Dance","Sucker Punch"],"picked":"Acrobatics+1","floor":27.0},{"not_picked":["Dagger Throw","All Out Attack+1"],"picked":"Quick Slash+1","floor":29.0},{"not_picked":["Deflect","Underhanded Strike+1"],"picked":"Backflip","floor":31.0},{"not_picked":["Bullet Time","Adrenaline"],"picked":"Night Terror","floor":33.0},{"not_picked":["Slice+1","Cloak And Dagger"],"picked":"Poisoned Stab","floor":35.0},{"not_picked":["Dodge and Roll","Calculated Gamble","Masterful Stab+1"],"picked":"SKIP","floor":37.0},{"not_picked":["Dodge and Roll","Masterful Stab+1"],"picked":"Calculated Gamble","floor":37.0},{"not_picked":["PiercingWail","Glass Knife","Dagger Spray"],"picked":"SKIP","floor":38.0},{"not_picked":["Flechettes+1","Deflect","Deadly Poison+1"],"picked":"SKIP","floor":39.0},{"not_picked":["Quick Slash+1","Prepared"],"picked":"Deadly Poison+1","floor":41.0},{"not_picked":["Sucker Punch+1","Expertise","Blade Dance"],"picked":"SKIP","floor":44.0},{"not_picked":["Predator","Acrobatics","Cloak And Dagger"],"picked":"SKIP","floor":47.0},{"not_picked":["Metamorphosis","Forethought"],"picked":"Thinking Ahead","floor":48.0},{"not_picked":["Heel Hook","Acrobatics","Backflip+1"],"picked":"SKIP","floor":54}],"player_experience":219554,"relics_obtained":[{"floor":6.0,"key":"Ice Cream"},{"floor":9.0,"key":"Regal Pillow"},{"floor":29.0,"key":"Bronze Scales"},{"floor":29.0,"key":"Orichalcum"},{"floor":43.0,"key":"Bag of Marbles"},{"floor":54,"key":"Whetstone"},{"floor":54,"key":"Bottled Lightning"}],"event_choices":[{"damage_healed":0.0,"max_hp_gain":0.0,"max_hp_loss":0.0,"gold_gain":0.0,"event_name":"Dead Adventurer","player_choice":"Searched \u00273\u0027 times","floor":13.0,"gold_loss":0.0,"damage_taken":0.0,"relics_obtained":["Tiny Chest"]},{"damage_healed":0.0,"max_hp_gain":0.0,"max_hp_loss":0.0,"gold_gain":0.0,"event_name":"The Mausoleum","player_choice":"Ignored","floor":19.0,"gold_loss":0.0,"damage_taken":0.0},{"cards_removed":["Strike_G"],"damage_healed":0.0,"max_hp_gain":0.0,"max_hp_loss":0.0,"gold_gain":0.0,"event_name":"Beggar","player_choice":"Gave Gold","floor":20.0,"gold_loss":75.0,"damage_taken":0.0},{"damage_healed":0.0,"max_hp_gain":0.0,"max_hp_loss":0.0,"gold_gain":0.0,"event_name":"Vampires","player_choice":"Ignored","floor":22.0,"gold_loss":0.0,"damage_taken":0.0},{"cards_removed":["Tools of the Trade"],"damage_healed":0.0,"max_hp_gain":10.0,"max_hp_loss":0.0,"gold_gain":0.0,"event_name":"Bonfire Elementals","player_choice":"Offered Rare","floor":36.0,"gold_loss":0.0,"damage_taken":0.0},{"damage_healed":0.0,"max_hp_gain":0.0,"max_hp_loss":0.0,"gold_gain":0.0,"event_name":"MindBloom","player_choice":"Upgrade","floor":45.0,"gold_loss":0.0,"damage_taken":0.0,"cards_upgraded":["Survivor","Neutralize","Dagger Spray","Backstab","PiercingWail","Blur","Footwork","Backstab","Deadly Poison","Doppelganger","Backflip","Die Die Die","Backflip","Night Terror","Dash","Quick Slash","Adrenaline","Malaise","A Thousand Cuts","All Out Attack","Eviscerate","Reflex","Poisoned Stab","Calculated Gamble"],"relics_obtained":["Mark of the Bloom"]},{"damage_healed":0.0,"max_hp_gain":0.0,"max_hp_loss":0.0,"gold_gain":0.0,"event_name":"SensoryStone","player_choice":"Memory 1","floor":48.0,"gold_loss":0.0,"damage_taken":0.0}],"is_beta":false,"boss_relics":[{"not_picked":["Lizard Tail","Velvet Choker"],"picked":"Black Star"},{"not_picked":["Sozu","Runic Pyramid"],"picked":"Pandora\u0027s Box"}],"items_purged_floors":[5],"is_endless":false,"potions_floor_spawned":[3,4,6,7,12,13,21,24,29,31,35,38,54],"killed_by":"The Heart","ascension_level":0}