{"gold_per_floor":[111,186,205,48,48,76,76,104,104,104,116,165,165,179,179,282,282,302,331,331,348,361,392,392,392,392,6,6,6,6,6,6,109,109,125,141,158,258,273,273,26,57,103,103,165,191,217,217,217,217],"floor_reached":51,"playtime":2272,"items_purged":[],"score":928,"play_id":"d2e6ca7c-79b1-48da-bf6c-9eeb81b72df1","local_time":"20181001041950","is_ascension_mode":true,"campfire_choices":[{"floor":7,"key":"REST"},{"floor":13,"key":"REST"},{"data":"Coolheaded","floor":15,"key":"SMITH"},{"data":"Machine Learning","floor":25,"key":"SMITH"},{"floor":29,"key":"REST"},{"data":"Blizzard","floor":32,"key":"SMITH"},{"data":"Capacitor","floor":40,"key":"SMITH"},{"data":"Chill","floor":49,"key":"SMITH"}],"neow_cost":"NONE","seed_source_timestamp":1582398605712142,"circlet_count":0,"master_deck":["Zap+1","Dualcast+1","Compile Driver","Coolheaded+1","Self Repair","Compile Driver+1","Coolheaded","Cold Snap","Blizzard+1","Machine Learning+1","Chill+1","Ball Lightning","Self Repair+1","Coolheaded+1","Leap","Double Energy+1","Finesse","Echo Form","Beam Cell","Redo","Force Field","Heatsinks","Sweeping Beam","Chill+1","Glacier","Capacitor+1","Cold Snap+1","Tempest+1","Cold Snap"],"relics":["Cracked Core","Orichalcum","Juzu Bracelet","Turnip","PreservedInsect","Bottled Lightning","Prayer Wheel","Centennial Puzzle","Empty Cage","Red Mask","WingedGreaves","Whetstone","Calipers","MutagenicStrength","Pandora\u0027s Box","Matryoshka","Oddly Smooth Stone","Singing Bowl","Art of War","Tiny Chest","Ancient Tea Set","Omamori","Toxic Egg 2"],"potions_floor_usage":[16,18,19,21,23,42,50,50,50],"damage_taken":[{"damage":3,"enemies":"2 Louse","floor":1,"turns":3},{"damage":6,"enemies":"Jaw Worm","floor":3,"turns":3},{"damage":16,"enemies":"Gremlin Nob","floor":6,"turns":4},{"damage":18,"enemies":"3 Sentries","floor":8,"turns":7},{"damage":0,"enemies":"Cultist","floor":11,"turns":3},{"damage":3,"enemies":"Lots of Slimes","floor":14,"turns":4},{"damage":42,"enemies":"The Guardian","floor":16,"turns":11},{"damage":23,"enemies":"2 Thieves","floor":18,"turns":4},{"damage":16,"enemies":"Masked Bandits","floor":19,"turns":4},{"damage":5,"enemies":"3 Byrds","floor":21,"turns":5},{"damage":10,"enemies":"Snecko","floor":22,"turns":4},{"damage":47,"enemies":"Gremlin Leader","floor":23,"turns":8},{"damage":65,"enemies":"Collector","floor":33,"turns":10},{"damage":30,"enemies":"3 Darklings","floor":35,"turns":6},{"damage":0,"enemies":"3 Shapes","floor":36,"turns":3},{"damage":31,"enemies":"Spire Growth","floor":37,"turns":9},{"damage":11,"enemies":"3 Darklings","floor":39,"turns":4},{"damage":31,"enemies":"2 Orb Walkers","floor":42,"turns":5},{"damage":7,"enemies":"Giant Head","floor":45,"turns":9},{"damage":1,"enemies":"Nemesis","floor":47,"turns":7},{"damage":24,"enemies":"Awakened One","floor":50,"turns":12}],"seed_played":"4160886485278209487","potions_obtained":[{"floor":11,"key":"Fire Potion"},{"floor":14,"key":"Energy Potion"},{"floor":18,"key":"Fire Potion"},{"floor":19,"key":"Block Potion"},{"floor":22,"key":"Regen Potion"},{"floor":37,"key":"Weak Potion"},{"floor":39,"key":"PowerPotion"},{"floor":42,"key":"Strength Potion"},{"floor":48,"key":"Poison Potion"},{"floor":48,"key":"Ancient Potion"}],"is_trial":false,"path_per_floor":["M","?","M","$","T","E","R","E","T","?","M","T","R","M","R","B",null,"M","?","$","M","M","E","?","R","T","$","?","R","$","?","R","B",null,"M","M","M","?","M","R","$","E","T","?","E","T","E","?","R","B"],"character_chosen":"DEFECT","items_purchased":["Juzu Bracelet","Calipers","Finesse","Matryoshka"],"campfire_rested":3,"item_purchase_floors":[4,27,27,41],"current_hp_per_floor":[72,61,55,55,55,39,61,50,50,35,42,42,64,61,61,26,75,59,50,50,55,55,40,40,40,40,40,40,62,62,85,85,37,85,85,85,68,68,67,67,67,56,56,56,68,68,79,79,79,72],"gold":217,"neow_bonus":"RANDOM_COMMON_RELIC","is_prod":false,"is_daily":false,"chose_seed":false,"campfire_upgraded":5,"win_rate":0,"timestamp":1538360390,"path_taken":["M","?","?","$","?","E","R","E","T","?","M","?","R","M","R","BOSS","M","?","$","M","M","E","?","R","T","$","?","R","?","?","R","BOSS","M","M","M","?","M","R","$","E","T","?","E","?","E","?","R","BOSS"],"build_version":"2018-09-27","purchased_purges":0,"victory":true,"max_hp_per_floor":[75,75,75,75,75,75,75,75,75,75,75,75,75,75,75,75,75,75,75,75,75,75,75,75,75,75,75,75,75,75,85,85,85,85,85,85,85,85,85,85,85,85,85,85,87,87,89,89,89,89],"card_choices":[{"not_picked":["Turbo","FTL"],"picked":"Compile Driver","floor":1},{"not_picked":["Sweeping Beam","Leap"],"picked":"Coolheaded","floor":3},{"not_picked":["Creative AI","Static Discharge"],"picked":"Self Repair","floor":6},{"not_picked":["Redo","Rip and Tear"],"picked":"Compile Driver","floor":8},{"not_picked":["Fusion","Barrage"],"picked":"Coolheaded","floor":11},{"not_picked":["Undo","Beam Cell"],"picked":"Cold Snap","floor":11},{"not_picked":["Leap","Gash"],"picked":"Blizzard","floor":14},{"not_picked":["Force Field","Hologram","White Noise"],"picked":"SKIP","floor":14},{"not_picked":["Thunder Strike","Multi-Cast"],"picked":"Machine Learning","floor":16},{"not_picked":["Tempest+1","Doom and Gloom"],"picked":"Chill","floor":18},{"not_picked":["Turbo","Conserve Battery"],"picked":"Ball Lightning","floor":18},{"not_picked":["Cold Snap","Stack+1"],"picked":"Self Repair+1","floor":19},{"not_picked":["Go for the Eyes+1","Redo"],"picked":"Coolheaded+1","floor":21},{"not_picked":["Rebound","Conserve Battery"],"picked":"Rainbow","floor":21},{"not_picked":["Auto Shields+1","Steam"],"picked":"Leap","floor":22},{"not_picked":["Steam","Cold Snap","Coolheaded"],"picked":"SKIP","floor":22},{"not_picked":["Conserve Battery","Compile Driver"],"picked":"Double Energy+1","floor":23},{"not_picked":["Creative AI","All For One"],"picked":"Echo Form","floor":33},{"not_picked":["Redo+1","Beam Cell"],"picked":"Chill+1","floor":35},{"not_picked":["Compile Driver+1","Steam"],"picked":"Glacier","floor":35},{"not_picked":["Static Discharge","Ball Lightning+1"],"picked":"Capacitor","floor":36},{"not_picked":["Gash+1","Sweeping Beam+1"],"picked":"Cold Snap+1","floor":36},{"not_picked":["Stack","Undo+1"],"picked":"Tempest+1","floor":37},{"not_picked":["Creative AI","Hologram","Go for the Eyes+1"],"picked":"SKIP","floor":37},{"not_picked":["Steam Power+1","Redo+1","Rebound"],"picked":"SKIP","floor":39},{"not_picked":["Streamline","Coolheaded","Cold Snap"],"picked":"SKIP","floor":39},{"not_picked":["Echo Form","Rebound"],"picked":"Cold Snap","floor":42},{"not_picked":["Genetic Algorithm+1","Reinforced Body+1","White Noise+1"],"picked":"Singing Bowl","floor":45},{"not_picked":["Sweeping Beam","Heatsinks+1","Static Discharge"],"picked":"Singing Bowl","floor":47}],"player_experience":140106,"relics_obtained":[{"floor":5,"key":"Turnip"},{"floor":6,"key":"PreservedInsect"},{"floor":8,"key":"Bottled Lightning"},{"floor":9,"key":"Prayer Wheel"},{"floor":12,"key":"Centennial Puzzle"},{"floor":19,"key":"Red Mask"},{"floor":23,"key":"WingedGreaves"},{"floor":26,"key":"Whetstone"},{"floor":42,"key":"Oddly Smooth Stone"},{"floor":43,"key":"Singing Bowl"},{"floor":43,"key":"Art of War"},{"floor":45,"key":"Tiny Chest"},{"floor":46,"key":"Ancient Tea Set"},{"floor":46,"key":"Omamori"},{"floor":47,"key":"Toxic Egg 2"}],"event_choices":[{"event_name":"World of Goop","player_choice":"Gather Gold","floor":2,"damage_taken":0},{"event_name":"Shining Light","player_choice":"Entered Light","floor":10,"damage_taken":0},{"event_name":"Masked Bandits","player_choice":"Fought Bandits","floor":19,"damage_taken":0},{"event_name":"Back to Basics","player_choice":"Elegance","floor":24,"damage_taken":0},{"event_name":"Drug Dealer","player_choice":"Inject Mutagens","floor":28,"damage_taken":0},{"event_name":"Bonfire Elementals","player_choice":"RARE","floor":31,"damage_taken":0},{"event_name":"Golden Shrine","player_choice":"Pray","floor":38,"damage_taken":0},{"event_name":"Tomb of Lord Red Mask","player_choice":"Ignored","floor":44,"damage_taken":0},{"event_name":"The Lab","player_choice":"Got Potions","floor":48,"damage_taken":0}],"is_beta":false,"boss_relics":[{"not_picked":["Calling Bell","Eternal Feather"],"picked":"Empty Cage"},{"not_picked":["Busted Crown","Nuclear Battery"],"picked":"Pandora\u0027s Box"}],"items_purged_floors":[],"is_endless":false,"potions_floor_spawned":[11,14,18,19,22,37,39,42],"ascension_level":4}