{"gold_per_floor":[117,130,130,146,160,194,194,229,229,229,263,280,290,310,310,409,409,419,419,436,436,99,99,132,132,205,12,39,39,54,86,86,181,181,198,216,17,0,19,53,53,80,80,95,129,145,179,253,253,253],"floor_reached":51,"playtime":6609,"items_purged":["Parasite","Defend_B"],"score":1085,"play_id":"fe42f2cb-f6de-4a2b-abb2-5f1dff3c1f56","local_time":"20190329123509","is_ascension_mode":true,"campfire_choices":[{"floor":7,"key":"REST"},{"data":"Defragment","floor":10,"key":"SMITH"},{"floor":15,"key":"REST"},{"data":"Biased Cognition","floor":23,"key":"SMITH"},{"data":"White Noise","floor":25,"key":"SMITH"},{"floor":32,"key":"REST"},{"floor":41,"key":"REST"},{"floor":49,"key":"REST"}],"neow_cost":"NONE","seed_source_timestamp":975211401308,"circlet_count":0,"master_deck":["Strike_B+1","Strike_B+1","Strike_B","Defend_B","Defend_B","Defend_B","Zap","Dualcast","Glacier","Turbo","Barrage","Biased Cognition+1","Defragment+1","White Noise+1","FTL","Genetic Algorithm","Hologram","Coolheaded","Echo Form","BootSequence","Force Field","Ball Lightning","BootSequence","Loop","Melter+1","Turbo+1","Finesse","Loop","Multi-Cast","Reboot","Steam Power","White Noise","Defragment","Coolheaded+1","White Noise+1","Consume","Cold Snap+1"],"relics":["Black Star","Bronze Scales","Pear","Meat on the Bone","Pen Nib","Question Card","Mercury Hourglass","Shuriken","Bottled Lightning","Busted Crown","Lee\u0027s Waffle","Calipers","Letter Opener","The Courier","Ornamental Fan","Happy Flower","Unceasing Top","Oddly Smooth Stone","StoneCalendar","Eternal Feather","Red Mask","Ice Cream","Singing Bowl","Peace Pipe","Dream Catcher","Smiling Mask","Whetstone","Bag of Marbles","Thread and Needle","Sundial","Gremlin Horn"],"potions_floor_usage":[5,6,6,28,31,33,36,39,39,45,46,50],"damage_taken":[{"damage":1,"enemies":"Cultist","floor":1,"turns":4},{"damage":2,"enemies":"Jaw Worm","floor":2,"turns":5},{"damage":8,"enemies":"2 Louse","floor":4,"turns":1},{"damage":25,"enemies":"Lots of Slimes","floor":5,"turns":4},{"damage":13,"enemies":"3 Sentries","floor":6,"turns":7},{"damage":8,"enemies":"Lagavulin","floor":8,"turns":9},{"damage":25,"enemies":"3 Sentries","floor":11,"turns":5},{"damage":12,"enemies":"Large Slime","floor":12,"turns":4},{"damage":4,"enemies":"Blue Slaver","floor":13,"turns":3},{"damage":2,"enemies":"3 Louse","floor":14,"turns":3},{"damage":23,"enemies":"Hexaghost","floor":16,"turns":10},{"damage":1,"enemies":"Spheric Guardian","floor":18,"turns":4},{"damage":17,"enemies":"Chosen","floor":20,"turns":6},{"damage":26,"enemies":"Slavers","floor":24,"turns":5},{"damage":0,"enemies":"Gremlin Leader","floor":28,"turns":6},{"damage":0,"enemies":"Snecko","floor":30,"turns":5},{"damage":7,"enemies":"Book of Stabbing","floor":31,"turns":4},{"damage":0,"enemies":"Automaton","floor":33,"turns":11},{"damage":1,"enemies":"3 Shapes","floor":35,"turns":5},{"damage":11,"enemies":"3 Darklings","floor":36,"turns":6},{"damage":5,"enemies":"Maw","floor":39,"turns":8},{"damage":49,"enemies":"Reptomancer","floor":40,"turns":6},{"damage":0,"enemies":"Giant Head","floor":42,"turns":10},{"damage":0,"enemies":"Spire Growth","floor":44,"turns":5},{"damage":12,"enemies":"Nemesis","floor":45,"turns":7},{"damage":0,"enemies":"Transient","floor":46,"turns":5},{"damage":68,"enemies":"Reptomancer","floor":47,"turns":6},{"damage":17,"enemies":"Awakened One","floor":50,"turns":11}],"seed_played":"-2064524540743226024","potions_obtained":[{"floor":2,"key":"SkillPotion"},{"floor":4,"key":"Strength Potion"},{"floor":5,"key":"Regen Potion"},{"floor":6,"key":"SmokeBomb"},{"floor":16,"key":"GamblersBrew"},{"floor":20,"key":"PowerPotion"},{"floor":24,"key":"Regen Potion"},{"floor":35,"key":"Dexterity Potion"},{"floor":36,"key":"EssenceOfSteel"},{"floor":42,"key":"SteroidPotion"},{"floor":44,"key":"Block Potion"},{"floor":45,"key":"Weak Potion"}],"is_trial":false,"path_per_floor":["?","?","?","?","M","$","?","T"],"character_chosen":"DEFECT","items_purchased":["Loop","Lee\u0027s Waffle","Ornamental Fan","Defragment","Regen Potion"],"campfire_rested":5,"item_purchase_floors":[22,22,27,37,37],"current_hp_per_floor":[74,72,72,64,39,51,76,68,68,68,43,43,51,49,74,51,85,84,84,67,67,89,89,63,63,63,63,78,54,54,47,73,73,89,88,77,77,77,87,50,89,89,89,91,81,83,29,29,79,62],"gold":253,"neow_bonus":"BOSS_RELIC","is_prod":false,"is_daily":false,"chose_seed":false,"campfire_upgraded":3,"win_rate":0,"timestamp":1553859309,"path_taken":["M","M","?","M","M","E","R","E","T","R","E","M","M","M","R","BOSS","M","?","M","?","$","R","E","R","T","$","E","?","?","E","R","BOSS","M","M","?","?","M","E","R","E","T","M","E","M","E","?","R","BOSS"],"build_version":"2019-01-23","purchased_purges":2,"victory":true,"max_hp_per_floor":[75,75,75,75,75,85,85,85,85,85,85,85,85,85,85,85,85,85,85,85,85,89,89,89,89,89,89,89,89,89,89,89,89,89,89,89,89,89,89,89,89,89,89,91,93,95,97,97,97,97],"card_choices":[{"not_picked":["Sweeping Beam","Gash"],"picked":"Glacier","floor":1},{"not_picked":["Steam","Sweeping Beam"],"picked":"Turbo","floor":2},{"not_picked":["Stack","Lockon"],"picked":"Barrage","floor":4},{"not_picked":["Gash","Sweeping Beam"],"picked":"Biased Cognition","floor":5},{"not_picked":["Stack","Thunder Strike"],"picked":"Defragment","floor":6},{"not_picked":["Consume","Turbo"],"picked":"White Noise","floor":8},{"not_picked":["Coolheaded","Sweeping Beam","Self Repair"],"picked":"FTL","floor":11},{"not_picked":["Reprogram","Static Discharge","Aggregate"],"picked":"Genetic Algorithm","floor":12},{"not_picked":["Doom and Gloom","Turbo","Fission"],"picked":"Hologram","floor":13},{"not_picked":["Doom and Gloom","Reprogram","Stack"],"picked":"Coolheaded","floor":14},{"not_picked":["Rainbow","Fission","Creative AI"],"picked":"Echo Form","floor":16},{"not_picked":["Steam"],"picked":"BootSequence","floor":18},{"not_picked":["Steam"],"picked":"Ball Lightning","floor":20},{"not_picked":["Coolheaded"],"picked":"Melter+1","floor":24},{"not_picked":["Redo+1"],"picked":"Turbo+1","floor":28},{"not_picked":["Streamline"],"picked":"Loop","floor":30},{"not_picked":["Leap"],"picked":"Multi-Cast","floor":31},{"not_picked":["Meteor Strike"],"picked":"Reboot","floor":33},{"not_picked":["Go for the Eyes"],"picked":"Steam Power","floor":35},{"not_picked":["Chill+1"],"picked":"White Noise","floor":36},{"not_picked":["Rebound"],"picked":"Coolheaded+1","floor":39},{"not_picked":["Chill+1"],"picked":"White Noise+1","floor":40},{"not_picked":["Seek"],"picked":"Consume","floor":42},{"not_picked":["Steam","Gash"],"picked":"Singing Bowl","floor":44},{"not_picked":["Leap+1","Ball Lightning+1"],"picked":"Singing Bowl","floor":45},{"not_picked":["Double Energy","Chaos"],"picked":"Singing Bowl","floor":46},{"not_picked":["Leap+1","Tempest+1"],"picked":"Singing Bowl","floor":47},{"not_picked":["Barrage"],"picked":"Cold Snap+1","floor":49}],"player_experience":159813,"relics_obtained":[{"floor":6,"key":"Pear"},{"floor":6,"key":"Meat on the Bone"},{"floor":8,"key":"Pen Nib"},{"floor":8,"key":"Question Card"},{"floor":9,"key":"Mercury Hourglass"},{"floor":11,"key":"Shuriken"},{"floor":11,"key":"Bottled Lightning"},{"floor":24,"key":"Calipers"},{"floor":24,"key":"Letter Opener"},{"floor":26,"key":"The Courier"},{"floor":28,"key":"Happy Flower"},{"floor":28,"key":"Unceasing Top"},{"floor":31,"key":"Oddly Smooth Stone"},{"floor":31,"key":"StoneCalendar"},{"floor":40,"key":"Ice Cream"},{"floor":40,"key":"Singing Bowl"},{"floor":42,"key":"Peace Pipe"},{"floor":42,"key":"Dream Catcher"},{"floor":43,"key":"Smiling Mask"},{"floor":45,"key":"Whetstone"},{"floor":45,"key":"Bag of Marbles"},{"floor":47,"key":"Thread and Needle"},{"floor":47,"key":"Sundial"},{"floor":48,"key":"Gremlin Horn"}],"event_choices":[{"damage_healed":0,"gold_gain":0,"player_choice":"Box","damage_taken":0,"relics_obtained":["Bronze Scales"],"max_hp_gain":0,"max_hp_loss":0,"event_name":"Big Fish","floor":3,"gold_loss":0,"cards_obtained":["Regret"]},{"damage_healed":0,"gold_gain":0,"player_choice":"Read","damage_taken":0,"max_hp_gain":0,"max_hp_loss":0,"event_name":"The Library","floor":19,"gold_loss":0,"cards_obtained":["Force Field"]},{"damage_healed":0,"gold_gain":0,"cards_transformed":["Regret","Strike_B"],"player_choice":"Became Test Subject","damage_taken":0,"max_hp_gain":0,"max_hp_loss":0,"event_name":"Drug Dealer","floor":21,"gold_loss":0,"cards_obtained":["Parasite","BootSequence"]},{"damage_healed":0,"gold_gain":0,"player_choice":"CARD POTION ","damage_taken":24,"max_hp_gain":0,"max_hp_loss":0,"event_name":"Knowing Skull","floor":29,"potions_obtained":["FairyPotion"],"gold_loss":0,"cards_obtained":["Finesse"]},{"damage_healed":0,"gold_gain":0,"player_choice":"Paid","damage_taken":0,"relics_obtained":["Red Mask"],"max_hp_gain":0,"max_hp_loss":0,"event_name":"Tomb of Lord Red Mask","floor":38,"gold_loss":17}],"is_beta":false,"boss_relics":[{"not_picked":["Philosopher\u0027s Stone","Runic Dome"],"picked":"Busted Crown"},{"not_picked":["Snecko Eye","Velvet Choker"],"picked":"Eternal Feather"}],"items_purged_floors":[22,37],"is_endless":false,"potions_floor_spawned":[2,4,5,6,16,20,24,30,35,36,42,44,45],"ascension_level":2}