{"gold_per_floor":[115,115,190,46,46,46,65,215,215,215,228,228,269,290,290,380,380,380],"floor_reached":18,"playtime":1891,"items_purged":[],"score":308,"play_id":"7a0eac76-2b30-470a-8cc9-2d580a3a6f60","local_time":"20190328185431","is_ascension_mode":true,"campfire_choices":[{"floor":6.0,"key":"REST"},{"data":"Hello World","floor":10.0,"key":"SMITH"},{"data":"White Noise","floor":12.0,"key":"SMITH"},{"floor":15,"key":"REST"}],"neow_cost":"NONE","seed_source_timestamp":681479375214679,"circlet_count":0,"master_deck":["AscendersBane","Strike_B","Defend_B","Defend_B","Defend_B","Defend_B","Zap","Dualcast","Redo","White Noise+1","Hello World+1","Coolheaded","Doubt","FTL","Buffer+1","Leap"],"special_seed":0,"relics":["Empty Cage","Golden Idol","Smiling Mask","Frozen Egg 2","Eternal Feather"],"potions_floor_usage":[13,13],"damage_taken":[{"damage":7.0,"enemies":"Small Slimes","floor":1.0,"turns":5.0},{"damage":7.0,"enemies":"2 Louse","floor":7.0,"turns":3.0},{"damage":8.0,"enemies":"Jaw Worm","floor":11.0,"turns":4.0},{"damage":47,"enemies":"Gremlin Nob","floor":13,"turns":4},{"damage":0,"enemies":"Blue Slaver","floor":14,"turns":6},{"damage":20,"enemies":"The Guardian","floor":16,"turns":16},{"damage":48,"enemies":"3 Byrds","floor":18,"turns":4}],"seed_played":"-7942289296276515075","potions_obtained":[{"floor":7.0,"key":"Swift Potion"}],"is_trial":false,"path_per_floor":["M","?","?","$","?","R","M","?","T","R","M","R","E","M","R","B",null,"M"],"character_chosen":"DEFECT","items_purchased":["White Noise","AttackPotion"],"campfire_rested":2,"item_purchase_floors":[4,4],"current_hp_per_floor":[57,57,46,46,46,64,57,57,57,57,49,49,2,2,21,1,48,0],"gold":380,"neow_bonus":"BOSS_RELIC","is_prod":false,"is_daily":false,"chose_seed":false,"campfire_upgraded":2,"win_rate":0,"timestamp":1553817271,"path_taken":["M","?","?","$","?","R","M","?","T","R","M","R","E","?","R","BOSS","M"],"build_version":"2019-01-23","purchased_purges":0,"victory":false,"max_hp_per_floor":[71,64,64,64,64,64,64,64,64,64,64,64,64,64,64,64,64,64],"card_choices":[{"not_picked":["Fusion","Lockon"],"picked":"Redo","floor":1.0},{"not_picked":["Go for the Eyes","Barrage"],"picked":"Coolheaded","floor":7.0},{"not_picked":["Steam Power","Sweeping Beam"],"picked":"FTL","floor":11.0},{"not_picked":["Aggregate","Ball Lightning"],"picked":"Buffer","floor":13},{"not_picked":["BootSequence","Hologram"],"picked":"Leap","floor":14}],"player_experience":854527,"relics_obtained":[{"floor":9.0,"key":"Smiling Mask"},{"floor":13,"key":"Frozen Egg 2"}],"event_choices":[{"damage_healed":0.0,"max_hp_gain":0.0,"max_hp_loss":7.0,"gold_gain":0.0,"event_name":"Golden Idol","player_choice":"Lose Max HP","floor":2.0,"gold_loss":0.0,"damage_taken":0.0,"relics_obtained":["Golden Idol"]},{"damage_healed":0.0,"max_hp_gain":0.0,"max_hp_loss":0.0,"gold_gain":75.0,"event_name":"World of Goop","player_choice":"Gather Gold","floor":3.0,"gold_loss":0.0,"damage_taken":11.0},{"damage_healed":0.0,"max_hp_gain":0.0,"max_hp_loss":0.0,"gold_gain":0.0,"cards_transformed":["Strike_B"],"event_name":"Living Wall","player_choice":"Change","floor":5.0,"gold_loss":0.0,"damage_taken":0.0,"cards_obtained":["Hello World"]},{"damage_healed":0.0,"max_hp_gain":0.0,"max_hp_loss":0.0,"gold_gain":150.0,"event_name":"Liars Game","player_choice":"AGREE","floor":8.0,"gold_loss":0.0,"damage_taken":0.0,"cards_obtained":["Doubt"]}],"is_beta":false,"boss_relics":[{"not_picked":["Calling Bell","Coffee Dripper"],"picked":"Eternal Feather"}],"items_purged_floors":[],"is_endless":false,"potions_floor_spawned":[7],"killed_by":"3 Byrds","ascension_level":19}