{"gold_per_floor":[112,112,131,210,226,226,265,230,257,282,313,338,338,356,356,477,477,500,525,525,525,544,577,59,141,217,132,132,156,170,190,190,311,311,325,346,346,369,369],"floor_reached":39,"playtime":6825,"items_purged":[],"score":490,"play_id":"5bb2dade-3d89-46a1-9022-d575281238e0","local_time":"20190331215253","is_ascension_mode":false,"campfire_choices":[{"data":"All Out Attack","floor":6.0,"key":"SMITH"},{"floor":13.0,"key":"REST"},{"data":"Dodge and Roll","floor":15.0,"key":"SMITH"},{"floor":28.0,"key":"REST"},{"floor":32.0,"key":"REST"}],"neow_cost":"NONE","seed_source_timestamp":0,"circlet_count":0,"master_deck":["Defend_G","Defend_G","Defend_G","Defend_G","Strike_G","Strike_G+1","Strike_G","Survivor","Neutralize","Flying Knee+1","All Out Attack+1","Dodge and Roll+1","Dagger Throw","Flying Knee","Flying Knee","Blade Dance","Flying Knee","Malaise","Quick Slash+1","Adrenaline+1","Malaise+1","Blade Dance+1","Backflip","Dash","Expertise","Dagger Spray","Underhanded Strike","Panache","Backflip","Infinite Blades","Flash of Steel","Crippling Poison","Flying Knee+1","Finisher","Flechettes","Night Terror","Deadly Poison","Backstab+1","Dodge and Roll+1"],"special_seed":0,"relics":["Ring of the Snake","Golden Idol","Bronze Scales","Whetstone","Bottled Lightning","Astrolabe","Strawberry","Pantograph","Bottled Tornado","Torii","Lizard Tail"],"potions_floor_usage":[39,39],"damage_taken":[{"damage":4.0,"enemies":"2 Louse","floor":1.0,"turns":2.0},{"damage":2.0,"enemies":"Small Slimes","floor":3.0,"turns":4.0},{"damage":2.0,"enemies":"Jaw Worm","floor":5.0,"turns":3.0},{"damage":24.0,"enemies":"3 Sentries","floor":7.0,"turns":6.0},{"damage":0.0,"enemies":"2 Fungi Beasts","floor":10.0,"turns":2.0},{"damage":21.0,"enemies":"Lagavulin","floor":11.0,"turns":6.0},{"damage":0.0,"enemies":"Large Slime","floor":12.0,"turns":4.0},{"damage":1.0,"enemies":"Looter","floor":14.0,"turns":3.0},{"damage":40.0,"enemies":"Hexaghost","floor":16.0,"turns":11.0},{"damage":0.0,"enemies":"Chosen","floor":18.0,"turns":5.0},{"damage":13.0,"enemies":"2 Thieves","floor":19.0,"turns":4.0},{"damage":4.0,"enemies":"Snecko","floor":22.0,"turns":7.0},{"damage":26.0,"enemies":"Gremlin Leader","floor":23.0,"turns":11.0},{"damage":2.0,"enemies":"Sentry and Sphere","floor":29.0,"turns":4.0},{"damage":6.0,"enemies":"Centurion and Healer","floor":30.0,"turns":5.0},{"damage":11.0,"enemies":"Snecko","floor":31.0,"turns":5.0},{"damage":71.0,"enemies":"Champ","floor":33.0,"turns":16.0},{"damage":23.0,"enemies":"3 Darklings","floor":35.0,"turns":6.0},{"damage":2,"enemies":"Orb Walker","floor":36,"turns":4},{"damage":43,"enemies":"3 Darklings","floor":38,"turns":6},{"damage":70,"enemies":"2 Orb Walkers","floor":39,"turns":5}],"seed_played":"6773461817513218728","potions_obtained":[{"floor":3.0,"key":"Strength Potion"},{"floor":5.0,"key":"SteroidPotion"},{"floor":7.0,"key":"Regen Potion"},{"floor":10.0,"key":"Poison Potion"},{"floor":16.0,"key":"Dexterity Potion"},{"floor":23.0,"key":"SkillPotion"},{"floor":30.0,"key":"Swift Potion"},{"floor":33.0,"key":"GhostInAJar"}],"is_trial":false,"path_per_floor":["M","?","M","?","M","R","E","?","T","M","E","M","R","M","R","B",null,"M","M","?","?","M","E","$","T","T","?","R","M","M","M","R","B",null,"M","M","?","M","?"],"character_chosen":"THE_SILENT","items_purchased":["Underhanded Strike","Panache","Backflip","Infinite Blades","Flash of Steel","Crippling Poison"],"campfire_rested":3,"item_purchase_floors":[24,24,24,24,24,24],"current_hp_per_floor":[73,71,69,69,67,67,43,60,60,60,39,39,60,59,59,19,71,71,58,58,58,54,35,35,35,35,35,58,56,50,39,62,7,78,55,53,53,10,0],"gold":369,"neow_bonus":"TEN_PERCENT_HP_BONUS","is_prod":false,"is_daily":false,"chose_seed":false,"campfire_upgraded":2,"win_rate":0.0,"timestamp":1554083573,"path_taken":["M","?","M","?","M","R","E","?","T","M","E","M","R","M","R","BOSS","M","M","?","?","M","E","$","?","T","?","R","M","M","M","R","BOSS","M","M","?","M","?"],"build_version":"2019-01-23","purchased_purges":0,"victory":false,"max_hp_per_floor":[77,71,71,71,71,71,71,71,71,71,71,71,71,71,71,71,71,71,71,71,71,71,78,78,78,78,78,78,78,78,78,78,78,78,78,78,74,74,74],"card_choices":[{"not_picked":["Prepared","Calculated Gamble"],"picked":"Flying Knee","floor":1.0},{"not_picked":["Blade Dance","Skewer"],"picked":"All Out Attack","floor":3.0},{"not_picked":["Poisoned Stab","Caltrops"],"picked":"Dodge and Roll","floor":5.0},{"not_picked":["Blur","Deflect"],"picked":"Dagger Throw","floor":7.0},{"not_picked":["Quick Slash","After Image"],"picked":"Flying Knee","floor":10.0},{"not_picked":["Dodge and Roll","PiercingWail"],"picked":"Flying Knee","floor":11.0},{"not_picked":["Slice","Prepared"],"picked":"Blade Dance","floor":12.0},{"not_picked":["Quick Slash","Blade Dance"],"picked":"Flying Knee","floor":14.0},{"not_picked":["Burst","Doppelganger"],"picked":"Malaise","floor":16.0},{"not_picked":["Poisoned Stab","Flying Knee"],"picked":"Blade Dance+1","floor":18.0},{"not_picked":["Dagger Spray","Eviscerate"],"picked":"Backflip","floor":19.0},{"not_picked":["A Thousand Cuts","PiercingWail"],"picked":"Expertise","floor":22.0},{"not_picked":["Blade Dance","After Image"],"picked":"Dagger Spray","floor":23.0},{"not_picked":["Eviscerate","Caltrops"],"picked":"Flying Knee+1","floor":29.0},{"not_picked":["Slice","PiercingWail"],"picked":"Finisher","floor":30.0},{"not_picked":["Dodge and Roll","Leg Sweep"],"picked":"Flechettes","floor":31.0},{"not_picked":["Phantasmal Killer","Envenom"],"picked":"Night Terror","floor":33.0},{"not_picked":["Dodge and Roll","Prepared"],"picked":"Deadly Poison","floor":35.0},{"not_picked":["Terror","Deadly Poison"],"picked":"Backstab+1","floor":36},{"not_picked":["Quick Slash+1","Dagger Spray+1"],"picked":"Dodge and Roll+1","floor":38}],"player_experience":2605,"relics_obtained":[{"floor":7.0,"key":"Bronze Scales"},{"floor":9.0,"key":"Whetstone"},{"floor":11.0,"key":"Bottled Lightning"},{"floor":23.0,"key":"Strawberry"},{"floor":25.0,"key":"Pantograph"},{"floor":26.0,"key":"Bottled Tornado"}],"event_choices":[{"damage_healed":0.0,"max_hp_gain":0.0,"max_hp_loss":6.0,"gold_gain":0.0,"event_name":"Golden Idol","player_choice":"Lose Max HP","floor":2.0,"gold_loss":0.0,"damage_taken":0.0,"relics_obtained":["Golden Idol"]},{"damage_healed":0.0,"max_hp_gain":0.0,"max_hp_loss":0.0,"gold_gain":79.0,"event_name":"Golden Wing","player_choice":"Gained Gold","floor":4.0,"gold_loss":0.0,"damage_taken":0.0},{"damage_healed":17.0,"max_hp_gain":0.0,"max_hp_loss":0.0,"gold_gain":0.0,"event_name":"The Cleric","player_choice":"Healed","floor":8.0,"gold_loss":35.0,"damage_taken":0.0},{"damage_healed":0.0,"max_hp_gain":0.0,"max_hp_loss":0.0,"gold_gain":0.0,"event_name":"Vampires","player_choice":"Ignored","floor":20.0,"gold_loss":0.0,"damage_taken":0.0},{"damage_healed":0.0,"max_hp_gain":0.0,"max_hp_loss":0.0,"gold_gain":0.0,"event_name":"The Library","player_choice":"Read","floor":21.0,"gold_loss":0.0,"damage_taken":0.0,"cards_obtained":["Dash"]},{"damage_healed":0.0,"max_hp_gain":0.0,"max_hp_loss":0.0,"gold_gain":0.0,"event_name":"Addict","player_choice":"Obtained Relic","floor":27.0,"gold_loss":85.0,"damage_taken":0.0,"relics_obtained":["Torii"]},{"damage_healed":0,"gold_gain":0,"player_choice":"Max HP","damage_taken":0,"max_hp_gain":0,"max_hp_loss":4,"event_name":"Winding Halls","floor":37,"gold_loss":0},{"damage_healed":0,"gold_gain":0,"player_choice":"Fight","damage_taken":0,"max_hp_gain":0,"max_hp_loss":0,"event_name":"Mysterious Sphere","floor":39,"gold_loss":0}],"is_beta":false,"boss_relics":[{"not_picked":["Eternal Feather","Snecko Eye"],"picked":"Astrolabe"},{"not_picked":["Calling Bell","Velvet Choker"],"picked":"Lizard Tail"}],"items_purged_floors":[],"is_endless":false,"potions_floor_spawned":[3,5,7,10,16,23,30,33,35,36],"killed_by":"2 Orb Walkers","ascension_level":0}