{"gold_per_floor":[111,121,132,150,40,40,5,30,108,137,137,3,3,32,32,129,129,142,173,123,123,133,158,158,189,189,203,219,232,232,244,244,339,339,359,359,379,393,404,404,414,213,284,284,304,304,320,332,332,332],"floor_reached":51,"playtime":3462,"items_purged":["Strike_B","Glacier"],"score":769,"play_id":"7e2a0f64-97ea-4b8c-8e5d-6a3942ac5e1b","local_time":"20190325202816","is_ascension_mode":true,"campfire_choices":[{"data":"Static Discharge","floor":6.0,"key":"SMITH"},{"data":"Chaos","floor":11.0,"key":"SMITH"},{"data":"Static Discharge","floor":13.0,"key":"SMITH"},{"data":"Zap","floor":15.0,"key":"SMITH"},{"floor":24.0,"key":"REST"},{"data":"Thunder Strike","floor":30.0,"key":"SMITH"},{"data":"Double Energy","floor":32.0,"key":"SMITH"},{"data":"Capacitor","floor":40.0,"key":"SMITH"},{"data":"Conserve Battery","floor":44,"key":"SMITH"},{"floor":46,"key":"REST"},{"floor":49,"key":"REST"}],"neow_cost":"NONE","seed_source_timestamp":0,"circlet_count":0,"master_deck":["Zap+1","Dualcast","Barrage","Chaos+1","Cold Snap","Tempest","Static Discharge+1","Ball Lightning","Core Surge","Static Discharge+1","Conserve Battery","Conserve Battery+1","Thunder Strike+1","Auto Shields","Amplify","Undo","Turbo","Meteor Strike","Double Energy+1","Rebound","Rebound","Rebound","Conserve Battery","Ball Lightning","Conserve Battery+1","Tempest","Rebound+1","Electrodynamics","Static Discharge+1","Capacitor+1","Thunder Strike","Leap+1","Leap+1"],"special_seed":0,"relics":["Eternal Feather","Emotion Chip","Meat on the Bone","Strawberry","Bag of Preparation","Pandora\u0027s Box","Red Mask","Dream Catcher","Vajra","Bag of Marbles","Philosopher\u0027s Stone","Cables"],"potions_floor_usage":[41,41,47,47,50,50],"damage_taken":[{"damage":1.0,"enemies":"Jaw Worm","floor":1.0,"turns":4.0},{"damage":0.0,"enemies":"Small Slimes","floor":2.0,"turns":4.0},{"damage":7.0,"enemies":"2 Louse","floor":3.0,"turns":3.0},{"damage":7.0,"enemies":"Blue Slaver","floor":4.0,"turns":4.0},{"damage":17.0,"enemies":"Lagavulin","floor":8.0,"turns":5.0},{"damage":11.0,"enemies":"3 Sentries","floor":10.0,"turns":5.0},{"damage":21.0,"enemies":"Lagavulin","floor":14.0,"turns":4.0},{"damage":32.0,"enemies":"The Guardian","floor":16.0,"turns":6.0},{"damage":16.0,"enemies":"2 Thieves","floor":18.0,"turns":4.0},{"damage":5.0,"enemies":"Masked Bandits","floor":19.0,"turns":2.0},{"damage":4.0,"enemies":"Chosen","floor":22.0,"turns":3.0},{"damage":44.0,"enemies":"Slavers","floor":23.0,"turns":8.0},{"damage":11.0,"enemies":"Gremlin Leader","floor":25.0,"turns":8.0},{"damage":3.0,"enemies":"Snecko","floor":27.0,"turns":3.0},{"damage":11.0,"enemies":"Centurion and Healer","floor":28.0,"turns":7.0},{"damage":13.0,"enemies":"Chosen and Byrds","floor":29.0,"turns":4.0},{"damage":3.0,"enemies":"Snecko","floor":31.0,"turns":4.0},{"damage":48.0,"enemies":"Collector","floor":33.0,"turns":8.0},{"damage":14.0,"enemies":"3 Shapes","floor":35.0,"turns":4.0},{"damage":4.0,"enemies":"Orb Walker","floor":37.0,"turns":3.0},{"damage":36.0,"enemies":"3 Darklings","floor":38.0,"turns":3.0},{"damage":27.0,"enemies":"Jaw Worm Horde","floor":39.0,"turns":4.0},{"damage":20,"enemies":"Writhing Mass","floor":41,"turns":5},{"damage":29,"enemies":"Spire Growth","floor":45,"turns":4},{"damage":26,"enemies":"Maw","floor":47,"turns":4},{"damage":8,"enemies":"4 Shapes","floor":48,"turns":4},{"damage":73,"enemies":"Time Eater","floor":50,"turns":6}],"seed_played":"224302518840664341","potions_obtained":[{"floor":4.0,"key":"Strength Potion"},{"floor":8.0,"key":"Ancient Potion"},{"floor":10.0,"key":"Strength Potion"},{"floor":18.0,"key":"Fruit Juice"},{"floor":19.0,"key":"Weak Potion"},{"floor":28.0,"key":"SpeedPotion"},{"floor":29.0,"key":"Weak Potion"},{"floor":35.0,"key":"AttackPotion"},{"floor":38.0,"key":"FearPotion"},{"floor":39.0,"key":"PowerPotion"},{"floor":47,"key":"Energy Potion"}],"is_trial":false,"path_per_floor":["M","M","M","M","$","R","?","E","T","E","R","$","R","E","R","B",null,"M","?","$","?","M","E","R","E","T","M","M","M","R","M","R","B",null,"M","?","M","M","M","R","M","$","T","R","M","R","M","M","R","B",null],"character_chosen":"DEFECT","items_purchased":["Static Discharge","Static Discharge","Conserve Battery","AttackPotion","PowerPotion","Fire Potion","Energy Potion"],"campfire_rested":3,"item_purchase_floors":[5,12,12,12,20,42,42],"current_hp_per_floor":[74,74,67,60,60,66,75,58,58,54,63,63,72,51,60,40,82,71,66,66,66,62,30,68,57,57,54,55,54,69,66,81,45,87,73,73,69,45,30,48,40,40,40,58,41,85,59,51,87,26],"gold":332,"neow_bonus":"BOSS_RELIC","is_prod":false,"is_daily":false,"chose_seed":false,"campfire_upgraded":8,"win_rate":0,"timestamp":1553570896,"path_taken":["M","M","M","M","$","R","?","E","T","E","R","$","R","E","R","BOSS","M","?","$","?","M","E","R","E","T","M","M","M","R","M","R","BOSS","M","?","M","M","M","R","M","?","T","R","M","R","M","M","R","BOSS"],"build_version":"2019-01-23","purchased_purges":2,"victory":true,"max_hp_per_floor":[75,75,75,75,75,75,75,75,75,82,82,82,82,82,82,82,82,87,87,87,87,87,87,87,87,87,87,87,87,87,87,87,87,87,87,87,87,87,87,87,87,87,87,87,87,87,87,87,87,87],"card_choices":[{"not_picked":["Hologram","Reprogram"],"picked":"Barrage","floor":1.0},{"not_picked":["Compile Driver","Steam Power"],"picked":"Chaos","floor":2.0},{"not_picked":["Sweeping Beam","Ball Lightning"],"picked":"Cold Snap","floor":3.0},{"not_picked":["Gash","Loop"],"picked":"Tempest","floor":4.0},{"not_picked":["Rip and Tear","Steam"],"picked":"Ball Lightning","floor":8.0},{"not_picked":["Gash","Conserve Battery"],"picked":"Core Surge","floor":10.0},{"not_picked":["Blizzard","Loop"],"picked":"Conserve Battery","floor":14.0},{"not_picked":["Seek","Echo Form"],"picked":"Thunder Strike","floor":16.0},{"not_picked":["Coolheaded","Steam"],"picked":"Rebound","floor":18.0},{"not_picked":["Coolheaded","Double Energy"],"picked":"Rebound","floor":19.0},{"not_picked":["Darkness","Force Field","Coolheaded+1"],"picked":"SKIP","floor":22.0},{"not_picked":["Reprogram","Blizzard+1"],"picked":"Rebound","floor":23.0},{"not_picked":["Recycle+1","Genetic Algorithm"],"picked":"Conserve Battery","floor":24.0},{"not_picked":["FTL","Steam"],"picked":"Ball Lightning","floor":25.0},{"not_picked":["Barrage","Beam Cell+1"],"picked":"Conserve Battery+1","floor":27.0},{"not_picked":["Compile Driver","Stack"],"picked":"Tempest","floor":28.0},{"not_picked":["Turbo","FTL"],"picked":"Rebound+1","floor":29.0},{"not_picked":["Streamline","Beam Cell","Leap"],"picked":"SKIP","floor":31.0},{"not_picked":["Thunder Strike","Amplify"],"picked":"Electrodynamics","floor":33.0},{"not_picked":["Coolheaded+1","Gash"],"picked":"Static Discharge+1","floor":35.0},{"not_picked":["Sunder+1","Streamline","Melter"],"picked":"SKIP","floor":37.0},{"not_picked":["Sweeping Beam+1","Ball Lightning"],"picked":"Capacitor","floor":38.0},{"not_picked":["Skim","Steam+1","Stack"],"picked":"SKIP","floor":39.0},{"not_picked":["Reinforced Body","BootSequence","Compile Driver"],"picked":"SKIP","floor":41},{"not_picked":["Cold Snap+1","Capacitor+1","White Noise"],"picked":"SKIP","floor":45},{"not_picked":["Ball Lightning","Barrage+1"],"picked":"Thunder Strike","floor":46},{"not_picked":["Blizzard+1","Go for the Eyes+1"],"picked":"Leap+1","floor":47},{"not_picked":["Compile Driver+1","Double Energy","Ball Lightning"],"picked":"SKIP","floor":48},{"not_picked":["Steam+1","Cold Snap"],"picked":"Leap+1","floor":49}],"player_experience":229159,"relics_obtained":[{"floor":8.0,"key":"Emotion Chip"},{"floor":9.0,"key":"Meat on the Bone"},{"floor":10.0,"key":"Strawberry"},{"floor":14.0,"key":"Bag of Preparation"},{"floor":19.0,"key":"Red Mask"},{"floor":23.0,"key":"Dream Catcher"},{"floor":25.0,"key":"Vajra"},{"floor":26.0,"key":"Bag of Marbles"},{"floor":43,"key":"Cables"}],"event_choices":[{"damage_healed":18.0,"max_hp_gain":0.0,"max_hp_loss":0.0,"gold_gain":0.0,"event_name":"The Cleric","player_choice":"Healed","floor":7.0,"gold_loss":35.0,"damage_taken":0.0},{"damage_healed":0.0,"max_hp_gain":0.0,"max_hp_loss":0.0,"gold_gain":0.0,"event_name":"Masked Bandits","player_choice":"Fought Bandits","floor":19.0,"gold_loss":0.0,"damage_taken":0.0},{"damage_healed":0.0,"max_hp_gain":0.0,"max_hp_loss":0.0,"gold_gain":0.0,"event_name":"Vampires","player_choice":"Ignored","floor":21.0,"gold_loss":0.0,"damage_taken":0.0},{"damage_healed":0.0,"max_hp_gain":0.0,"max_hp_loss":0.0,"gold_gain":0.0,"event_name":"SensoryStone","player_choice":"Memory 1","floor":36.0,"gold_loss":0.0,"damage_taken":0.0}],"is_beta":false,"boss_relics":[{"not_picked":["Coffee Dripper","Nuclear Battery"],"picked":"Pandora\u0027s Box"},{"not_picked":["Lizard Tail","Snecko Eye"],"picked":"Philosopher\u0027s Stone"}],"items_purged_floors":[5,42],"is_endless":false,"potions_floor_spawned":[4,8,10,14,16,18,19,28,29,35,38,39,47],"ascension_level":1}