{"path_per_floor":["M","$","$","M","M","R","E","$","T","M","?","R","?","?","R","B",null,"M","M","M","$","M","R","M","R","T","?","?","M"],"character_chosen":"DEFECT","items_purchased":["Static Discharge"],"gold_per_floor":[113,33,33,50,63,63,89,14,86,105,105,105,105,105,105,209,239,250,264,279,179,191,191,201,201,201,0,0,19,19],"floor_reached":30,"campfire_rested":3,"playtime":734,"current_hp_per_floor":[74,74,74,74,71,71,43,43,43,43,28,50,50,32,54,49,80,80,78,60,60,58,58,30,54,54,54,54,39,0],"items_purged":["Strike_B","Strike_B"],"gold":19,"score":276,"play_id":"47c230e3-4a73-4ab6-9222-00fe083d24ae","local_time":"20180519032641","is_prod":false,"is_daily":false,"chose_seed":false,"is_ascension_mode":true,"campfire_upgraded":1,"timestamp":1526693201,"campfire_choices":[{"data":"Static Discharge","floor":6,"key":"SMITH"},{"floor":12,"key":"REST"},{"floor":15,"key":"REST"},{"data":"Strike_B","floor":23,"key":"PURGE"},{"floor":25,"key":"REST"}],"path_taken":["M","?","$","M","?","R","E","$","T","M","?","R","?","?","R","BOSS","M","M","M","$","?","R","M","R","T","?","?","M","E"],"build_version":"2018-05-17","seed_source_timestamp":1184333790142722,"purchased_purges":2,"victory":false,"master_deck":["Defend_B+1","Defend_B+1","Defend_B","Zap","Dualcast+1","Sunder","Static Discharge+1","Rebound","Echo Form","Capacitor","Buffer","Capacitor+1"],"max_hp_per_floor":[75,75,75,75,75,75,75,75,75,75,75,75,75,75,75,75,80,80,80,80,80,80,80,80,80,80,80,80,80,80],"relics":["Cracked Core","Ancient Tea Set","Mercury Hourglass","Peace Pipe","Tiny House","Ice Cream"],"card_choices":[{"not_picked":["Axe Kick","Hologram"],"picked":"Sunder","floor":0},{"not_picked":["Leap","Ball Lightning","Skim"],"picked":"SKIP","floor":1},{"not_picked":["Stack","Go for the Eyes"],"picked":"Rebound","floor":4},{"not_picked":["Stack","Sweeping Beam","Darkness"],"picked":"SKIP","floor":5},{"not_picked":["Stack","Auto Shields"],"picked":"Echo Form","floor":7},{"not_picked":["Sweeping Beam","Leap"],"picked":"Capacitor","floor":10},{"not_picked":["Meteor Strike","Thunder Strike"],"picked":"Buffer","floor":16},{"not_picked":["Sweeping Beam","Reinforced Body+1","Rebound+1"],"picked":"SKIP","floor":18},{"not_picked":["Coolheaded","Streamline+1"],"picked":"Capacitor+1","floor":19},{"not_picked":["Go for the Eyes","Stack","Lockon"],"picked":"SKIP","floor":20},{"not_picked":["Capacitor","Sunder","Seek"],"picked":"SKIP","floor":22},{"not_picked":["Skim","Steam+1","Streamline"],"picked":"SKIP","floor":24},{"not_picked":["Genetic Algorithm","Beam Cell","Go for the Eyes"],"picked":"SKIP","floor":29}],"player_experience":77122,"potions_floor_usage":[7,16,19,19,22,30],"damage_taken":[{"damage":1,"enemies":"Cultist","floor":1,"turns":3},{"damage":0,"enemies":"Small Slimes","floor":4,"turns":1},{"damage":3,"enemies":"2 Louse","floor":5,"turns":2},{"damage":28,"enemies":"Gremlin Nob","floor":7,"turns":4},{"damage":0,"enemies":"2 Fungi Beasts","floor":10,"turns":1},{"damage":5,"enemies":"Slime Boss","floor":16,"turns":5},{"damage":0,"enemies":"Spheric Guardian","floor":18,"turns":3},{"damage":2,"enemies":"Chosen","floor":19,"turns":4},{"damage":18,"enemies":"3 Cultists","floor":20,"turns":5},{"damage":2,"enemies":"Snecko","floor":22,"turns":5},{"damage":28,"enemies":"Cultist and Chosen","floor":24,"turns":5},{"damage":15,"enemies":"Centurion and Healer","floor":29,"turns":5},{"damage":40,"enemies":"Book of Stabbing","floor":30,"turns":4}],"relics_obtained":[{"floor":7,"key":"Ancient Tea Set"},{"floor":9,"key":"Mercury Hourglass"},{"floor":26,"key":"Ice Cream"}],"event_choices":[{"event_name":"Shining Light","player_choice":"Entered Light","floor":11,"damage_taken":0},{"event_name":"Living Wall","player_choice":"Forget","floor":13,"damage_taken":0},{"event_name":"Scrap Ooze","player_choice":"success","floor":14,"damage_taken":18},{"event_name":"Masked Bandits","player_choice":"Paid Bandits 201 gold","floor":27,"damage_taken":0},{"event_name":"Back to Basics","player_choice":"Elegance","floor":28,"damage_taken":0}],"boss_relics":[{"not_picked":["Black Star","Ectoplasm"],"picked":"Tiny House"}],"potions_floor_spawned":[5,10,16,18,20,29],"seed_played":"-4391973196645500962","killed_by":"Book of Stabbing","ascension_level":4,"potions_obtained":[{"floor":5,"key":"AttackPotion"},{"floor":10,"key":"Block Potion"},{"floor":16,"key":"SteroidPotion"},{"floor":17,"key":"GamblersBrew"},{"floor":18,"key":"GamblersBrew"},{"floor":20,"key":"Swift Potion"},{"floor":29,"key":"Strength Potion"}],"is_trial":false}