{"gold_per_floor":[115,115,167,178,178,178,206,206,254,289,307,307,321,341,341,341],"floor_reached":16,"playtime":533,"items_purged":[],"score":263,"play_id":"952e910f-c5b4-4af0-859b-f19aac451bd7","local_time":"20190329160753","is_ascension_mode":true,"campfire_choices":[{"data":"Steam","floor":6,"key":"SMITH"},{"data":"Coolheaded","floor":8,"key":"SMITH"},{"floor":12,"key":"REST"},{"floor":15,"key":"REST"}],"neow_cost":"NONE","seed_source_timestamp":759418691734375,"circlet_count":0,"master_deck":["AscendersBane","Strike_B","Strike_B","Strike_B","Strike_B","Defend_B","Defend_B","Defend_B","Defend_B","Dualcast","Ball Lightning","Blizzard","Steam+1","Rebound","Deadly Poison","Coolheaded+1","Cold Snap","Blizzard","Undo","Panic Button"],"relics":["NeowsBlessing","ReplayTheSpireMod:Shallot","Ring of the Snake","Smiling Mask","Blood Vial","PreservedInsect"],"potions_floor_usage":[10,14,16],"damage_taken":[{"damage":0,"enemies":"2 Louse","floor":1,"turns":1},{"damage":0,"enemies":"Cultist","floor":4,"turns":1},{"damage":0,"enemies":"Lagavulin","floor":7,"turns":1},{"damage":31,"enemies":"3 Sentries","floor":10,"turns":9},{"damage":8,"enemies":"Small Slimes","floor":11,"turns":3},{"damage":25,"enemies":"Gremlin Gang","floor":13,"turns":5},{"damage":7,"enemies":"Exordium Wildlife","floor":14,"turns":4},{"damage":62,"enemies":"Slime Boss","floor":16,"turns":7}],"seed_played":"3592018598578537190","potions_obtained":[{"floor":4,"key":"Regen Potion"},{"floor":10,"key":"Milkshake"},{"floor":13,"key":"Poison Potion"},{"floor":14,"key":"SkillPotion"}],"is_trial":false,"path_per_floor":["M","$","?","M","?","R","E","R","T","E","M","R","M","M","R","B"],"character_chosen":"DEFECT","items_purchased":[],"campfire_rested":2,"item_purchase_floors":[],"current_hp_per_floor":[64,64,64,64,64,64,64,64,64,49,43,64,41,36,57,0],"gold":341,"neow_bonus":"THREE_ENEMY_KILL","is_prod":false,"is_daily":false,"chose_seed":false,"campfire_upgraded":2,"win_rate":0,"timestamp":1553893673,"path_taken":["M","$","?","?","?","R","E","R","T","E","M","R","M","M","R","BOSS"],"build_version":"2019-01-23","purchased_purges":0,"victory":false,"max_hp_per_floor":[71,71,71,71,71,71,71,71,71,71,71,71,71,71,71,71],"card_choices":[{"not_picked":["Stack","ReplayTheSpireMod:System Scan"],"picked":"Ball Lightning","floor":1},{"not_picked":["Sunder","Panic Button"],"picked":"Blizzard","floor":3},{"not_picked":["Barrage","Lockon"],"picked":"Steam","floor":3},{"not_picked":["Meteor Strike","Self Repair"],"picked":"Rebound","floor":4},{"not_picked":["Darkness","Blizzard"],"picked":"Coolheaded","floor":7},{"not_picked":["Ball Lightning","Redo"],"picked":"Cold Snap","floor":10},{"not_picked":["Ball Lightning","Beam Cell"],"picked":"Blizzard","floor":11},{"not_picked":["Beam Cell","Heatsinks"],"picked":"Undo","floor":13},{"not_picked":["Conserve Battery","Stack"],"picked":"Panic Button","floor":14}],"player_experience":869497,"relics_obtained":[{"floor":3,"key":"ReplayTheSpireMod:Shallot"},{"floor":7,"key":"Smiling Mask"},{"floor":9,"key":"Blood Vial"},{"floor":10,"key":"PreservedInsect"}],"event_choices":[],"is_beta":false,"boss_relics":[],"items_purged_floors":[],"is_endless":false,"potions_floor_spawned":[4,10,13,14],"killed_by":"Slime Boss","ascension_level":19}