{"gold_per_floor":[147,157,172,172,247,247,247,247,247,263,296,312,347,362,362,362],"floor_reached":16,"playtime":878,"items_purged":[],"score":118,"play_id":"21d2c75d-c219-4405-b7c6-ca6c4cf58c15","local_time":"20190404215515","is_ascension_mode":true,"campfire_choices":[{"floor":6.0,"key":"RECALL"},{"data":"Intimidate","floor":8.0,"key":"SMITH"},{"floor":15,"key":"REST"}],"neow_cost":"NONE","seed_source_timestamp":0,"circlet_count":0,"master_deck":["Strike_R","Strike_R","Strike_R","Strike_R","Strike_R","Defend_R","Defend_R","Defend_R","Defend_R","Bash","Intimidate+1","Inflame","Body Slam+1","Cleave","Pommel Strike","Pommel Strike"],"special_seed":0,"relics":["Burning Blood","Tiny Chest","Sundial","Darkstone Periapt"],"potions_floor_usage":[],"damage_taken":[{"damage":2.0,"enemies":"Small Slimes","floor":1.0,"turns":5.0},{"damage":0.0,"enemies":"Jaw Worm","floor":2.0,"turns":5.0},{"damage":7.0,"enemies":"Cultist","floor":3.0,"turns":4.0},{"damage":3,"enemies":"Large Slime","floor":10,"turns":6},{"damage":35,"enemies":"Lagavulin","floor":11,"turns":9},{"damage":9,"enemies":"Looter","floor":12,"turns":4},{"damage":24,"enemies":"Gremlin Nob","floor":13,"turns":5},{"damage":7,"enemies":"3 Louse","floor":14,"turns":3},{"damage":51,"enemies":"The Guardian","floor":16,"turns":9}],"seed_played":"7004031476087255652","potions_obtained":[{"floor":2.0,"key":"Fire Potion"},{"floor":10,"key":"Poison Potion"},{"floor":12,"key":"Swift Potion"}],"is_trial":false,"path_per_floor":["M","M","M","?","?","R","?","R","T","M","E","M","E","M","R","B"],"character_chosen":"IRONCLAD","items_purchased":[],"campfire_rested":1,"item_purchase_floors":[],"current_hp_per_floor":[80,80,79,84,73,73,73,73,73,76,47,44,26,25,50,0],"gold":362,"neow_bonus":"RANDOM_COMMON_RELIC","is_prod":false,"is_daily":false,"chose_seed":false,"campfire_upgraded":1,"win_rate":0,"timestamp":1554429315,"path_taken":["M","M","M","?","?","R","?","R","T","M","E","?","E","M","R","BOSS"],"build_version":"2019-01-23","purchased_purges":0,"victory":false,"max_hp_per_floor":[80,80,80,85,85,85,85,85,85,85,85,85,85,85,85,85],"card_choices":[{"not_picked":["Anger","Armaments"],"picked":"Intimidate","floor":1.0},{"not_picked":["Pummel","Cleave"],"picked":"Inflame","floor":2.0},{"not_picked":["Anger","Clothesline"],"picked":"Body Slam","floor":3.0},{"not_picked":["Second Wind","Dropkick"],"picked":"Cleave","floor":10},{"not_picked":["Armaments","Fire Breathing"],"picked":"Pommel Strike","floor":11},{"not_picked":["Flex","Ghostly Armor","Clash"],"picked":"SKIP","floor":12},{"not_picked":["Second Wind","Perfected Strike"],"picked":"Pommel Strike","floor":13},{"not_picked":["Warcry","Thunderclap","Sword Boomerang"],"picked":"SKIP","floor":14}],"player_experience":62434,"relics_obtained":[{"floor":11,"key":"Sundial"},{"floor":13,"key":"Darkstone Periapt"}],"event_choices":[{"damage_healed":0.0,"max_hp_gain":5.0,"max_hp_loss":0.0,"gold_gain":0.0,"event_name":"Big Fish","player_choice":"Donut","floor":4.0,"gold_loss":0.0,"damage_taken":0.0},{"damage_healed":0.0,"max_hp_gain":0.0,"max_hp_loss":0.0,"gold_gain":75.0,"event_name":"World of Goop","player_choice":"Gather Gold","floor":5.0,"gold_loss":0.0,"damage_taken":11.0},{"damage_healed":0.0,"max_hp_gain":0.0,"max_hp_loss":0.0,"gold_gain":0.0,"event_name":"Upgrade Shrine","player_choice":"Upgraded","floor":7.0,"gold_loss":0.0,"damage_taken":0.0,"cards_upgraded":["Body Slam"]}],"is_beta":false,"boss_relics":[],"items_purged_floors":[],"is_endless":false,"potions_floor_spawned":[2,10,12],"killed_by":"The Guardian","ascension_level":1}