{"gold_per_floor":[115,129,141,106,181,181,209,209,234,71,81,91,191,202,202,305,305,325,340,352,30,30,30,46,46,46,73,73,86,86,86],"floor_reached":31,"playtime":1423,"items_purged":["Strike_B"],"score":282,"play_id":"14b65577-06a3-49c5-8696-c86d7b5617a3","local_time":"20180630223502","is_ascension_mode":false,"campfire_choices":[{"floor":6,"key":"REST"},{"floor":15,"key":"REST"},{"floor":23,"key":"REST"},{"floor":25,"key":"REST"},{"floor":30,"key":"REST"}],"neow_cost":"FIFTY_PERCENT_DAMAGE","seed_source_timestamp":874686344972344,"circlet_count":0,"master_deck":["Strike_B","Strike_B","Strike_B","Defend_B","Defend_B","Defend_B","Defend_B","Zap+1","Dualcast","Darkness","Static Discharge","Conserve Battery","Steam+1","FTL","White Noise","Stack","Streamline","Cold Snap","Go for the Eyes","Buffer","Recycle","Streamline","Reinforced Body","Sweeping Beam","Redo","Steam Power+1","Loop+1","Genetic Algorithm","Panache","Rip and Tear","Writhe","Undo+1","BootSequence","Consume+1"],"relics":["Cracked Core","Orichalcum","War Paint","Orrery","Lantern","Strawberry","Nloth\u0027s Gift"],"potions_floor_usage":[16,16,16,29],"damage_taken":[{"damage":2,"enemies":"Small Slimes","floor":1,"turns":4},{"damage":3,"enemies":"Jaw Worm","floor":2,"turns":4},{"damage":7,"enemies":"2 Louse","floor":3,"turns":2},{"damage":18,"enemies":"3 Sentries","floor":7,"turns":7},{"damage":5,"enemies":"Looter","floor":11,"turns":3},{"damage":8,"enemies":"Exordium Thugs","floor":12,"turns":3},{"damage":4,"enemies":"2 Fungi Beasts","floor":14,"turns":3},{"damage":40,"enemies":"Hexaghost","floor":16,"turns":10},{"damage":15,"enemies":"Shell Parasite","floor":18,"turns":6},{"damage":2,"enemies":"Chosen","floor":19,"turns":5},{"damage":47,"enemies":"Slaver and Parasite","floor":20,"turns":8},{"damage":20,"enemies":"Snake Plant","floor":24,"turns":4},{"damage":47,"enemies":"Book of Stabbing","floor":27,"turns":6},{"damage":22,"enemies":"Sentry and Sphere","floor":29,"turns":6},{"damage":46,"enemies":"Cultist and Chosen","floor":31,"turns":7}],"seed_played":"8002225675346232571","potions_obtained":[{"floor":1,"key":"SkillPotion"},{"floor":3,"key":"Strength Potion"},{"floor":8,"key":"Explosive Potion"},{"floor":12,"key":"Regen Potion"},{"floor":18,"key":"FairyPotion"},{"floor":24,"key":"AttackPotion"}],"is_trial":false,"path_per_floor":["M","M","M","?","?","R","E","?","T","$","M","M","?","M","R","B",null,"M","M","M","$","?","R","M","R","T","E","?","M","R"],"character_chosen":"DEFECT","items_purchased":["FTL","White Noise","Stack","Panache","Rip and Tear"],"campfire_rested":5,"item_purchase_floors":[10,10,10,21,21],"current_hp_per_floor":[43,40,33,55,44,70,52,52,52,52,47,39,39,35,61,36,89,74,72,25,25,25,51,31,57,57,17,17,9,37,0],"gold":86,"neow_bonus":"TWENTY_PERCENT_HP_BONUS","is_prod":false,"is_daily":false,"chose_seed":false,"campfire_upgraded":0,"win_rate":0.0,"timestamp":1530419702,"path_taken":["M","M","M","?","?","R","E","?","T","$","?","?","?","M","R","BOSS","M","M","M","$","?","R","M","R","T","E","?","M","R","M"],"build_version":"2018-06-28","purchased_purges":1,"victory":false,"max_hp_per_floor":[89,89,89,89,89,89,89,89,89,89,89,89,89,89,89,89,89,89,89,89,89,89,89,89,89,89,96,96,96,96,96],"card_choices":[{"not_picked":["Hello World","Steam"],"picked":"Darkness","floor":1},{"not_picked":["Turbo","Gash"],"picked":"Static Discharge","floor":2},{"not_picked":["Cold Snap","Turbo"],"picked":"Conserve Battery","floor":3},{"not_picked":["Hello World","Streamline"],"picked":"Steam","floor":7},{"not_picked":["Chill","Steam"],"picked":"Streamline","floor":11},{"not_picked":["Gash","Creative AI"],"picked":"Cold Snap","floor":12},{"not_picked":["Stack","Turbo"],"picked":"Go for the Eyes","floor":14},{"not_picked":["Machine Learning","Meteor Strike"],"picked":"Buffer","floor":16},{"not_picked":["Tempest","Steam"],"picked":"Recycle","floor":17},{"not_picked":["Turbo","Tempest"],"picked":"Streamline","floor":17},{"not_picked":["Heatsinks","Leap"],"picked":"Reinforced Body","floor":17},{"not_picked":["Barrage","Conserve Battery"],"picked":"Sweeping Beam","floor":17},{"not_picked":["Rebound","Heatsinks"],"picked":"Redo","floor":17},{"not_picked":["Blizzard+1","Stack"],"picked":"Steam Power+1","floor":18},{"not_picked":["Redo","Hologram"],"picked":"Loop+1","floor":19},{"not_picked":["Rip and Tear","Barrage"],"picked":"Genetic Algorithm","floor":20},{"not_picked":["Ball Lightning","Sweeping Beam"],"picked":"Undo+1","floor":24},{"not_picked":["Meteor Strike","Chill"],"picked":"BootSequence","floor":27},{"not_picked":["Turbo","Beam Cell"],"picked":"Consume+1","floor":29}],"player_experience":43618,"relics_obtained":[{"floor":7,"key":"Orichalcum"},{"floor":9,"key":"War Paint"},{"floor":26,"key":"Ornamental Fan"},{"floor":27,"key":"Strawberry"}],"event_choices":[{"event_name":"The Cleric","player_choice":"Healed","floor":4,"damage_taken":0},{"event_name":"World of Goop","player_choice":"Gather Gold","floor":5,"damage_taken":0},{"event_name":"The Lab","player_choice":"Got Potions","floor":8,"damage_taken":0},{"event_name":"Golden Shrine","player_choice":"Pray","floor":13,"damage_taken":0},{"event_name":"The Mausoleum","player_choice":"Yes","floor":22,"damage_taken":0},{"event_name":"N\u0027loth","player_choice":"Traded a Ornamental Fan","floor":28,"damage_taken":0}],"boss_relics":[{"not_picked":["Cursed Key","Calling Bell"],"picked":"Orrery"}],"items_purged_floors":[21],"is_endless":false,"potions_floor_spawned":[1,3,11,12,18,24],"killed_by":"Cultist and Chosen","ascension_level":0}