{"path_per_floor":["M","M","?","?","M","R","E","M","T","?","M","M","?","M","R","B",null,"M","$","?","M","?","E","R","$","T","?","M","?","E"],"character_chosen":"DEFECT","items_purchased":["Bottled Tornado"],"gold_per_floor":[112,126,126,126,140,140,170,186,186,186,207,220,220,244,244,374,412,432,98,23,37,0,44,44,44,44,44,59,159,194,194],"floor_reached":31,"campfire_rested":2,"playtime":1132,"current_hp_per_floor":[73,64,57,57,61,61,41,41,41,21,12,12,12,12,36,1,85,70,70,70,62,62,29,56,56,56,40,47,47,7,0],"items_purged":["Strike_B"],"gold":194,"score":300,"play_id":"b6d2dbe0-94c4-4735-af0a-faa6ec9fab53","local_time":"20180510213226","is_prod":false,"is_daily":false,"chose_seed":false,"is_ascension_mode":false,"campfire_upgraded":1,"timestamp":1525980746,"path_taken":["M","M","?","?","M","R","E","M","T","?","?","M","?","?","R","BOSS","M","$","?","M","?","E","R","$","T","?","?","?","E","M"],"build_version":"2018-05-09","seed_source_timestamp":471480383616197,"purchased_purges":1,"victory":false,"master_deck":["Strike_B","Defend_B","Defend_B","Defend_B","Defend_B","Zap","Dualcast","Buffer+1","Darkness+1","Streamline+1","White Noise","Ball Lightning","Defragment","Rebound","Streamline","White Noise","Storm"],"max_hp_per_floor":[75,75,75,75,80,80,80,80,80,80,80,80,80,80,80,80,85,90,90,90,90,90,90,90,90,90,90,90,90,90,90],"relics":["Cracked Core","Orichalcum","Oddly Smooth Stone","Golden Idol","Tiny House","Bottled Tornado","Shuriken","Mummified Hand","Enchiridion","Toolbox"],"card_choices":[{"not_picked":["Melter","Beam Cell"],"picked":"Darkness","floor":1},{"not_picked":["Beam Cell","Leap"],"picked":"Streamline","floor":2},{"not_picked":["Barrage","Consume"],"picked":"White Noise","floor":7},{"not_picked":["Lockon","Go for the Eyes"],"picked":"Ball Lightning","floor":8},{"not_picked":["Darkness","Ball Lightning"],"picked":"Defragment","floor":14},{"not_picked":["Blizzard","Reprogram"],"picked":"Rebound","floor":17},{"not_picked":["Rebound","Sweeping Beam"],"picked":"Streamline","floor":21},{"not_picked":["Beam Cell","Double Energy"],"picked":"White Noise","floor":23},{"not_picked":["Streamline","Coolheaded"],"picked":"Storm","floor":28}],"player_experience":47074,"potions_floor_usage":[5,11,16,16,18,18,23],"damage_taken":[{"damage":2,"enemies":"Jaw Worm","floor":1,"turns":4},{"damage":9,"enemies":"Small Slimes","floor":2,"turns":5},{"damage":1,"enemies":"2 Louse","floor":5,"turns":3},{"damage":20,"enemies":"3 Sentries","floor":7,"turns":7},{"damage":0,"enemies":"Large Slime","floor":8,"turns":4},{"damage":9,"enemies":"Exordium Thugs","floor":11,"turns":4},{"damage":0,"enemies":"Blue Slaver","floor":12,"turns":5},{"damage":0,"enemies":"3 Louse","floor":14,"turns":4},{"damage":35,"enemies":"Slime Boss","floor":16,"turns":10},{"damage":20,"enemies":"Spheric Guardian","floor":18,"turns":4},{"damage":8,"enemies":"Shell Parasite","floor":21,"turns":5},{"damage":33,"enemies":"Slavers","floor":23,"turns":5},{"damage":0,"enemies":"Snecko","floor":28,"turns":5},{"damage":40,"enemies":"Gremlin Leader","floor":30,"turns":8},{"damage":9,"enemies":"Cultist and Chosen","floor":31,"turns":4}],"event_choices":[{"event_name":"Golden Wing","player_choice":"Card Removal","floor":3,"damage_taken":0},{"event_name":"The Lab","player_choice":"Got Potions","floor":4,"damage_taken":0},{"event_name":"Golden Idol","player_choice":"Take Damage","floor":10,"damage_taken":0},{"event_name":"Living Wall","player_choice":"Grow","floor":13,"damage_taken":0},{"event_name":"Beggar","player_choice":"Gave Gold","floor":20,"damage_taken":0},{"event_name":"Masked Bandits","player_choice":"Paid Bandits 37 gold","floor":22,"damage_taken":0},{"event_name":"Cursed Tome","player_choice":"Obtained Book","floor":27,"damage_taken":0},{"event_name":"Golden Shrine","player_choice":"Pray","floor":29,"damage_taken":0}],"boss_relics":[{"not_picked":["Lizard Tail","Black Star"],"picked":"Tiny House"}],"potions_floor_spawned":[1,8,16,21],"seed_played":"4208216490799793998","killed_by":"Cultist and Chosen","ascension_level":0,"is_trial":false}