{"gold_per_floor":[117,137,151,151,76,76,96,96,96,96,113,113,133,168,168,241,241,256,272,272,272,25,25,25,25,25,42,14,14,14],"floor_reached":30,"playtime":1409,"items_purged":["Strike_B","Clumsy"],"score":435,"play_id":"286bc3b6-00a1-4bfc-99b4-7fb252751894","local_time":"20190311122503","is_ascension_mode":true,"campfire_choices":[{"data":"Defragment","floor":6.0,"key":"SMITH"},{"data":"Leap","floor":8.0,"key":"SMITH"},{"floor":10.0,"key":"REST"},{"data":"Loop","floor":12.0,"key":"SMITH"},{"floor":15,"key":"REST"},{"data":"Defragment","floor":23,"key":"SMITH"},{"data":"Coolheaded","floor":25,"key":"SMITH"},{"data":"White Noise","floor":29,"key":"SMITH"}],"neow_cost":"NONE","seed_source_timestamp":0,"circlet_count":0,"master_deck":["AscendersBane","Defend_B","Defend_B","Defend_B","Defend_B","Zap","Dualcast","Leap+1","Rebound","Defragment+1","Zap","Compile Driver","Echo Form","Self Repair","Loop+1","Gash","Auto Shields","Rainbow","Stack","Capacitor+1","Defragment+1","Coolheaded+1","Cold Snap","Bite","Bite","Bite","Bite","Bite","Parasite","White Noise+1","Leap"],"special_seed":0,"relics":["Cursed Key","Darkstone Periapt","Anchor","Nuclear Battery","Peace Pipe","Bottled Lightning"],"potions_floor_usage":[13,13],"damage_taken":[{"damage":0.0,"enemies":"Cultist","floor":1.0,"turns":4.0},{"damage":4.0,"enemies":"Small Slimes","floor":2.0,"turns":4.0},{"damage":2.0,"enemies":"Jaw Worm","floor":3.0,"turns":3.0},{"damage":20.0,"enemies":"3 Louse","floor":7.0,"turns":4.0},{"damage":7.0,"enemies":"Exordium Wildlife","floor":11.0,"turns":5.0},{"damage":19,"enemies":"Lots of Slimes","floor":13,"turns":3},{"damage":20,"enemies":"Lagavulin","floor":14,"turns":6},{"damage":26,"enemies":"Hexaghost","floor":16,"turns":8},{"damage":26,"enemies":"Spheric Guardian","floor":18,"turns":6},{"damage":2,"enemies":"Chosen","floor":19,"turns":5},{"damage":22,"enemies":"Snecko","floor":27,"turns":6},{"damage":54,"enemies":"Book of Stabbing","floor":30,"turns":5}],"seed_played":"-8456589183852352058","potions_obtained":[{"floor":1.0,"key":"EssenceOfSteel"},{"floor":2.0,"key":"SteroidPotion"},{"floor":11.0,"key":"SteroidPotion"},{"floor":19,"key":"Explosive Potion"},{"floor":27,"key":"Explosive Potion"}],"is_trial":false,"path_per_floor":["M","M","M","?","$","R","M","R","T","R","M","R","M","E","R","B",null,"M","M","?","?","$","R","?","R","T","M","$","R","E"],"character_chosen":"DEFECT","items_purchased":["Defragment","Coolheaded","Cold Snap","Leap"],"campfire_rested":2,"item_purchase_floors":[22,22,22,28],"current_hp_per_floor":[64,60,58,58,58,58,38,38,38,59,59,59,40,34,55,29,61,49,47,53,53,53,53,53,53,59,49,49,49,5],"gold":14,"neow_bonus":"BOSS_RELIC","is_prod":false,"is_daily":false,"chose_seed":false,"campfire_upgraded":6,"win_rate":0,"timestamp":1552325103,"path_taken":["M","M","?","?","$","R","M","R","T","R","?","R","M","E","R","BOSS","M","?","?","?","$","R","?","R","T","M","$","R","E"],"build_version":"2019-01-23","purchased_purges":2,"victory":false,"max_hp_per_floor":[71,71,71,71,71,71,71,71,71,71,71,71,71,71,71,71,71,71,71,77,77,77,77,53,53,59,59,59,59,59],"card_choices":[{"not_picked":["BootSequence","Go for the Eyes"],"picked":"Leap","floor":1.0},{"not_picked":["Force Field","Go for the Eyes"],"picked":"Rebound","floor":2.0},{"not_picked":["Sweeping Beam","Go for the Eyes"],"picked":"Defragment","floor":3.0},{"not_picked":["Stack","Leap"],"picked":"Self Repair","floor":7.0},{"not_picked":["Reprogram","Go for the Eyes"],"picked":"Loop","floor":11.0},{"not_picked":["Hologram","Lockon"],"picked":"Gash","floor":13},{"not_picked":["Rebound","Scrape"],"picked":"Auto Shields","floor":14},{"not_picked":["Amplify","Meteor Strike"],"picked":"Rainbow","floor":16},{"not_picked":["Go for the Eyes","Beam Cell"],"picked":"Stack","floor":18},{"not_picked":["Coolheaded","Multi-Cast"],"picked":"Capacitor+1","floor":19},{"not_picked":["Static Discharge","Tempest"],"picked":"White Noise","floor":27}],"player_experience":676568,"relics_obtained":[{"floor":9.0,"key":"Darkstone Periapt"},{"floor":14,"key":"Anchor"},{"floor":26,"key":"Bottled Lightning"}],"event_choices":[{"damage_healed":0.0,"max_hp_gain":0.0,"max_hp_loss":0.0,"gold_gain":0.0,"event_name":"Match and Keep!","player_choice":"3 cards matched","floor":4.0,"gold_loss":0.0,"damage_taken":0.0,"cards_obtained":["Zap","Compile Driver","Echo Form"]},{"damage_healed":0,"gold_gain":0,"player_choice":"Opened","damage_taken":0,"relics_obtained":["Peace Pipe"],"max_hp_gain":0,"max_hp_loss":0,"event_name":"The Mausoleum","floor":20,"gold_loss":0,"cards_obtained":["Writhe"]},{"cards_removed":["Writhe"],"damage_healed":0,"gold_gain":0,"player_choice":"Elegance","damage_taken":0,"max_hp_gain":0,"max_hp_loss":0,"event_name":"Back to Basics","floor":21,"gold_loss":0},{"damage_healed":0,"gold_gain":0,"player_choice":"Became a vampire","damage_taken":0,"max_hp_gain":0,"max_hp_loss":24,"event_name":"Vampires","floor":24,"gold_loss":0,"cards_obtained":["Bite","Bite","Bite","Bite","Bite"]}],"is_beta":false,"boss_relics":[{"not_picked":["Coffee Dripper","Pandora\u0027s Box"],"picked":"Nuclear Battery"}],"items_purged_floors":[5,22],"is_endless":false,"potions_floor_spawned":[1,2,11,19,27],"killed_by":"Book of Stabbing","ascension_level":16}