{"gold_per_floor":[114,114,289,300,320,320,345,315,395,422,422,438,438,450,450,450],"floor_reached":16,"playtime":1243,"items_purged":[],"score":110,"play_id":"17c3c5a0-330b-4574-874f-695982ada176","local_time":"20190411181140","is_ascension_mode":false,"campfire_choices":[{"data":"Fiend Fire","floor":6,"key":"SMITH"},{"floor":13,"key":"REST"},{"data":"Armaments","floor":15,"key":"SMITH"}],"neow_cost":"NONE","seed_source_timestamp":485365760352559,"circlet_count":0,"master_deck":["Strike_R","Strike_R","Strike_R","Strike_R","Defend_R","Defend_R","Defend_R","Defend_R","Bash","Fire Breathing","Fiend Fire+1","Doubt","Fire Breathing","Seeing Red","Armaments+1","Reckless Charge","Cleave","Thunderclap"],"relics":["Burning Blood","Juzu Bracelet","Lantern","Dodecahedron","Dream Catcher","Shuriken"],"potions_floor_usage":[7,10,16,16],"damage_taken":[{"damage":10,"enemies":"Jaw Worm","floor":1,"turns":4},{"damage":0,"enemies":"Small Slimes","floor":4,"turns":4},{"damage":6,"enemies":"Cultist","floor":5,"turns":3},{"damage":28,"enemies":"Gremlin Nob","floor":7,"turns":4},{"damage":5,"enemies":"Looter","floor":8,"turns":4},{"damage":29,"enemies":"Lagavulin","floor":10,"turns":12},{"damage":8,"enemies":"Exordium Wildlife","floor":12,"turns":3},{"damage":9,"enemies":"3 Louse","floor":14,"turns":4},{"damage":55,"enemies":"Hexaghost","floor":16,"turns":9}],"seed_played":"-4416261600986749601","potions_obtained":[{"floor":1,"key":"Explosive Potion"},{"floor":7,"key":"FearPotion"},{"floor":12,"key":"LiquidBronze"},{"floor":14,"key":"Swift Potion"}],"is_trial":false,"path_per_floor":["M","?","?","M","M","R","E","M","T","E","T","M","R","M","R","B"],"character_chosen":"IRONCLAD","items_purchased":[],"campfire_rested":1,"item_purchase_floors":[],"current_hp_per_floor":[76,76,76,80,80,80,58,59,59,36,36,34,58,55,55,0],"gold":450,"neow_bonus":"RANDOM_COMMON_RELIC","is_prod":false,"is_daily":false,"chose_seed":false,"campfire_upgraded":2,"win_rate":0.0,"timestamp":1555031500,"path_taken":["M","?","?","M","M","R","E","M","T","E","?","M","R","M","R","BOSS"],"build_version":"2019-01-23","purchased_purges":0,"victory":false,"max_hp_per_floor":[80,80,80,80,80,80,80,80,80,80,80,80,80,80,80,80],"card_choices":[{"not_picked":["True Grit","Thunderclap"],"picked":"Fire Breathing","floor":1},{"not_picked":["Clothesline","Anger"],"picked":"Fire Breathing","floor":4},{"not_picked":["Anger","Heavy Blade"],"picked":"Seeing Red","floor":5},{"not_picked":["Cleave","Clash"],"picked":"Armaments","floor":7},{"not_picked":["Wild Strike","Dark Embrace","Disarm"],"picked":"SKIP","floor":8},{"not_picked":["Flex","Shockwave"],"picked":"Reckless Charge","floor":10},{"not_picked":["Whirlwind","Perfected Strike"],"picked":"Cleave","floor":12},{"not_picked":["Twin Strike","Warcry"],"picked":"Thunderclap","floor":14}],"player_experience":41623,"relics_obtained":[{"floor":7,"key":"Lantern"},{"floor":9,"key":"Dodecahedron"},{"floor":10,"key":"Dream Catcher"},{"floor":11,"key":"Shuriken"}],"event_choices":[{"damage_healed":0,"gold_gain":0,"cards_transformed":["Strike_R"],"player_choice":"Change","damage_taken":0,"max_hp_gain":0,"max_hp_loss":0,"event_name":"Living Wall","floor":2,"gold_loss":0,"cards_obtained":["Fiend Fire"]},{"damage_healed":0,"gold_gain":175,"player_choice":"AGREE","damage_taken":0,"max_hp_gain":0,"max_hp_loss":0,"event_name":"Liars Game","floor":3,"gold_loss":0,"cards_obtained":["Doubt"]}],"is_beta":false,"boss_relics":[],"items_purged_floors":[],"is_endless":false,"potions_floor_spawned":[1,7,12,14],"killed_by":"Hexaghost","ascension_level":0}