{"gold_per_floor":[115,115,129,129,129,129,162,180,180,194,212,232,232,259,259,356,356,368,382,382,9,26,26,43,75,75,75,93,93,93,105,105,210,210,224,224,236,246,246,246,246,264,264,264,298,3,3,16,16,16],"floor_reached":51,"playtime":4991,"items_purged":["Strike_B"],"score":900,"play_id":"a9c825c0-59d5-4474-9526-f1a256a95b94","local_time":"20190403084252","is_ascension_mode":true,"campfire_choices":[{"data":"Zap","floor":6.0,"key":"SMITH"},{"data":"Double Energy","floor":13.0,"key":"SMITH"},{"floor":15.0,"key":"REST"},{"data":"Buffer","floor":23.0,"key":"SMITH"},{"floor":27.0,"key":"REST"},{"data":"Consume","floor":30.0,"key":"SMITH"},{"floor":32.0,"key":"REST"},{"data":"Madness","floor":40.0,"key":"SMITH"},{"data":"Dualcast","floor":44.0,"key":"SMITH"},{"data":"Steam","floor":47,"key":"SMITH"},{"floor":49,"key":"REST"}],"neow_cost":"NONE","seed_source_timestamp":0,"circlet_count":0,"master_deck":["Defend_B","Defend_B","Defend_B","Defend_B+1","Zap+1","Dualcast+1","Coolheaded+1","Loop+1","Machine Learning","Steam+1","Streamline+1","Double Energy+1","Undo","Buffer+1","Chaos+1","Consume+1","Cold Snap+1","Auto Shields","Machine Learning","Lockon+1","Biased Cognition+1","Undo+1","FTL+1","Madness","Madness+1","Steam+1","Go for the Eyes+1"],"special_seed":0,"relics":["Cracked Core","Molten Egg 2","Ancient Tea Set","Lantern","Inserter","DataDisk","Blood Vial","Pen Nib","Kunai","Astrolabe","Pear","Smiling Mask","Sundial"],"potions_floor_usage":[48,50,50],"damage_taken":[{"damage":4.0,"enemies":"2 Louse","floor":1.0,"turns":3.0},{"damage":1.0,"enemies":"Small Slimes","floor":3.0,"turns":3.0},{"damage":13.0,"enemies":"Gremlin Nob","floor":7.0,"turns":5.0},{"damage":1.0,"enemies":"Cultist","floor":8.0,"turns":3.0},{"damage":0.0,"enemies":"2 Fungi Beasts","floor":10.0,"turns":2.0},{"damage":14.0,"enemies":"Lots of Slimes","floor":11.0,"turns":3.0},{"damage":0.0,"enemies":"Exordium Wildlife","floor":12.0,"turns":3.0},{"damage":18.0,"enemies":"Lagavulin","floor":14.0,"turns":5.0},{"damage":21.0,"enemies":"Hexaghost","floor":16.0,"turns":9.0},{"damage":19.0,"enemies":"2 Thieves","floor":18.0,"turns":5.0},{"damage":4.0,"enemies":"3 Byrds","floor":19.0,"turns":6.0},{"damage":31.0,"enemies":"Centurion and Healer","floor":22.0,"turns":6.0},{"damage":0.0,"enemies":"Snecko","floor":24.0,"turns":6.0},{"damage":8.0,"enemies":"Gremlin Leader","floor":25.0,"turns":10.0},{"damage":2.0,"enemies":"Chosen and Byrds","floor":28.0,"turns":7.0},{"damage":0.0,"enemies":"Book of Stabbing","floor":29.0,"turns":1.0},{"damage":26.0,"enemies":"Snake Plant","floor":31.0,"turns":4.0},{"damage":10.0,"enemies":"Automaton","floor":33.0,"turns":11.0},{"damage":4.0,"enemies":"3 Shapes","floor":35.0,"turns":7.0},{"damage":15.0,"enemies":"3 Darklings","floor":37.0,"turns":7.0},{"damage":0.0,"enemies":"Transient","floor":38.0,"turns":5.0},{"damage":11.0,"enemies":"Jaw Worm Horde","floor":42.0,"turns":6.0},{"damage":0.0,"enemies":"Giant Head","floor":45.0,"turns":8.0},{"damage":34,"enemies":"Spire Growth","floor":48,"turns":6},{"damage":19,"enemies":"Awakened One","floor":50,"turns":19}],"seed_played":"4091707609799001774","potions_obtained":[{"floor":5.0,"key":"AttackPotion"},{"floor":5.0,"key":"SmokeBomb"},{"floor":5.0,"key":"Weak Potion"},{"floor":8.0,"key":"SteroidPotion"},{"floor":10.0,"key":"Explosive Potion"},{"floor":11.0,"key":"SteroidPotion"},{"floor":12.0,"key":"Explosive Potion"},{"floor":16.0,"key":"Energy Potion"},{"floor":24.0,"key":"Dexterity Potion"},{"floor":25.0,"key":"SteroidPotion"},{"floor":28.0,"key":"Ancient Potion"},{"floor":31.0,"key":"AttackPotion"},{"floor":37.0,"key":"SpeedPotion"}],"is_trial":false,"path_per_floor":["M","?","M","?","?","R","E","M","T","M","M","M","R","E","R","B",null,"M","M","?","$","M","R","M","E","T","R","M","E","R","M","R","B",null,"M","?","M","M","?","R","?","M","T","R","E","$","R","M","R","B",null],"character_chosen":"DEFECT","items_purchased":["DataDisk","Blood Vial","Consume","Sundial"],"campfire_rested":4,"item_purchase_floors":[21,21,21,46],"current_hp_per_floor":[78,62,61,61,61,61,48,47,47,47,33,33,33,15,39,18,82,63,59,59,59,30,30,32,26,26,50,50,52,52,28,52,44,82,78,78,65,67,57,57,57,48,58,58,60,60,60,28,55,38],"gold":16,"neow_bonus":"TEN_PERCENT_HP_BONUS","is_prod":false,"is_daily":false,"chose_seed":false,"campfire_upgraded":7,"win_rate":0,"timestamp":1554306172,"path_taken":["M","?","M","?","?","R","E","M","T","M","M","M","R","E","R","BOSS","M","?","?","$","M","R","M","E","T","R","M","E","R","?","R","BOSS","M","?","M","M","?","R","?","?","T","R","E","$","R","M","R","BOSS"],"build_version":"2019-01-23","purchased_purges":1,"victory":true,"max_hp_per_floor":[82,82,82,82,82,82,82,82,82,82,82,82,82,82,82,82,82,82,82,82,82,82,82,82,82,82,82,82,82,82,82,82,82,82,82,82,82,82,82,82,82,82,92,92,92,92,92,92,92,92],"card_choices":[{"not_picked":["Steam","Turbo"],"picked":"Coolheaded","floor":1.0},{"not_picked":["Reinforced Body","Steam"],"picked":"Loop","floor":3.0},{"not_picked":["Leap","Stack"],"picked":"Machine Learning","floor":7.0},{"not_picked":["Streamline+1","Redo"],"picked":"Steam","floor":8.0},{"not_picked":["Cold Snap+1","Redo"],"picked":"Streamline+1","floor":10.0},{"not_picked":["Multi-Cast","Hologram"],"picked":"Double Energy","floor":11.0},{"not_picked":["Stack","Sweeping Beam+1","Steam"],"picked":"SKIP","floor":12.0},{"not_picked":["Rebound+1","Ball Lightning+1"],"picked":"Undo","floor":14.0},{"not_picked":["Hyperbeam+1","Reboot"],"picked":"Buffer","floor":16.0},{"not_picked":["Scrape+1","Fusion"],"picked":"Chaos","floor":18.0},{"not_picked":["Streamline+1","Beam Cell+1","Doom and Gloom+1"],"picked":"SKIP","floor":19.0},{"not_picked":["Steam","Coolheaded","Double Energy"],"picked":"SKIP","floor":22.0},{"not_picked":["Blizzard+1","Streamline+1","Sunder+1"],"picked":"SKIP","floor":24.0},{"not_picked":["Compile Driver+1","Darkness"],"picked":"Cold Snap+1","floor":25.0},{"not_picked":["Gash+1","Cold Snap+1","Chaos"],"picked":"SKIP","floor":28.0},{"not_picked":["Rebound+1","Gash+1"],"picked":"Auto Shields","floor":31.0},{"not_picked":["Meteor Strike+1","Rainbow"],"picked":"Machine Learning","floor":33.0},{"not_picked":["Double Energy+1","Consume+1"],"picked":"FTL+1","floor":35.0},{"not_picked":["Reinforced Body","Coolheaded+1","Rebound+1"],"picked":"SKIP","floor":37.0},{"not_picked":["Auto Shields","Rebound+1","Cold Snap+1"],"picked":"SKIP","floor":38.0},{"not_picked":["Barrage+1","Creative AI"],"picked":"Steam+1","floor":42.0},{"not_picked":["Fusion+1","Hologram","Chaos+1"],"picked":"SKIP","floor":45},{"not_picked":["FTL+1","Steam Power+1"],"picked":"Go for the Eyes+1","floor":48}],"player_experience":243484,"relics_obtained":[{"floor":7.0,"key":"Molten Egg 2"},{"floor":9.0,"key":"Ancient Tea Set"},{"floor":14.0,"key":"Lantern"},{"floor":25.0,"key":"Pen Nib"},{"floor":26.0,"key":"Kunai"},{"floor":43.0,"key":"Pear"},{"floor":45,"key":"Smiling Mask"}],"event_choices":[{"damage_healed":0.0,"max_hp_gain":0.0,"max_hp_loss":0.0,"gold_gain":0.0,"event_name":"Shining Light","player_choice":"Entered Light","floor":2.0,"gold_loss":0.0,"damage_taken":16.0,"cards_upgraded":["Defend_B","Coolheaded"]},{"damage_healed":0.0,"max_hp_gain":0.0,"max_hp_loss":0.0,"gold_gain":0.0,"event_name":"Living Wall","player_choice":"Grow","floor":4.0,"gold_loss":0.0,"damage_taken":0.0,"cards_upgraded":["Loop"]},{"damage_healed":0.0,"max_hp_gain":0.0,"max_hp_loss":0.0,"gold_gain":0.0,"event_name":"Lab","player_choice":"Got Potions","floor":5.0,"gold_loss":0.0,"damage_taken":0.0},{"damage_healed":0.0,"max_hp_gain":0.0,"max_hp_loss":0.0,"gold_gain":0.0,"event_name":"Upgrade Shrine","player_choice":"Upgraded","floor":20.0,"gold_loss":0.0,"damage_taken":0.0,"cards_upgraded":["Chaos"]},{"damage_healed":0.0,"max_hp_gain":0.0,"max_hp_loss":0.0,"gold_gain":0.0,"event_name":"Tomb of Lord Red Mask","player_choice":"Ignored","floor":36.0,"gold_loss":0.0,"damage_taken":0.0},{"damage_healed":0.0,"max_hp_gain":0.0,"max_hp_loss":0.0,"gold_gain":0.0,"event_name":"Winding Halls","player_choice":"Embrace Madness","floor":39.0,"gold_loss":0.0,"damage_taken":10.0,"cards_obtained":["Madness","Madness"]},{"damage_healed":0.0,"max_hp_gain":0.0,"max_hp_loss":0.0,"gold_gain":0.0,"event_name":"The Woman in Blue","player_choice":"Bought 0 Potions","floor":41.0,"gold_loss":0.0,"damage_taken":0.0}],"is_beta":false,"boss_relics":[{"not_picked":["Lizard Tail","Black Star"],"picked":"Inserter"},{"not_picked":["Runic Pyramid","Pandora\u0027s Box"],"picked":"Astrolabe"}],"items_purged_floors":[46],"is_endless":false,"potions_floor_spawned":[8,10,11,12,16,24,25,28,31,37,38,42],"ascension_level":4}