{"path_per_floor":["M","?","?","M","M","R","?","E","T","M","$","R","M","$","R","B",null,"M","?","$","M","M","R","M","R","T","M","M","?","R","$","R","B",null,"M","?","M","?","M","R","M","M","T","R","M","?","$","M","R","B"],"character_chosen":"DEFECT","items_purchased":["Vajra","Gash"],"gold_per_floor":[119,119,119,131,141,141,141,173,173,186,34,34,52,52,52,157,157,172,197,122,137,155,155,165,165,165,175,189,189,189,89,89,190,190,203,203,214,214,230,230,242,262,286,286,306,306,107,121,121,121],"floor_reached":51,"campfire_rested":5,"playtime":1945,"current_hp_per_floor":[74,59,59,58,58,58,58,67,67,65,65,65,61,61,61,33,75,65,31,31,37,42,64,64,64,64,36,29,29,51,51,73,47,75,51,51,20,66,47,47,37,32,32,51,39,31,31,41,60,21],"items_purged":["Strike_B","Strike_B","Dualcast"],"gold":121,"score":651,"play_id":"d1f5387f-162c-41cd-8595-bccceb404d76","local_time":"20180503222141","is_prod":false,"is_daily":false,"chose_seed":false,"is_ascension_mode":false,"campfire_upgraded":5,"timestamp":1525378901,"path_taken":["M","?","?","M","?","R","?","E","T","M","$","R","M","?","R","BOSS","M","?","?","?","M","R","M","R","T","M","M","?","R","$","R","BOSS","M","?","M","?","M","R","M","M","T","R","?","?","$","M","R","BOSS"],"build_version":"2018-05-02","seed_source_timestamp":309902012604396,"purchased_purges":3,"victory":true,"master_deck":["Defend_B+1","Defend_B+1","Defend_B","Defend_B","Zap+1","Ball Lightning","Cold Snap+1","Capacitor+1","Leap","Leap","Zap+1","Consume+1","Rainbow","Ball Lightning+1","Dark Shackles","Gash+1","Chill+1","BootSequence+1","Madness","Madness","Gash"],"max_hp_per_floor":[75,75,75,75,75,75,75,75,75,75,75,75,75,75,75,75,75,75,75,75,75,75,75,75,75,75,75,75,75,75,75,75,75,75,75,75,75,66,66,66,66,66,66,66,66,66,66,66,66,66],"relics":["Cracked Core","Dream Catcher","Meat on the Bone","Vajra","Inserter","Red Mask","Bottled Tornado","White Beast Statue"],"card_choices":[{"not_picked":["Barrage","Scrape"],"picked":"Ball Lightning","floor":1},{"not_picked":["Hologram","Barrage"],"picked":"Cold Snap","floor":4},{"not_picked":["Buffer","Leap"],"picked":"Capacitor","floor":8},{"not_picked":["Sunder","Prime"],"picked":"Leap","floor":23},{"not_picked":["Double Energy","Stack"],"picked":"Leap","floor":28},{"not_picked":["Go for the Eyes","Axe Kick"],"picked":"Consume","floor":30},{"not_picked":["Machine Learning","All For One"],"picked":"Rainbow","floor":33},{"not_picked":["Sweeping Beam","Cold Snap"],"picked":"Ball Lightning","floor":35},{"not_picked":["Finesse","Deep Breath"],"picked":"Dark Shackles","floor":36},{"not_picked":["FTL","Streamline"],"picked":"Gash","floor":37},{"not_picked":["Impulse","Aggregate"],"picked":"Chill","floor":41},{"not_picked":["Turbo","Darkness"],"picked":"BootSequence","floor":44}],"player_experience":30945,"potions_floor_usage":[8,19,22,27,33,37,39,41,42,50,50,50],"damage_taken":[{"damage":1,"enemies":"2 Louse","floor":1,"turns":4},{"damage":1,"enemies":"Jaw Worm","floor":4,"turns":3},{"damage":0,"enemies":"Small Slimes","floor":5,"turns":3},{"damage":3,"enemies":"Lagavulin","floor":8,"turns":5},{"damage":2,"enemies":"Exordium Thugs","floor":10,"turns":4},{"damage":4,"enemies":"Exordium Wildlife","floor":13,"turns":4},{"damage":40,"enemies":"Hexaghost","floor":16,"turns":10},{"damage":10,"enemies":"Spheric Guardian","floor":18,"turns":4},{"damage":46,"enemies":"Masked Bandits","floor":19,"turns":4},{"damage":6,"enemies":"Shell Parasite","floor":21,"turns":5},{"damage":7,"enemies":"Snake Plant","floor":22,"turns":5},{"damage":0,"enemies":"Centurion and Healer","floor":24,"turns":10},{"damage":40,"enemies":"Chosen and Byrds","floor":27,"turns":8},{"damage":19,"enemies":"Snake Plant","floor":28,"turns":5},{"damage":38,"enemies":"Collector","floor":33,"turns":9},{"damage":24,"enemies":"Flame Bruiser 1 Orb","floor":35,"turns":6},{"damage":43,"enemies":"3 Darklings","floor":37,"turns":7},{"damage":19,"enemies":"Sphere and 2 Shapes","floor":39,"turns":7},{"damage":10,"enemies":"Maw","floor":41,"turns":8},{"damage":17,"enemies":"Spire Growth","floor":42,"turns":5},{"damage":12,"enemies":"4 Shapes","floor":45,"turns":6},{"damage":2,"enemies":"Sphere and 2 Shapes","floor":48,"turns":6},{"damage":51,"enemies":"Time Eater","floor":50,"turns":12}],"event_choices":[{"event_name":"Shining Light","player_choice":"Entered Light","floor":2,"damage_taken":0},{"event_name":"Bonfire Elementals","player_choice":"BASIC","floor":3,"damage_taken":0},{"event_name":"Upgrade Shrine","player_choice":"Upgraded","floor":7,"damage_taken":0},{"event_name":"Masked Bandits","player_choice":"Fought over 172 gold","floor":19,"damage_taken":0},{"event_name":"Duplicator","player_choice":"One dupe","floor":29,"damage_taken":0},{"event_name":"SensoryStone","player_choice":"Memory 1","floor":36,"damage_taken":0},{"event_name":"The Moai Head","player_choice":"Heal","floor":38,"damage_taken":0},{"event_name":"Winding Halls","player_choice":"Embrace Madness","floor":46,"damage_taken":0}],"boss_relics":[{"not_picked":["Astrolabe","Cursed Key"],"picked":"Inserter"},{"not_picked":["Snecko Eye","Philosopher\u0027s Stone"],"picked":"White Beast Statue"}],"potions_floor_spawned":[5,10,18,21,22,35,37,39,41,42,45,48],"seed_played":"1893104487324314245","ascension_level":0,"is_trial":false}