{"gold_per_floor":[111,131,61,72,83,83,112,112,181,87,87,114,7,282,282,377,377,390,390,410,610,26,26,26,26,26,45,59,59,69,69],"floor_reached":31,"playtime":1691,"items_purged":["PanicButton"],"score":365,"play_id":"a172c22f-1a9f-4e2e-95bd-27959f871fed","local_time":"20190301005002","is_ascension_mode":true,"campfire_choices":[{"data":"Zap","floor":6.0,"key":"SMITH"},{"data":"Skim","floor":8.0,"key":"SMITH"},{"data":"Capacitor","floor":11.0,"key":"SMITH"},{"data":"Darkness","floor":15,"key":"SMITH"},{"floor":23,"key":"REST"},{"data":"Bandage Up","floor":25,"key":"SMITH"},{"floor":29,"key":"REST"}],"neow_cost":"NONE","seed_source_timestamp":949435573829854,"circlet_count":0,"master_deck":["AscendersBane","Strike_B","Strike_B","Strike_B","Strike_B","Defend_B","Defend_B","Defend_B","Defend_B","Zap+1","Dualcast","Self Repair","Capacitor+1","Skim+1","Undo","Auto Shields","Rebound+1","Barrage+1","Stack","Capacitor","Darkness+1","Electrodynamics","Bandage Up+1","Dark Shackles","Steam","Doom and Gloom+1","Sweeping Beam+1","Defragment+1"],"special_seed":0,"relics":["Busted Crown","Turnip","Molten Egg 2","Omamori","Nuclear Battery","PreservedInsect","Peace Pipe"],"potions_floor_usage":[18,31,31],"damage_taken":[{"damage":3.0,"enemies":"Jaw Worm","floor":1.0,"turns":4.0},{"damage":1.0,"enemies":"Cultist","floor":2.0,"turns":3.0},{"damage":0.0,"enemies":"Small Slimes","floor":4.0,"turns":4.0},{"damage":0.0,"enemies":"Exordium Thugs","floor":5.0,"turns":4.0},{"damage":8.0,"enemies":"Lagavulin","floor":7.0,"turns":9.0},{"damage":28,"enemies":"3 Sentries","floor":12,"turns":13},{"damage":36,"enemies":"Slime Boss","floor":16,"turns":9},{"damage":12,"enemies":"Spheric Guardian","floor":18,"turns":5},{"damage":1,"enemies":"Chosen","floor":20,"turns":7},{"damage":29,"enemies":"Snake Plant","floor":27,"turns":5},{"damage":19,"enemies":"Chosen and Byrds","floor":28,"turns":6},{"damage":62,"enemies":"Cultist and Chosen","floor":30,"turns":8},{"damage":0,"enemies":"3 Cultists","floor":31,"turns":2}],"seed_played":"8885506477088378464","potions_obtained":[{"floor":1.0,"key":"Explosive Potion"},{"floor":2.0,"key":"Fire Potion"},{"floor":5.0,"key":"SpeedPotion"},{"floor":27,"key":"FearPotion"},{"floor":28,"key":"Dexterity Potion"}],"is_trial":false,"path_per_floor":["M","M","$","M","M","R","E","R","T","$","R","E","$","?","R","B",null,"M","?","M","?","$","R","$","R","T","M","M","R","M","M"],"character_chosen":"DEFECT","items_purchased":["Capacitor","Rebound+1","Barrage+1","Capacitor","Darkness","PreservedInsect","Peace Pipe","Doom and Gloom+1"],"campfire_rested":2,"item_purchase_floors":[3,10,10,13,13,22,22,22],"current_hp_per_floor":[65,64,64,71,75,75,74,74,74,74,74,53,53,53,53,24,62,57,29,39,39,39,61,61,61,61,45,39,61,12,12],"gold":69,"neow_bonus":"BOSS_RELIC","is_prod":false,"is_daily":false,"chose_seed":false,"campfire_upgraded":5,"win_rate":0,"timestamp":1551423002,"path_taken":["M","M","$","M","M","R","E","R","T","$","R","E","$","?","R","BOSS","M","?","?","?","$","R","?","R","T","M","M","R","M","M"],"build_version":"2019-01-23","purchased_purges":1,"victory":false,"max_hp_per_floor":[75,75,75,75,75,75,75,75,75,75,75,75,75,75,75,75,75,75,75,75,75,75,75,75,75,75,75,75,75,75,75],"card_choices":[{"not_picked":["Fusion"],"picked":"SKIP","floor":1.0},{"not_picked":[],"picked":"Self Repair","floor":2.0},{"not_picked":[],"picked":"Skim","floor":4.0},{"not_picked":[],"picked":"Undo","floor":5.0},{"not_picked":[],"picked":"Auto Shields","floor":7.0},{"not_picked":[],"picked":"Stack","floor":12},{"not_picked":[],"picked":"Electrodynamics","floor":16},{"not_picked":["Streamline+1"],"picked":"SKIP","floor":18},{"not_picked":[],"picked":"Steam","floor":20},{"not_picked":["Double Energy+1"],"picked":"SKIP","floor":27},{"not_picked":[],"picked":"Sweeping Beam+1","floor":28},{"not_picked":[],"picked":"Defragment+1","floor":30}],"player_experience":581928,"relics_obtained":[{"floor":7.0,"key":"Turnip"},{"floor":9.0,"key":"Molten Egg 2"},{"floor":12,"key":"Omamori"}],"event_choices":[{"damage_healed":0,"gold_gain":275,"player_choice":"Desecrate","damage_taken":0,"max_hp_gain":0,"max_hp_loss":0,"event_name":"Golden Shrine","floor":14,"gold_loss":0,"cards_obtained":["Regret"]},{"damage_healed":0,"gold_gain":0,"player_choice":"CARD CARD CARD ","damage_taken":28,"max_hp_gain":0,"max_hp_loss":0,"event_name":"Knowing Skull","floor":19,"potions_obtained":[],"gold_loss":0,"cards_obtained":["PanicButton","Bandage Up","Dark Shackles"]},{"damage_healed":0,"gold_gain":250,"player_choice":"Bet on Owner","damage_taken":0,"max_hp_gain":0,"max_hp_loss":0,"event_name":"The Joust","floor":21,"gold_loss":50}],"is_beta":false,"boss_relics":[{"not_picked":["Ectoplasm","Runic Dome"],"picked":"Nuclear Battery"}],"items_purged_floors":[22],"is_endless":false,"potions_floor_spawned":[1,2,5,27,28],"killed_by":"3 Cultists","ascension_level":10}