{"gold_per_floor":[116,116,130,55,55,89,89,105,105,126,141,155,220,251,251,348,348,359,359,379,396,495,495,495,528,554,589,619,666,678,702,714,827,889,917,943,481,495,513,513,539,539,539,539,599,616,616,629,629,629],"floor_reached":50,"playtime":2508,"items_purged":["Defend_R"],"score":707,"play_id":"07ba0584-045a-4033-bcd6-cd5a83c5432a","local_time":"20181023003118","is_ascension_mode":true,"campfire_choices":[{"data":"Perfected Strike","floor":7,"key":"SMITH"},{"data":"Perfected Strike","floor":15,"key":"SMITH"},{"data":"Perfected Strike","floor":23,"key":"SMITH"},{"data":"Perfected Strike","floor":30,"key":"SMITH"},{"floor":32,"key":"REST"},{"data":"Double Tap","floor":40,"key":"SMITH"},{"data":"Offering","floor":44,"key":"SMITH"},{"data":"Flex","floor":47,"key":"SMITH"},{"floor":49,"key":"REST"}],"neow_cost":"TEN_PERCENT_HP_LOSS","seed_source_timestamp":85165505529600,"circlet_count":0,"master_deck":["Strike_R+1","Strike_R","Strike_R","Strike_R","Strike_R","Defend_R","Defend_R","Defend_R","Bash","Perfected Strike+1","Iron Wave","Rage","Pommel Strike","Perfected Strike+1","Wild Strike","Evolve+1","Carnage","Flex+1","Twin Strike+1","Double Tap+1","Perfected Strike+1","Rampage+1","Perfected Strike+1","Perfected Strike+1","Twin Strike","Demon Form+1","Wild Strike","Twin Strike","Offering+1"],"relics":["Burning Blood","Bird Faced Urn","Frozen Egg 2","FossilizedHelix","Mango","Odd Mushroom","Potion Belt","Bag of Marbles","White Beast Statue","Bag of Preparation","Mummified Hand","Whetstone","MawBank","Boot","Tiny House","Self Forming Clay","Toolbox","Red Skull","Toxic Egg 2","Tiny Chest"],"potions_floor_usage":[12,16,18,21,25,29,29,33,33,33,33,35,39,41,41,41,41,48,48,50,50],"damage_taken":[{"damage":7,"enemies":"Small Slimes","floor":1,"turns":4},{"damage":6,"enemies":"Cultist","floor":3,"turns":3},{"damage":20,"enemies":"Gremlin Nob","floor":6,"turns":4},{"damage":0,"enemies":"Jaw Worm","floor":8,"turns":2},{"damage":13,"enemies":"The Mushroom Lair","floor":10,"turns":4},{"damage":0,"enemies":"3 Louse","floor":11,"turns":2},{"damage":0,"enemies":"Large Slime","floor":12,"turns":4},{"damage":18,"enemies":"Lagavulin Event","floor":13,"turns":4},{"damage":18,"enemies":"Lagavulin","floor":14,"turns":5},{"damage":18,"enemies":"Slime Boss","floor":16,"turns":7},{"damage":7,"enemies":"Shell Parasite","floor":18,"turns":3},{"damage":5,"enemies":"2 Thieves","floor":20,"turns":3},{"damage":21,"enemies":"Chosen and Byrds","floor":21,"turns":4},{"damage":20,"enemies":"Slavers","floor":25,"turns":3},{"damage":0,"enemies":"Book of Stabbing","floor":27,"turns":2},{"damage":0,"enemies":"Sentry and Sphere","floor":28,"turns":2},{"damage":31,"enemies":"Gremlin Leader","floor":29,"turns":4},{"damage":14,"enemies":"Centurion and Healer","floor":31,"turns":3},{"damage":43,"enemies":"Automaton","floor":33,"turns":5},{"damage":27,"enemies":"3 Shapes","floor":35,"turns":3},{"damage":0,"enemies":"Orb Walker","floor":36,"turns":1},{"damage":0,"enemies":"Maw","floor":38,"turns":4},{"damage":0,"enemies":"3 Darklings","floor":39,"turns":2},{"damage":43,"enemies":"Giant Head","floor":41,"turns":7},{"damage":16,"enemies":"Nemesis","floor":45,"turns":3},{"damage":0,"enemies":"Writhing Mass","floor":46,"turns":1},{"damage":8,"enemies":"Transient","floor":48,"turns":5},{"damage":95,"enemies":"Donu and Deca","floor":50,"turns":6}],"seed_played":"-1613226056409830977","potions_obtained":[{"floor":8,"key":"SteroidPotion"},{"floor":10,"key":"Ancient Potion"},{"floor":13,"key":"Explosive Potion"},{"floor":16,"key":"SkillPotion"},{"floor":18,"key":"EssenceOfSteel"},{"floor":20,"key":"EssenceOfSteel"},{"floor":21,"key":"Fire Potion"},{"floor":25,"key":"BloodPotion"},{"floor":27,"key":"Ancient Potion"},{"floor":28,"key":"EssenceOfSteel"},{"floor":29,"key":"AttackPotion"},{"floor":31,"key":"Ancient Potion"},{"floor":33,"key":"GamblersBrew"},{"floor":34,"key":"PowerPotion"},{"floor":35,"key":"EssenceOfSteel"},{"floor":36,"key":"Energy Potion"},{"floor":38,"key":"Weak Potion"},{"floor":39,"key":"SteroidPotion"},{"floor":41,"key":"Fire Potion"},{"floor":45,"key":"Fire Potion"},{"floor":46,"key":"BloodPotion"},{"floor":48,"key":"LiquidBronze"}],"is_trial":false,"path_per_floor":["M","?","M","$","?","E","R","M","T","?","M","M","?","E","R","B",null,"M","?","M","M","?","R","?","E","T","E","M","E","R","M","R","B",null,"M","M","$","M","M","R","E","?","T","R","E","M","R","M","R"],"character_chosen":"IRONCLAD","items_purchased":["Twin Strike","Self Forming Clay","Toolbox"],"campfire_rested":2,"item_purchase_floors":[37,37,37],"current_hp_per_floor":[71,71,71,71,59,45,45,51,65,58,64,72,60,48,48,38,86,85,85,86,71,71,71,71,57,57,63,69,52,52,44,69,32,91,74,80,80,86,91,91,56,56,56,56,48,54,54,52,77,0],"gold":629,"neow_bonus":"ONE_RARE_RELIC","is_prod":false,"is_daily":false,"chose_seed":false,"campfire_upgraded":7,"win_rate":0,"timestamp":1540272678,"path_taken":["M","?","M","$","?","E","R","M","T","?","?","M","?","E","R","BOSS","M","?","M","M","?","R","?","E","T","E","M","E","R","M","R","BOSS","M","M","$","M","M","R","E","?","T","R","E","M","R","M","R","BOSS"],"build_version":"2018-10-18","purchased_purges":1,"victory":false,"max_hp_per_floor":[72,72,72,72,72,72,72,72,86,86,86,86,86,86,86,86,86,86,86,86,86,86,86,86,86,86,86,86,86,86,86,86,86,91,91,91,91,91,91,91,91,86,86,86,86,86,86,86,86,86],"card_choices":[{"not_picked":["Body Slam","Sword Boomerang"],"picked":"Perfected Strike","floor":1},{"not_picked":["Heavy Blade","Havoc"],"picked":"Rage","floor":3},{"not_picked":["Limit Break","Clash"],"picked":"Pommel Strike","floor":6},{"not_picked":["Havoc","Warcry"],"picked":"Perfected Strike","floor":8},{"not_picked":["Infernal Blade","Disarm"],"picked":"Wild Strike","floor":10},{"not_picked":["Warcry","Shockwave"],"picked":"Evolve+1","floor":11},{"not_picked":["Iron Wave","Havoc"],"picked":"Carnage","floor":12},{"not_picked":["True Grit","Corruption+1"],"picked":"Flex","floor":13},{"not_picked":["Fiend Fire","Flex"],"picked":"Twin Strike","floor":14},{"not_picked":["Impervious","Feed"],"picked":"Double Tap","floor":16},{"not_picked":["Headbutt","Ghostly Armor","Disarm"],"picked":"SKIP","floor":18},{"not_picked":["Flex","Barricade+1"],"picked":"Perfected Strike","floor":20},{"not_picked":["Havoc","Clothesline"],"picked":"Rampage","floor":21},{"not_picked":["Hemokinesis","Thunderclap","Armaments"],"picked":"SKIP","floor":25},{"not_picked":["Heavy Blade","Headbutt+1"],"picked":"Perfected Strike","floor":27},{"not_picked":["Disarm","Limit Break","Havoc"],"picked":"SKIP","floor":28},{"not_picked":["Cleave","Disarm"],"picked":"Twin Strike","floor":29},{"not_picked":["Second Wind+1","Power Through","Entrench"],"picked":"SKIP","floor":31},{"not_picked":["Impervious","Berserk+1"],"picked":"Demon Form+1","floor":33},{"not_picked":["Clothesline","Uppercut"],"picked":"Wild Strike","floor":34},{"not_picked":["Second Wind+1","Armaments+1","Blood for Blood"],"picked":"SKIP","floor":35},{"not_picked":["Warcry+1","Shrug It Off","Body Slam+1"],"picked":"SKIP","floor":36},{"not_picked":["Dropkick","Burning Pact+1","Thunderclap+1"],"picked":"SKIP","floor":38},{"not_picked":["Cleave+1","Iron Wave+1","Flame Barrier+1"],"picked":"SKIP","floor":39},{"not_picked":["Uppercut","Sword Boomerang+1"],"picked":"Offering","floor":41},{"not_picked":["Warcry+1","True Grit+1","Fiend Fire"],"picked":"SKIP","floor":45},{"not_picked":["Headbutt","Anger","Blood for Blood"],"picked":"SKIP","floor":46},{"not_picked":["Sword Boomerang","Shrug It Off+1","True Grit+1"],"picked":"SKIP","floor":48}],"player_experience":170384,"relics_obtained":[{"floor":6,"key":"FossilizedHelix"},{"floor":9,"key":"Mango"},{"floor":10,"key":"Odd Mushroom"},{"floor":14,"key":"Bag of Marbles"},{"floor":25,"key":"Mummified Hand"},{"floor":26,"key":"Whetstone"},{"floor":27,"key":"MawBank"},{"floor":29,"key":"Boot"},{"floor":41,"key":"Red Skull"},{"floor":43,"key":"Toxic Egg 2"},{"floor":45,"key":"Tiny Chest"}],"event_choices":[{"damage_healed":0,"gold_gain":0,"player_choice":"1 cards matched","damage_taken":0,"max_hp_gain":0,"max_hp_loss":0,"event_name":"Match and Keep!","floor":2,"gold_loss":0,"cards_obtained":["Iron Wave"]},{"damage_healed":0,"gold_gain":0,"player_choice":"Success","damage_taken":12,"relics_obtained":["Frozen Egg 2"],"max_hp_gain":0,"max_hp_loss":0,"event_name":"Scrap Ooze","floor":5,"gold_loss":0},{"damage_healed":0,"gold_gain":0,"player_choice":"Fought Mushrooms","damage_taken":0,"max_hp_gain":0,"max_hp_loss":0,"event_name":"Mushrooms","floor":10,"gold_loss":0},{"damage_healed":0,"gold_gain":0,"player_choice":"Searched \u00273\u0027 times","damage_taken":0,"relics_obtained":["Potion Belt"],"max_hp_gain":0,"max_hp_loss":0,"event_name":"Dead Adventurer","floor":13,"gold_loss":0},{"damage_healed":0,"gold_gain":0,"player_choice":"Gave Potion","damage_taken":0,"relics_obtained":["Bag of Preparation"],"max_hp_gain":0,"max_hp_loss":0,"event_name":"WeMeetAgain","floor":19,"gold_loss":0},{"damage_healed":0,"gold_gain":99,"player_choice":"Stole From Cult","damage_taken":0,"max_hp_gain":0,"max_hp_loss":0,"event_name":"Nest","floor":22,"gold_loss":0},{"damage_healed":0,"gold_gain":0,"player_choice":"Copied","damage_taken":0,"max_hp_gain":0,"max_hp_loss":0,"event_name":"Duplicator","floor":24,"gold_loss":0,"cards_obtained":["Perfected Strike"]},{"damage_healed":0,"gold_gain":0,"player_choice":"Max HP","damage_taken":0,"max_hp_gain":0,"max_hp_loss":5,"event_name":"Winding Halls","floor":42,"gold_loss":0}],"is_beta":false,"boss_relics":[{"not_picked":["Philosopher\u0027s Stone","Runic Cube"],"picked":"White Beast Statue"},{"not_picked":["Cursed Key","Calling Bell"],"picked":"Tiny House"}],"items_purged_floors":[4],"is_endless":false,"potions_floor_spawned":[8,10,13,16,18,20,21,25,27,28,29,31,33,35,36,38,39,41,45,46,48],"killed_by":"Donu and Deca","ascension_level":2}