{"gold_per_floor":[110,110,124,142,292,292,308,308,308,308,327,327,337,7,7,78,78,89,4,23,23,23,23,23],"floor_reached":24,"playtime":778,"items_purged":[],"score":363,"play_id":"6bad3852-3cf6-4baf-8acb-fe377818d849","local_time":"20190404163142","is_ascension_mode":true,"campfire_choices":[{"floor":6,"key":"REST"},{"data":"Electrodynamics","floor":8,"key":"SMITH"},{"data":"Auto Shields","floor":12,"key":"SMITH"},{"data":"Mind Blast","floor":15,"key":"SMITH"},{"floor":23,"key":"REST"}],"neow_cost":"TEN_PERCENT_HP_LOSS","seed_source_timestamp":1278995513563347,"circlet_count":0,"master_deck":["AscendersBane","Strike_B","Strike_B","Strike_B","Strike_B","Defend_B","Defend_B","Defend_B","Defend_B","Zap","Dualcast","Electrodynamics+1","FTL+1","Rebound","Self Repair","Doubt","Leap","Auto Shields+1","Conserve Battery","Mind Blast+1","Gash","Fission","Redo"],"relics":["FrozenCore","FaceOfCleric","Shuriken","Regal Pillow","Sundial"],"potions_floor_usage":[11,11],"damage_taken":[{"damage":9,"enemies":"2 Louse","floor":1,"turns":2},{"damage":1,"enemies":"Cultist","floor":3,"turns":3},{"damage":7,"enemies":"Jaw Worm","floor":4,"turns":2},{"damage":2,"enemies":"Large Slime","floor":7,"turns":4},{"damage":5,"enemies":"Exordium Thugs","floor":11,"turns":3},{"damage":16,"enemies":"3 Louse","floor":13,"turns":3},{"damage":23,"enemies":"Slime Boss","floor":16,"turns":8},{"damage":24,"enemies":"Shell Parasite","floor":18,"turns":12},{"damage":25,"enemies":"3 Byrds","floor":20,"turns":4},{"damage":66,"enemies":"Slavers","floor":24,"turns":3}],"seed_played":"-3448225772989851003","potions_obtained":[{"floor":1,"key":"Poison Potion"},{"floor":3,"key":"SteroidPotion"},{"floor":7,"key":"Block Potion"}],"is_trial":false,"path_per_floor":["M","?","M","M","?","R","M","R","T","?","M","R","M","$","R","B",null,"M","?","M","$","?","R","E"],"character_chosen":"DEFECT","items_purchased":["Regal Pillow","Mind Blast","Gash"],"campfire_rested":2,"item_purchase_floors":[14,14,14],"current_hp_per_floor":[55,55,55,49,49,66,67,67,67,67,63,63,48,48,48,33,61,45,45,21,21,21,57,0],"gold":23,"neow_bonus":"THREE_RARE_CARDS","is_prod":false,"is_daily":false,"chose_seed":false,"campfire_upgraded":3,"win_rate":0,"timestamp":1554413502,"path_taken":["M","?","?","M","?","R","M","R","T","?","M","R","M","$","R","BOSS","M","?","M","$","?","R","E"],"build_version":"2019-01-23","purchased_purges":0,"victory":false,"max_hp_per_floor":[64,64,65,66,66,66,67,67,67,67,68,68,69,69,69,70,70,71,71,72,72,72,72,72],"card_choices":[{"not_picked":["Seek","Reboot"],"picked":"Electrodynamics","floor":0},{"not_picked":["Gash","Stack"],"picked":"FTL","floor":1},{"not_picked":["Stack","Force Field"],"picked":"Rebound","floor":3},{"not_picked":["Stack","Double Energy"],"picked":"Self Repair","floor":4},{"not_picked":["Coolheaded","Gash"],"picked":"Leap","floor":7},{"not_picked":["Scrape","Stack"],"picked":"Auto Shields","floor":11},{"not_picked":["Barrage","Turbo"],"picked":"Conserve Battery","floor":13},{"not_picked":["Biased Cognition","All For One"],"picked":"Fission","floor":16},{"not_picked":["Conserve Battery","Go for the Eyes"],"picked":"Redo","floor":18},{"not_picked":["Turbo","Doom and Gloom","Go for the Eyes"],"picked":"SKIP","floor":20}],"player_experience":885498,"relics_obtained":[{"floor":9,"key":"Shuriken"}],"event_choices":[{"damage_healed":0,"gold_gain":0,"player_choice":"Trade","damage_taken":0,"relics_obtained":["FaceOfCleric"],"max_hp_gain":0,"max_hp_loss":0,"event_name":"FaceTrader","floor":2,"gold_loss":0},{"damage_healed":0,"gold_gain":150,"player_choice":"AGREE","damage_taken":0,"max_hp_gain":0,"max_hp_loss":0,"event_name":"Liars Game","floor":5,"gold_loss":0,"cards_obtained":["Doubt"]},{"damage_healed":0,"gold_gain":0,"player_choice":"Forge","damage_taken":0,"max_hp_gain":0,"max_hp_loss":0,"event_name":"Accursed Blacksmith","floor":10,"gold_loss":0,"cards_upgraded":["FTL"]},{"damage_healed":0,"gold_gain":0,"player_choice":"Obtained Relic","damage_taken":0,"relics_obtained":["Sundial"],"max_hp_gain":0,"max_hp_loss":0,"event_name":"Addict","floor":19,"gold_loss":85},{"damage_healed":0,"gold_gain":0,"player_choice":"Ignored","damage_taken":0,"max_hp_gain":0,"max_hp_loss":0,"event_name":"Ghosts","floor":22,"gold_loss":0}],"is_beta":false,"boss_relics":[{"not_picked":["Runic Dome","Runic Pyramid"],"picked":"FrozenCore"}],"items_purged_floors":[],"is_endless":false,"potions_floor_spawned":[1,3,7],"killed_by":"Slavers","ascension_level":19}