{"gold_per_floor":[118,132,132,151,151,184,184,359,359,383,383,403,403,438,438,540,540,550,307,318,334,346,376,376,386,386,399,409,442,481,511,511,633,633,668,164,208,236,295,295,334,334,334,334,369,407,446,475,475,503],"floor_reached":51,"playtime":5723,"items_purged":["Underhanded Strike"],"score":816,"play_id":"f2a519d0-767f-4588-89b0-260dabe2a184","local_time":"20190311152024","daily_mods":["Draft","Vintage","Green Cards","Lethality"],"is_ascension_mode":false,"campfire_choices":[{"data":"Blade Dance","floor":7.0,"key":"SMITH"},{"data":"Accuracy","floor":11.0,"key":"SMITH"},{"data":"Blade Dance","floor":13.0,"key":"SMITH"},{"data":"Flying Knee","floor":15.0,"key":"SMITH"},{"data":"Apotheosis","floor":24.0,"key":"SMITH"},{"data":"Flex","floor":32.0,"key":"SMITH"},{"data":"Flex","floor":40.0,"key":"SMITH"},{"data":"Bouncing Flask","floor":42.0,"key":"SMITH"},{"data":"Fire Breathing","floor":49.0,"key":"SMITH"}],"neow_cost":"","seed_source_timestamp":0,"circlet_count":0,"master_deck":["Warcry","Flex+1","Hidden Blade","Iron Wave","Iron Wave","Flex+1","Outmaneuver","Flying Knee+1","Twin Strike","Blade Dance+1","Shrug It Off","Blade Dance+1","Dagger Spray+1","Clash","Double Tap+1","Doubt","Accuracy+1","Bouncing Flask+1","Dagger Spray+1","Night Terror","Apotheosis+1","Atom Bomb","Fire Breathing+1"],"special_seed":0,"relics":["Burning Blood","replay:Trail_Library","Replay:Ringing Soul","Replay:Wax Seal","Bottled Flame","conspire:DeflatedDodgeball","Odd Mushroom","Magic Flower","hubris:Metronome","hubris:VirtuousBlindfold","ReplayTheSpireMod:Bottled Flurry","hubris:CrystalStatue","Blood Vial","Vajra","construct:FoamFinger","Art of War","Letter Opener","Garlic","Bandana","Toxic Egg 2","hubris:MysteriousPyramids","Omamori","Philosopher\u0027s Stone","Whetstone","Frozen Eye","Nunchaku","Calipers","Ornamental Fan","Ancient Tea Set","Regal Pillow","Mercury Hourglass","hubris:Icosahedron","conspire:GlowingRock","Chameleon Ring","Boot","hubris:Potato"],"potions_floor_usage":[50,50,50],"damage_taken":[{"damage":0.0,"enemies":"Cultist","floor":1.0,"turns":2.0},{"damage":0.0,"enemies":"2 Louse","floor":2.0,"turns":2.0},{"damage":1.0,"enemies":"Small Slimes","floor":4.0,"turns":2.0},{"damage":12.0,"enemies":"3 Sentries","floor":6.0,"turns":2.0},{"damage":13.0,"enemies":"The Mushroom Lair","floor":10.0,"turns":2.0},{"damage":1.0,"enemies":"Blue Slaver","floor":12.0,"turns":2.0},{"damage":0.0,"enemies":"Gremlin Nob","floor":14.0,"turns":2.0},{"damage":0.0,"enemies":"Fading Forest","floor":16.0,"turns":11.0},{"damage":26.0,"enemies":"2 Thieves","floor":18.0,"turns":2.0},{"damage":0.0,"enemies":"Spheric Guardian","floor":20.0,"turns":2.0},{"damage":0.0,"enemies":"Cultist and Chosen","floor":21.0,"turns":2.0},{"damage":26.0,"enemies":"Snake Plant","floor":22.0,"turns":3.0},{"damage":7.0,"enemies":"Gremlin Leader","floor":23.0,"turns":5.0},{"damage":0.0,"enemies":"Snecko","floor":25.0,"turns":2.0},{"damage":15.0,"enemies":"Centurion and Healer","floor":27.0,"turns":2.0},{"damage":14.0,"enemies":"Shelled Parasite and Fungi","floor":28.0,"turns":2.0},{"damage":0.0,"enemies":"Sentry and Sphere","floor":29.0,"turns":2.0},{"damage":5.0,"enemies":"Cultist and Chosen","floor":30.0,"turns":3.0},{"damage":0.0,"enemies":"Snecko","floor":31.0,"turns":2.0},{"damage":17.0,"enemies":"conspire:MysteriousRune","floor":33.0,"turns":4.0},{"damage":18.0,"enemies":"3 Shapes","floor":35.0,"turns":2.0},{"damage":6.0,"enemies":"3 Darklings","floor":37.0,"turns":2.0},{"damage":26.0,"enemies":"4 Shapes","floor":38.0,"turns":2.0},{"damage":0.0,"enemies":"Maw","floor":39.0,"turns":3.0},{"damage":37.0,"enemies":"Writhing Mass","floor":41.0,"turns":3.0},{"damage":13.0,"enemies":"Spire Growth","floor":45.0,"turns":2.0},{"damage":0.0,"enemies":"3 Darklings","floor":46.0,"turns":1.0},{"damage":7.0,"enemies":"Transient","floor":47.0,"turns":5.0},{"damage":33.0,"enemies":"Writhing Mass","floor":48.0,"turns":4.0},{"damage":66,"enemies":"Time Eater","floor":50,"turns":6}],"seed_played":"-1800801781560587695","potions_obtained":[{"floor":1.0,"key":"Weak Potion"},{"floor":6.0,"key":"Fire Potion"},{"floor":18.0,"key":"Weak Potion"},{"floor":25.0,"key":"Ancient Potion"},{"floor":28.0,"key":"PowerPotion"},{"floor":29.0,"key":"SpeedPotion"},{"floor":35.0,"key":"PowerPotion"},{"floor":38.0,"key":"AttackPotion"},{"floor":39.0,"key":"Ancient Potion"},{"floor":48.0,"key":"Reflective Coating"}],"is_trial":true,"path_per_floor":["M","M","?","M","$","E","R","?","T","?","R","M","R","E","R","B",null,"M","$","M","M","M","E","R","M","T","M","M","M","M","M","R","B",null,"M","$","M","M","M","R","M","R","T","?","M","M","M","M","R","B",null],"character_chosen":"IRONCLAD","items_purchased":["Apotheosis","Frozen Eye","Nunchaku"],"campfire_rested":0,"item_purchase_floors":[19,36,36],"current_hp_per_floor":[80,80,83,83,83,80,80,83,83,79,79,84,84,95,95,98,98,81,84,93,101,84,89,89,101,101,95,93,101,101,101,101,96,104,95,95,101,87,99,99,74,74,74,77,76,88,93,72,72,18],"gold":503,"neow_bonus":"","is_prod":false,"is_daily":false,"chose_seed":false,"campfire_upgraded":9,"win_rate":0,"timestamp":1552342824,"path_taken":["M","M","?","M","$","E","R","?","T","?","R","M","R","E","R","BOSS","M","$","M","M","M","E","R","M","T","M","M","M","M","M","R","BOSS","M","$","M","M","M","R","M","R","T","?","M","M","?","M","R","BOSS"],"build_version":"2019-01-23","purchased_purges":1,"victory":true,"max_hp_per_floor":[80,80,83,83,83,86,86,89,89,92,92,92,92,95,95,98,98,98,101,101,101,101,101,101,101,101,101,101,101,101,101,101,104,104,104,104,104,104,104,104,104,104,104,107,107,107,107,107,107,107],"card_choices":[{"not_picked":["Reckless Charge","Concentrate"],"picked":"Warcry","floor":0.0},{"not_picked":["Prepared","Rage"],"picked":"Flex","floor":0.0},{"not_picked":["hubris:TrickCloak","Combust"],"picked":"Hidden Blade","floor":0.0},{"not_picked":["ReplayTheSpireMod:Shiv Toss","Clash"],"picked":"Iron Wave","floor":0.0},{"not_picked":["Prepared","Hidden Blade"],"picked":"Deflect","floor":0.0},{"not_picked":["Flame Barrier","Warcry"],"picked":"Iron Wave","floor":0.0},{"not_picked":["Eviscerate","Havoc"],"picked":"Flex","floor":0.0},{"not_picked":["Dropkick","Crippling Poison"],"picked":"Outmaneuver","floor":0.0},{"not_picked":["Shrug It Off","Headbutt"],"picked":"Flying Knee","floor":0.0},{"not_picked":["Run Through","ReplayTheSpireMod:Strike From Hell"],"picked":"Twin Strike","floor":0.0},{"not_picked":["ReplayTheSpireMod:Scrap Shanks","Havoc"],"picked":"Blade Dance","floor":0.0},{"not_picked":["Outmaneuver","Heavy Blade"],"picked":"Shrug It Off","floor":0.0},{"not_picked":["Shockwave","Hidden Blade"],"picked":"Blade Dance","floor":0.0},{"not_picked":["hubris:TrickCloak","Hemokinesis"],"picked":"Dagger Spray","floor":0.0},{"not_picked":["Bane","Slice"],"picked":"Clash","floor":0.0},{"not_picked":["Sever Soul","Sneak Up"],"picked":"Underhanded Strike","floor":6.0},{"not_picked":["hubris:SlightOfHand","Outmaneuver"],"picked":"Bouncing Flask","floor":10.0},{"not_picked":["Deadly Poison","PiercingWail"],"picked":"Dagger Spray","floor":14.0},{"not_picked":["Limit Break","Phantasmal Killer"],"picked":"Night Terror","floor":16.0},{"not_picked":["Dropkick+1","hubris:SlightOfHand","Underhanded Strike+1"],"picked":"SKIP","floor":23.0},{"not_picked":["conspire:HitWhereItHurts","Unload"],"picked":"Atom Bomb","floor":33.0}],"player_experience":256481,"relics_obtained":[{"floor":1.0,"key":"Replay:Ringing Soul"},{"floor":2.0,"key":"Replay:Wax Seal"},{"floor":4.0,"key":"Bottled Flame"},{"floor":6.0,"key":"conspire:DeflatedDodgeball"},{"floor":10.0,"key":"Odd Mushroom"},{"floor":12.0,"key":"Magic Flower"},{"floor":14.0,"key":"hubris:Metronome"},{"floor":18.0,"key":"ReplayTheSpireMod:Bottled Flurry"},{"floor":20.0,"key":"hubris:CrystalStatue"},{"floor":21.0,"key":"Blood Vial"},{"floor":22.0,"key":"Vajra"},{"floor":23.0,"key":"construct:FoamFinger"},{"floor":25.0,"key":"Art of War"},{"floor":26.0,"key":"Letter Opener"},{"floor":27.0,"key":"Garlic"},{"floor":28.0,"key":"Bandana"},{"floor":29.0,"key":"Toxic Egg 2"},{"floor":30.0,"key":"hubris:MysteriousPyramids"},{"floor":31.0,"key":"Omamori"},{"floor":35.0,"key":"Whetstone"},{"floor":37.0,"key":"Calipers"},{"floor":38.0,"key":"Ornamental Fan"},{"floor":39.0,"key":"Ancient Tea Set"},{"floor":41.0,"key":"Regal Pillow"},{"floor":43.0,"key":"Mercury Hourglass"},{"floor":45.0,"key":"conspire:GlowingRock"},{"floor":46.0,"key":"Chameleon Ring"},{"floor":47.0,"key":"Boot"},{"floor":48.0,"key":"hubris:Potato"}],"event_choices":[{"damage_healed":0.0,"max_hp_gain":0.0,"max_hp_loss":0.0,"gold_gain":175.0,"event_name":"Liars Game","player_choice":"AGREE","floor":8.0,"gold_loss":0.0,"damage_taken":0.0,"cards_obtained":["Doubt"]},{"damage_healed":0.0,"max_hp_gain":0.0,"max_hp_loss":0.0,"gold_gain":0.0,"event_name":"Mushrooms","player_choice":"Fought Mushrooms","floor":10.0,"gold_loss":0.0,"damage_taken":0.0}],"is_beta":false,"boss_relics":[{"not_picked":["construct:WeddingRing","conspire:SeveredTorchhead"],"picked":"hubris:VirtuousBlindfold"},{"not_picked":["Snecko Heart","Ooze Armor"],"picked":"Philosopher\u0027s Stone"}],"items_purged_floors":[19],"is_endless":false,"potions_floor_spawned":[1,6,18,25,28,29,30,35,38,39,48],"ascension_level":0}