{"gold_per_floor":[117,129,142,142,9,41,41,69,94,94,128,143,165,222,222,317,317,301,216,315,335,34,34,65,65,65,65,85,114,131,156,156,253,253,272,326,338,338,9,9,36,48,126,126,155,155,169,186,186,186],"floor_reached":51,"playtime":10441,"items_purged":[],"score":857,"play_id":"a30ca247-a4e6-4b7d-ae54-6c348f3b2639","local_time":"20190316184022","is_ascension_mode":true,"campfire_choices":[{"floor":7,"key":"REST"},{"floor":10,"key":"REST"},{"floor":15,"key":"REST"},{"floor":23,"key":"RECALL"},{"data":"Infinite Blades","floor":25,"key":"SMITH"},{"data":"Footwork","floor":27,"key":"SMITH"},{"floor":32,"key":"REST"},{"floor":40,"key":"REST"},{"floor":44,"key":"REST"},{"floor":49,"key":"REST"}],"neow_cost":"NONE","seed_source_timestamp":676029308040,"circlet_count":0,"master_deck":["Defend_G+1","Defend_G","Defend_G","Defend_G","Defend_G","Strike_G","Strike_G","Strike_G","Strike_G","Strike_G","Survivor","Neutralize","Night Terror","PiercingWail","Backflip","Backflip","Infinite Blades+1","Outmaneuver","Tactician+1","Endless Agony","Flechettes","Concentrate","Prepared","Acrobatics","Adrenaline","Acrobatics+1","Eviscerate","Calculated Gamble","Footwork+1","Escape Plan","Eviscerate","Dash+1","Outmaneuver","Caltrops","Terror","Caltrops+1","Adrenaline","Prepared+1","Bullet Time","Accuracy","Outmaneuver+1","Dagger Spray+1","Flying Knee+1","Storm of Steel","Skewer+1","Dagger Throw+1","Predator+1"],"relics":["Ring of the Snake","Strawberry","Oddly Smooth Stone","Bronze Scales","Pantograph","Odd Mushroom","Incense Burner","Runic Pyramid","Question Card","War Paint","Regal Pillow","Dream Catcher","Cursed Key","The Specimen","Letter Opener","Happy Flower","The Courier","Centennial Puzzle"],"potions_floor_usage":[6,13,14,16,18,24,24,28,31,36,42,45,47,47,48,50,50],"damage_taken":[{"damage":0,"enemies":"Small Slimes","floor":1,"turns":4},{"damage":13,"enemies":"Jaw Worm","floor":2,"turns":6},{"damage":0,"enemies":"2 Louse","floor":3,"turns":4},{"damage":13,"enemies":"Lagavulin","floor":6,"turns":7},{"damage":42,"enemies":"3 Sentries","floor":8,"turns":13},{"damage":26,"enemies":"Lagavulin","floor":11,"turns":11},{"damage":0,"enemies":"Red Slaver","floor":12,"turns":4},{"damage":0,"enemies":"The Mushroom Lair","floor":13,"turns":4},{"damage":10,"enemies":"3 Sentries","floor":14,"turns":7},{"damage":30,"enemies":"Hexaghost","floor":16,"turns":13},{"damage":0,"enemies":"2 Thieves","floor":18,"turns":4},{"damage":0,"enemies":"Shell Parasite","floor":21,"turns":4},{"damage":1,"enemies":"Book of Stabbing","floor":24,"turns":4},{"damage":9,"enemies":"Shelled Parasite and Fungi","floor":28,"turns":5},{"damage":70,"enemies":"Gremlin Leader","floor":29,"turns":8},{"damage":0,"enemies":"Cultist and Chosen","floor":30,"turns":8},{"damage":0,"enemies":"Slavers","floor":31,"turns":6},{"damage":22,"enemies":"Champ","floor":33,"turns":15},{"damage":0,"enemies":"3 Shapes","floor":35,"turns":4},{"damage":39,"enemies":"2 Orb Walkers","floor":36,"turns":7},{"damage":0,"enemies":"Orb Walker","floor":37,"turns":4},{"damage":14,"enemies":"Nemesis","floor":41,"turns":7},{"damage":31,"enemies":"4 Shapes","floor":42,"turns":7},{"damage":13,"enemies":"Reptomancer","floor":45,"turns":6},{"damage":9,"enemies":"Writhing Mass","floor":47,"turns":4},{"damage":13,"enemies":"Spire Growth","floor":48,"turns":4},{"damage":24,"enemies":"Donu and Deca","floor":50,"turns":8}],"seed_played":"-7138787519694356478","potions_obtained":[{"floor":2,"key":"Fire Potion"},{"floor":3,"key":"Strength Potion"},{"floor":11,"key":"Energy Potion"},{"floor":12,"key":"Weak Potion"},{"floor":16,"key":"Fire Potion"},{"floor":18,"key":"Energy Potion"},{"floor":21,"key":"FearPotion"},{"floor":24,"key":"Fruit Juice"},{"floor":30,"key":"Regen Potion"},{"floor":33,"key":"EssenceOfSteel"},{"floor":36,"key":"Weak Potion"},{"floor":37,"key":"GhostInAJar"},{"floor":41,"key":"PowerPotion"},{"floor":45,"key":"EntropicBrew"},{"floor":48,"key":"GamblersBrew"}],"is_trial":false,"path_per_floor":["?","?","?","?","?","?","?","?"],"character_chosen":"THE_SILENT","items_purchased":["Infinite Blades","Outmaneuver","Calculated Gamble","Footwork","Escape Plan","Eviscerate","Accuracy","Letter Opener"],"campfire_rested":7,"item_purchase_floors":[5,5,22,22,22,22,39,39],"current_hp_per_floor":[70,57,57,57,57,51,74,32,32,55,29,29,29,19,42,37,77,77,77,77,77,77,77,76,76,76,76,72,2,2,17,56,59,82,82,43,43,43,43,82,68,37,37,76,63,63,54,41,80,58],"gold":186,"neow_bonus":"ONE_RANDOM_RARE_CARD","is_prod":false,"is_daily":false,"chose_seed":false,"campfire_upgraded":2,"win_rate":0,"timestamp":1552758022,"path_taken":["M","M","M","?","$","E","R","E","T","R","E","M","?","?","R","BOSS","M","?","?","M","$","R","E","R","T","R","M","E","M","E","R","BOSS","M","?","M","?","$","R","E","M","T","R","E","?","M","M","R","BOSS"],"build_version":"2019-01-23","purchased_purges":0,"victory":true,"max_hp_per_floor":[70,70,70,70,70,77,77,77,77,77,77,77,77,77,77,77,77,77,77,77,77,77,77,77,77,77,77,82,82,82,82,82,82,82,82,82,82,82,82,82,82,82,82,82,82,82,82,82,82,82],"card_choices":[{"not_picked":["Slice","Dagger Throw"],"picked":"PiercingWail","floor":1},{"not_picked":["Blade Dance","Cloak And Dagger"],"picked":"Backflip","floor":2},{"not_picked":["Poisoned Stab","Sucker Punch"],"picked":"Backflip","floor":3},{"not_picked":["Masterful Stab","Flying Knee"],"picked":"Tactician","floor":6},{"not_picked":["Dagger Spray","Backflip"],"picked":"Endless Agony","floor":8},{"not_picked":["Cloak And Dagger","Noxious Fumes"],"picked":"Flechettes","floor":11},{"not_picked":["Blade Dance","Setup"],"picked":"Concentrate","floor":12},{"not_picked":["Wraith Form v2","Poisoned Stab"],"picked":"Prepared","floor":13},{"not_picked":["Blade Dance","Backflip"],"picked":"Acrobatics","floor":14},{"not_picked":["Corpse Explosion","After Image"],"picked":"Adrenaline","floor":16},{"not_picked":["Prepared+1","Endless Agony"],"picked":"Acrobatics+1","floor":18},{"not_picked":["Deflect+1","Underhanded Strike","Deadly Poison"],"picked":"Eviscerate","floor":21},{"not_picked":["Concentrate+1","Acrobatics+1","Blade Dance"],"picked":"Dash+1","floor":24},{"not_picked":["Eviscerate","Bane","Backflip+1"],"picked":"Outmaneuver","floor":28},{"not_picked":["Endless Agony+1","Distraction","Outmaneuver"],"picked":"Caltrops","floor":29},{"not_picked":["Skewer","Backflip","Sucker Punch"],"picked":"Terror","floor":30},{"not_picked":["Dodge and Roll","Dagger Spray","Deflect+1"],"picked":"Caltrops+1","floor":31},{"not_picked":["Corpse Explosion","Malaise","Night Terror"],"picked":"Adrenaline","floor":33},{"not_picked":["Expertise+1","PiercingWail","Poisoned Stab+1","Finisher"],"picked":"SKIP","floor":35},{"not_picked":["Cloak And Dagger+1","Eviscerate+1","Bane+1"],"picked":"Prepared+1","floor":36},{"not_picked":["Dodge and Roll+1","Dagger Throw","Bane+1"],"picked":"Bullet Time","floor":37},{"not_picked":["Catalyst","Backflip","Noxious Fumes"],"picked":"Outmaneuver+1","floor":40},{"not_picked":["Sucker Punch","Catalyst+1","Flying Knee"],"picked":"Dagger Spray+1","floor":41},{"not_picked":["Distraction","Dagger Spray","Riddle With Holes+1"],"picked":"Flying Knee+1","floor":42},{"not_picked":["Blade Dance+1","Outmaneuver","Accuracy"],"picked":"Storm of Steel","floor":44},{"not_picked":["Footwork+1","Concentrate+1","Underhanded Strike"],"picked":"Skewer+1","floor":45},{"not_picked":["Deadly Poison+1","Slice+1","Quick Slash"],"picked":"Dagger Throw+1","floor":47},{"not_picked":["Slice","Backstab+1","Terror"],"picked":"Predator+1","floor":48}],"player_experience":95465,"relics_obtained":[{"floor":6,"key":"Strawberry"},{"floor":8,"key":"Oddly Smooth Stone"},{"floor":9,"key":"Bronze Scales"},{"floor":11,"key":"Pantograph"},{"floor":13,"key":"Odd Mushroom"},{"floor":24,"key":"War Paint"},{"floor":29,"key":"Regal Pillow"},{"floor":31,"key":"Dream Catcher"},{"floor":36,"key":"The Specimen"},{"floor":41,"key":"Happy Flower"},{"floor":43,"key":"The Courier"},{"floor":45,"key":"Centennial Puzzle"}],"event_choices":[{"damage_healed":0,"gold_gain":0,"player_choice":"Ignored","damage_taken":0,"max_hp_gain":0,"max_hp_loss":0,"event_name":"Golden Wing","floor":4,"gold_loss":0},{"damage_healed":0,"gold_gain":0,"player_choice":"Fought Mushrooms","damage_taken":0,"max_hp_gain":0,"max_hp_loss":0,"event_name":"Mushrooms","floor":13,"gold_loss":0},{"damage_healed":0,"gold_gain":0,"player_choice":"Searched \u00273\u0027 times","damage_taken":0,"relics_obtained":["Incense Burner"],"max_hp_gain":0,"max_hp_loss":0,"event_name":"Dead Adventurer","floor":14,"gold_loss":0},{"damage_healed":0,"gold_gain":0,"player_choice":"Obtained Relic","damage_taken":0,"relics_obtained":["Question Card"],"max_hp_gain":0,"max_hp_loss":0,"event_name":"Addict","floor":19,"gold_loss":85},{"damage_healed":0,"gold_gain":99,"player_choice":"Stole From Cult","damage_taken":0,"max_hp_gain":0,"max_hp_loss":0,"event_name":"Nest","floor":20,"gold_loss":0},{"damage_healed":0,"gold_gain":0,"player_choice":"Fight","damage_taken":0,"max_hp_gain":0,"max_hp_loss":0,"event_name":"Mysterious Sphere","floor":36,"gold_loss":0},{"damage_healed":0,"gold_gain":0,"player_choice":"Ignored","damage_taken":0,"max_hp_gain":0,"max_hp_loss":0,"event_name":"Tomb of Lord Red Mask","floor":38,"gold_loss":0},{"cards_removed":["Decay"],"damage_healed":0,"gold_gain":0,"player_choice":"Purged","damage_taken":0,"max_hp_gain":0,"max_hp_loss":0,"event_name":"Purifier","floor":46,"gold_loss":0}],"is_beta":false,"boss_relics":[{"not_picked":["Tiny House","Orrery"],"picked":"Runic Pyramid"},{"not_picked":["Calling Bell","Astrolabe"],"picked":"Cursed Key"}],"items_purged_floors":[],"is_endless":false,"potions_floor_spawned":[2,3,11,12,16,18,21,24,30,33,36,37,41,45,48],"ascension_level":2}