{"gold_per_floor":[116,191,191,191,202,202,228,100,152,152,164,199,209,209,209,311,311,331,341,357,357,357],"floor_reached":22,"playtime":817,"items_purged":["Strike_G"],"score":274,"play_id":"b138feef-5d78-4b6e-8475-e193f1f6bf98","local_time":"20190317104029","is_ascension_mode":true,"campfire_choices":[{"floor":6,"key":"REST"},{"data":"Noxious Fumes","floor":10,"key":"SMITH"},{"floor":15,"key":"REST"}],"neow_cost":"NONE","seed_source_timestamp":75950167354709,"circlet_count":0,"master_deck":["Defend_G","Defend_G","Defend_G","Defend_G","Defend_G","Strike_G+1","Strike_G+1","Strike_G","Strike_G","Survivor","Neutralize","Catalyst","Enlightenment","Neutralize","Noxious Fumes+1","Dodge and Roll","Poisoned Stab","Poisoned Stab","Bane","Bane","Malaise","Backflip","Blur","Deflect"],"relics":["Ring of the Snake","NeowsBlessing","Blue Candle","Lantern","Oddly Smooth Stone","Nloth\u0027s Gift"],"potions_floor_usage":[16,20],"damage_taken":[{"damage":0,"enemies":"2 Louse","floor":1,"turns":1},{"damage":0,"enemies":"Small Slimes","floor":5,"turns":1},{"damage":0,"enemies":"Lagavulin","floor":7,"turns":2},{"damage":4,"enemies":"Cultist","floor":11,"turns":3},{"damage":24,"enemies":"Gremlin Nob","floor":12,"turns":4},{"damage":11,"enemies":"Lots of Slimes","floor":13,"turns":3},{"damage":34,"enemies":"Hexaghost","floor":16,"turns":6},{"damage":18,"enemies":"Shell Parasite","floor":18,"turns":5},{"damage":3,"enemies":"Spheric Guardian","floor":19,"turns":5},{"damage":28,"enemies":"Shelled Parasite and Fungi","floor":20,"turns":5},{"damage":8,"enemies":"Cultist and Chosen","floor":22,"turns":3}],"seed_played":"4579763228947262904","potions_obtained":[{"floor":1,"key":"Poison Potion"},{"floor":7,"key":"Ancient Potion"},{"floor":13,"key":"GhostInAJar"},{"floor":19,"key":"Swift Potion"}],"is_trial":false,"path_per_floor":["M","?","?","?","M","R","E","$","T","R","M","E","M","?","R","B",null,"M","M","M","?","M"],"character_chosen":"THE_SILENT","items_purchased":["Poisoned Stab"],"campfire_rested":2,"item_purchase_floors":[8],"current_hp_per_floor":[70,59,45,45,45,66,66,66,66,66,62,38,27,27,48,14,56,38,35,7,7,0],"gold":357,"neow_bonus":"THREE_ENEMY_KILL","is_prod":false,"is_daily":false,"chose_seed":false,"campfire_upgraded":1,"win_rate":0,"timestamp":1552840829,"path_taken":["M","?","?","?","?","R","E","?","T","R","M","E","M","?","R","BOSS","M","M","?","?","?"],"build_version":"2019-01-23","purchased_purges":1,"victory":false,"max_hp_per_floor":[70,70,70,70,70,70,70,70,70,70,70,70,70,70,70,70,70,70,70,70,70,70],"card_choices":[{"not_picked":["Calculated Gamble","Tactician"],"picked":"Catalyst","floor":1},{"not_picked":["Blade Dance","Acrobatics"],"picked":"Noxious Fumes","floor":5},{"not_picked":["Infinite Blades","Dagger Throw"],"picked":"Dodge and Roll","floor":7},{"not_picked":["Deflect","Sucker Punch"],"picked":"Poisoned Stab","floor":11},{"not_picked":["Riddle With Holes","Flechettes"],"picked":"Bane","floor":12},{"not_picked":["Masterful Stab","PiercingWail"],"picked":"Bane","floor":13},{"not_picked":["Wraith Form v2","Glass Knife"],"picked":"Malaise","floor":16},{"not_picked":["Choke","Cloak And Dagger+1"],"picked":"Backflip","floor":18},{"not_picked":["Choke","Slice+1"],"picked":"Blur","floor":19},{"not_picked":["Accuracy","Riddle With Holes"],"picked":"Deflect","floor":20}],"player_experience":119097,"relics_obtained":[{"floor":7,"key":"Blue Candle"},{"floor":9,"key":"Lantern"},{"floor":12,"key":"Oddly Smooth Stone"}],"event_choices":[{"damage_healed":0,"gold_gain":75,"player_choice":"Gather Gold","damage_taken":11,"max_hp_gain":0,"max_hp_loss":0,"event_name":"World of Goop","floor":2,"gold_loss":0},{"damage_healed":0,"gold_gain":0,"player_choice":"Entered Light","damage_taken":14,"max_hp_gain":0,"max_hp_loss":0,"event_name":"Shining Light","floor":3,"gold_loss":0,"cards_upgraded":["Strike_G","Strike_G"]},{"damage_healed":0,"gold_gain":0,"player_choice":"2 cards matched","damage_taken":0,"max_hp_gain":0,"max_hp_loss":0,"event_name":"Match and Keep!","floor":4,"gold_loss":0,"cards_obtained":["Enlightenment","Neutralize"]},{"damage_healed":0,"gold_gain":0,"player_choice":"Bought 0 Potions","damage_taken":0,"max_hp_gain":0,"max_hp_loss":0,"event_name":"The Woman in Blue","floor":14,"gold_loss":0},{"damage_healed":0,"gold_gain":0,"player_choice":"Traded Relic","damage_taken":0,"relics_obtained":["Nloth\u0027s Gift"],"max_hp_gain":0,"max_hp_loss":0,"event_name":"N\u0027loth","floor":21,"relics_lost":["Velvet Choker"],"gold_loss":0}],"is_beta":false,"boss_relics":[{"not_picked":["Busted Crown","Calling Bell"],"picked":"Velvet Choker"}],"items_purged_floors":[8],"is_endless":false,"potions_floor_spawned":[1,7,13,19],"killed_by":"Cultist and Chosen","ascension_level":5}