{"gold_per_floor":[119,119,129,140,156,156,170,170,170,170,184,28,46,101,101,206,206,223,223,223,193,42,42,54,54,54,54,54],"floor_reached":28,"playtime":952,"items_purged":["Sunder"],"score":273,"play_id":"4e8b2d3d-2936-4481-9b62-47e75362de48","local_time":"20190222204712","is_ascension_mode":true,"campfire_choices":[{"data":"Zap","floor":6,"key":"SMITH"},{"data":"Hologram","floor":8,"key":"SMITH"},{"floor":10,"key":"REST"},{"floor":15,"key":"REST"},{"floor":23,"key":"REST"},{"data":"Thunder Strike","floor":27,"key":"SMITH"}],"neow_cost":"CURSE","seed_source_timestamp":417308193424247,"circlet_count":0,"master_deck":["Strike_B","Strike_B","Strike_B","Strike_B","Defend_B","Defend_B","Defend_B","Defend_B","Zap+1","Dualcast","Conserve Battery","Gash","Streamline","Hologram+1","Self Repair","Thunder Strike+1","Defragment+1"],"relics":["Cracked Core","Turnip","Singing Bowl","Dodecahedron","Inserter","Bronze Scales","Potion Belt"],"potions_floor_usage":[16,16,18,25],"damage_taken":[{"damage":0,"enemies":"Small Slimes","floor":1,"turns":3},{"damage":6,"enemies":"Jaw Worm","floor":3,"turns":4},{"damage":0,"enemies":"Cultist","floor":4,"turns":2},{"damage":11,"enemies":"Lots of Slimes","floor":5,"turns":4},{"damage":1,"enemies":"2 Fungi Beasts","floor":7,"turns":2},{"damage":7,"enemies":"Red Slaver","floor":11,"turns":2},{"damage":3,"enemies":"3 Louse","floor":13,"turns":3},{"damage":25,"enemies":"3 Sentries","floor":14,"turns":7},{"damage":31,"enemies":"Hexaghost","floor":16,"turns":9},{"damage":11,"enemies":"Chosen","floor":18,"turns":6},{"damage":17,"enemies":"3 Byrds","floor":24,"turns":3},{"damage":0,"enemies":"Centurion and Healer","floor":25,"turns":1},{"damage":64,"enemies":"3 Cultists","floor":28,"turns":4}],"seed_played":"-8303622700942441828","potions_obtained":[{"floor":4,"key":"Dexterity Potion"},{"floor":5,"key":"EssenceOfSteel"},{"floor":11,"key":"GamblersBrew"},{"floor":14,"key":"LiquidBronze"},{"floor":16,"key":"Ancient Potion"},{"floor":21,"key":"Poison Potion"},{"floor":21,"key":"SmokeBomb"}],"is_trial":false,"path_per_floor":["M","?","M","M","M","R","M","R","T","R","M","$","M","?","R","B",null,"M","?","?","?","$","R","M","M","T","R","M"],"character_chosen":"DEFECT","items_purchased":["Self Repair","Bronze Scales"],"campfire_rested":3,"item_purchase_floors":[12,22],"current_hp_per_floor":[68,61,55,55,44,44,43,43,43,65,60,60,66,50,74,50,73,71,71,55,55,55,81,64,64,64,64,0],"gold":54,"neow_bonus":"ONE_RARE_RELIC","is_prod":false,"is_daily":false,"chose_seed":false,"campfire_upgraded":3,"win_rate":0,"timestamp":1550890032,"path_taken":["M","?","M","M","M","R","M","R","T","R","M","$","M","?","R","BOSS","M","?","?","?","$","R","M","M","T","R","M"],"build_version":"2019-01-23","purchased_purges":1,"victory":false,"max_hp_per_floor":[75,75,75,75,75,75,75,75,75,75,77,77,79,81,81,81,81,83,83,88,88,88,88,88,88,88,88,88],"card_choices":[{"not_picked":["Cold Snap","Sweeping Beam"],"picked":"Conserve Battery","floor":1},{"not_picked":["Sweeping Beam","Chaos"],"picked":"Sunder","floor":3},{"not_picked":["Rip and Tear","Tempest"],"picked":"Gash","floor":4},{"not_picked":["Conserve Battery","Fission"],"picked":"Streamline","floor":5},{"not_picked":["Genetic Algorithm","Go for the Eyes"],"picked":"Hologram","floor":7},{"not_picked":["Hologram","Reprogram","Heatsinks"],"picked":"Singing Bowl","floor":11},{"not_picked":["Beam Cell","Tempest","Stack"],"picked":"Singing Bowl","floor":13},{"not_picked":["Hello World","Heatsinks","Lockon"],"picked":"Singing Bowl","floor":14},{"not_picked":["Reboot","Amplify"],"picked":"Thunder Strike","floor":16},{"not_picked":["Conserve Battery","Heatsinks+1","Compile Driver+1"],"picked":"Singing Bowl","floor":18},{"not_picked":["Loop","Rip and Tear+1"],"picked":"Defragment+1","floor":24}],"player_experience":546352,"relics_obtained":[{"floor":9,"key":"Singing Bowl"},{"floor":14,"key":"Dodecahedron"},{"floor":26,"key":"Potion Belt"}],"event_choices":[{"cards_removed":["Shame"],"damage_healed":0,"gold_gain":0,"player_choice":"Card Removal","damage_taken":7,"max_hp_gain":0,"max_hp_loss":0,"event_name":"Golden Wing","floor":2,"gold_loss":0},{"damage_healed":0,"gold_gain":30,"player_choice":"Searched \u00272\u0027 times","damage_taken":0,"max_hp_gain":0,"max_hp_loss":0,"event_name":"Dead Adventurer","floor":14,"gold_loss":0},{"damage_healed":0,"gold_gain":0,"player_choice":"Ignored","damage_taken":0,"max_hp_gain":0,"max_hp_loss":0,"event_name":"Ghosts","floor":19,"gold_loss":0},{"damage_healed":0,"gold_gain":0,"player_choice":"Shed Blood","damage_taken":21,"max_hp_gain":5,"max_hp_loss":0,"event_name":"Forgotten Altar","floor":20,"gold_loss":0},{"damage_healed":0,"gold_gain":0,"player_choice":"Bought 2 Potions","damage_taken":0,"max_hp_gain":0,"max_hp_loss":0,"event_name":"The Woman in Blue","floor":21,"gold_loss":0}],"is_beta":false,"boss_relics":[{"not_picked":["Astrolabe","Pandora\u0027s Box"],"picked":"Inserter"}],"items_purged_floors":[12],"is_endless":false,"potions_floor_spawned":[4,5,11,14,16,24,25],"killed_by":"3 Cultists","ascension_level":6}