{"gold_per_floor":[111,24,24,24,44,71,71,91,91,91,166,177,195,195,195,296,296,315,315,348,348,348,334,334,369,369,369,9,9,22,22,22,127,127,146,246,468,488,488,488,504,504,504,504,523,523],"floor_reached":46,"playtime":1611,"items_purged":["Writhe"],"score":698,"play_id":"051c430d-66fb-4e8a-b83a-b74b386e0623","local_time":"20190324151539","is_ascension_mode":true,"campfire_choices":[{"data":"Zap","floor":7,"key":"SMITH"},{"data":"Blind","floor":10,"key":"SMITH"},{"floor":15,"key":"REST"},{"floor":24,"key":"REST"},{"floor":27,"key":"REST"},{"floor":32,"key":"REST"},{"floor":40,"key":"REST"},{"floor":42,"key":"REST"}],"neow_cost":"NONE","seed_source_timestamp":2834037397451193,"circlet_count":0,"master_deck":["AscendersBane","Strike_B+1","Strike_B+1","Strike_B+1","Strike_B+1","Defend_B+1","Defend_B+1","Defend_B+1","Defend_B+1","Zap+1","Dualcast","Glacier+1","Blind+1","Ball Lightning","Capacitor","Go for the Eyes","Creative AI","FTL+1","Streamline+1","Capacitor","Discovery","Double Energy+1","All For One","Sweeping Beam+1","Gash","Conserve Battery","Ball Lightning","White Noise+1"],"relics":["FrozenCore","Pen Nib","Darkstone Periapt","Ornamental Fan","Shuriken","Red Mask","Bag of Marbles","Oddly Smooth Stone","Ice Cream","Sling","Ginger","Singing Bowl","Shovel"],"potions_floor_usage":[13,16,20,25,33,41,45],"damage_taken":[{"damage":5,"enemies":"Cultist","floor":1,"turns":4},{"damage":3,"enemies":"Jaw Worm","floor":5,"turns":5},{"damage":21,"enemies":"3 Sentries","floor":6,"turns":12},{"damage":2,"enemies":"Small Slimes","floor":8,"turns":3},{"damage":3,"enemies":"2 Fungi Beasts","floor":12,"turns":3},{"damage":12,"enemies":"Exordium Wildlife","floor":13,"turns":4},{"damage":8,"enemies":"The Guardian","floor":16,"turns":13},{"damage":41,"enemies":"3 Byrds","floor":18,"turns":7},{"damage":41,"enemies":"Masked Bandits","floor":20,"turns":7},{"damage":14,"enemies":"2 Thieves","floor":23,"turns":4},{"damage":11,"enemies":"Book of Stabbing","floor":25,"turns":7},{"damage":20,"enemies":"Snake Plant","floor":30,"turns":5},{"damage":41,"enemies":"Collector","floor":33,"turns":16},{"damage":6,"enemies":"3 Shapes","floor":35,"turns":4},{"damage":13,"enemies":"Mind Bloom Boss Battle","floor":36,"turns":5},{"damage":12,"enemies":"3 Darklings","floor":38,"turns":4},{"damage":36,"enemies":"Spire Growth","floor":41,"turns":6},{"damage":26,"enemies":"Jaw Worm Horde","floor":45,"turns":6},{"damage":38,"enemies":"Giant Head","floor":46,"turns":7}],"seed_played":"515885068045459428","potions_obtained":[{"floor":12,"key":"Fire Potion"},{"floor":13,"key":"SkillPotion"},{"floor":16,"key":"FearPotion"},{"floor":23,"key":"PowerPotion"},{"floor":30,"key":"Explosive Potion"},{"floor":38,"key":"Regen Potion"},{"floor":41,"key":"SkillPotion"}],"is_trial":false,"path_per_floor":["M","$","?","?","M","E","R","M","T","R","?","M","M","T","R","B",null,"M","?","?","?","?","M","R","E","T","R","$","?","M","?","R","B",null,"M","?","?","M","?","R","M","R","T","T","M","E"],"character_chosen":"DEFECT","items_purchased":["Blind","Discovery","Sling"],"campfire_rested":6,"item_purchase_floors":[2,28,28],"current_hp_per_floor":[63,63,48,75,72,51,51,49,49,49,38,35,23,23,45,37,66,25,50,9,15,15,1,25,14,14,38,38,38,18,18,42,1,61,55,42,42,30,30,54,32,56,56,56,30,0],"gold":523,"neow_bonus":"RANDOM_COMMON_RELIC","is_prod":false,"is_daily":false,"chose_seed":false,"campfire_upgraded":2,"win_rate":0,"timestamp":1553436939,"path_taken":["M","?","?","?","M","E","R","?","T","R","?","M","M","?","R","BOSS","M","?","?","?","?","M","R","E","T","R","$","?","?","?","R","BOSS","M","?","?","M","?","R","?","R","T","?","M","E"],"build_version":"2019-01-23","purchased_purges":1,"victory":false,"max_hp_per_floor":[75,75,75,75,75,75,75,75,75,75,75,75,75,75,75,75,75,75,75,75,81,81,81,81,81,81,81,81,81,81,81,81,81,81,81,81,81,81,81,81,81,81,81,81,81,81],"card_choices":[{"not_picked":["Ball Lightning","Gash"],"picked":"Glacier","floor":1},{"not_picked":["Redo","Steam","Heatsinks"],"picked":"SKIP","floor":5},{"not_picked":["Scrape","Go for the Eyes"],"picked":"Ball Lightning","floor":6},{"not_picked":["Steam","Fusion","Ball Lightning"],"picked":"SKIP","floor":8},{"not_picked":["Conserve Battery","Loop"],"picked":"Capacitor","floor":12},{"not_picked":["Sweeping Beam","Meteor Strike"],"picked":"Go for the Eyes","floor":13},{"not_picked":["Hyperbeam","Echo Form"],"picked":"Creative AI","floor":16},{"not_picked":["Storm+1","Rip and Tear"],"picked":"FTL+1","floor":18},{"not_picked":["Rebound","Leap"],"picked":"Streamline+1","floor":20},{"not_picked":["Compile Driver","Fusion","Streamline"],"picked":"SKIP","floor":23},{"not_picked":["Static Discharge","Genetic Algorithm+1"],"picked":"Capacitor","floor":25},{"not_picked":["Sweeping Beam","Beam Cell"],"picked":"Double Energy+1","floor":30},{"not_picked":["Multi-Cast","Meteor Strike"],"picked":"All For One","floor":33},{"not_picked":["Leap+1","Reinforced Body"],"picked":"Sweeping Beam+1","floor":35},{"not_picked":["Leap+1","Turbo"],"picked":"Gash","floor":38},{"not_picked":["Turbo","Stack+1"],"picked":"Ball Lightning","floor":41},{"not_picked":["Steam","Hologram"],"picked":"White Noise+1","floor":45}],"player_experience":310789,"relics_obtained":[{"floor":6,"key":"Darkstone Periapt"},{"floor":9,"key":"Ornamental Fan"},{"floor":14,"key":"Shuriken"},{"floor":20,"key":"Red Mask"},{"floor":25,"key":"Oddly Smooth Stone"},{"floor":26,"key":"Ice Cream"},{"floor":36,"key":"Ginger"},{"floor":43,"key":"Singing Bowl"},{"floor":44,"key":"Shovel"}],"event_choices":[{"damage_healed":0,"gold_gain":0,"player_choice":"Entered Light","damage_taken":15,"max_hp_gain":0,"max_hp_loss":0,"event_name":"Shining Light","floor":3,"gold_loss":0,"cards_upgraded":["Defend_B","Glacier"]},{"damage_healed":27,"gold_gain":0,"player_choice":"Full Heal","damage_taken":0,"max_hp_gain":0,"max_hp_loss":0,"event_name":"Wheel of Change","floor":4,"gold_loss":0},{"damage_healed":0,"gold_gain":75,"player_choice":"Gather Gold","damage_taken":11,"max_hp_gain":0,"max_hp_loss":0,"event_name":"World of Goop","floor":11,"gold_loss":0},{"damage_healed":25,"gold_gain":0,"player_choice":"Heal","damage_taken":0,"max_hp_gain":0,"max_hp_loss":0,"event_name":"The Library","floor":19,"gold_loss":0},{"damage_healed":0,"gold_gain":0,"player_choice":"Fought Bandits","damage_taken":0,"max_hp_gain":0,"max_hp_loss":0,"event_name":"Masked Bandits","floor":20,"gold_loss":0},{"damage_healed":0,"gold_gain":0,"player_choice":"Opened","damage_taken":0,"relics_obtained":["Bag of Marbles"],"max_hp_gain":0,"max_hp_loss":0,"event_name":"The Mausoleum","floor":21,"gold_loss":0,"cards_obtained":["Writhe"]},{"damage_healed":0,"gold_gain":0,"player_choice":"Ignored","damage_taken":0,"max_hp_gain":0,"max_hp_loss":0,"event_name":"Cursed Tome","floor":22,"gold_loss":0},{"damage_healed":0,"gold_gain":0,"player_choice":"Ignored","damage_taken":0,"max_hp_gain":0,"max_hp_loss":0,"event_name":"Vampires","floor":29,"gold_loss":0},{"damage_healed":0,"gold_gain":0,"player_choice":"Simplicity","damage_taken":0,"max_hp_gain":0,"max_hp_loss":0,"event_name":"Back to Basics","floor":31,"gold_loss":0,"cards_upgraded":["Strike_B","Strike_B","Strike_B","Strike_B","Defend_B","Defend_B","Defend_B"]},{"damage_healed":0,"gold_gain":0,"player_choice":"Fight","damage_taken":0,"max_hp_gain":0,"max_hp_loss":0,"event_name":"MindBloom","floor":36,"gold_loss":0},{"damage_healed":0,"gold_gain":222,"player_choice":"Wore Mask","damage_taken":0,"max_hp_gain":0,"max_hp_loss":0,"event_name":"Tomb of Lord Red Mask","floor":37,"gold_loss":0},{"damage_healed":0,"gold_gain":0,"player_choice":"1 cards matched","damage_taken":0,"max_hp_gain":0,"max_hp_loss":0,"event_name":"Match and Keep!","floor":39,"gold_loss":0,"cards_obtained":["Conserve Battery"]}],"is_beta":false,"boss_relics":[{"not_picked":["Sozu","Astrolabe"],"picked":"FrozenCore"},{"not_picked":["Coffee Dripper","Snecko Eye","Fusion Hammer"]}],"items_purged_floors":[28],"is_endless":false,"potions_floor_spawned":[12,13,16,23,30,38,41],"killed_by":"Giant Head","ascension_level":11}