{"gold_per_floor":[117,117,46,65,137,168,186,186,238,255,255,60,60,75,75,75],"floor_reached":16,"playtime":1315,"items_purged":[],"score":100,"play_id":"12b90a38-25c1-4283-9869-c1e939fa1cc3","local_time":"20190307203227","is_ascension_mode":false,"campfire_choices":[{"floor":11,"key":"REST"},{"floor":13,"key":"REST"},{"data":"Bash","floor":15,"key":"SMITH"}],"neow_cost":"NONE","seed_source_timestamp":84822996798342,"circlet_count":0,"master_deck":["Strike_R","Strike_R","Strike_R","Strike_R","Strike_R","Defend_R","Defend_R","Defend_R","Defend_R","Bash+1","Sword Boomerang","Carnage","Pommel Strike","Shrug It Off","Headbutt","Flame Barrier","Blind","Warcry","Body Slam","Clothesline"],"relics":["Burning Blood","Ancient Tea Set","Bag of Preparation","Happy Flower"],"potions_floor_usage":[6],"damage_taken":[{"damage":6,"enemies":"Jaw Worm","floor":1,"turns":3},{"damage":8,"enemies":"Small Slimes","floor":4,"turns":4},{"damage":65,"enemies":"Gremlin Nob","floor":6,"turns":6},{"damage":0,"enemies":"2 Louse","floor":7,"turns":3},{"damage":3,"enemies":"Large Slime","floor":10,"turns":6},{"damage":0,"enemies":"Gremlin Gang","floor":14,"turns":4},{"damage":80,"enemies":"Hexaghost","floor":16,"turns":14}],"seed_played":"-2183974377323542104","potions_obtained":[{"floor":4,"key":"Explosive Potion"},{"floor":6,"key":"Dexterity Potion"},{"floor":10,"key":"PowerPotion"}],"is_trial":false,"path_per_floor":["?","?","?","$"],"character_chosen":"IRONCLAD","items_purchased":["Carnage","Blind","Warcry","Body Slam"],"campfire_rested":2,"item_purchase_floors":[3,12,12,12],"current_hp_per_floor":[80,80,80,78,78,19,25,25,25,28,52,52,76,80,80,0],"gold":75,"neow_bonus":"RANDOM_COMMON_RELIC","is_prod":false,"is_daily":false,"chose_seed":false,"campfire_upgraded":1,"win_rate":0.0,"timestamp":1551987147,"path_taken":["M","?","$","M","?","E","M","?","T","M","R","?","R","M","R","BOSS"],"build_version":"2019-01-23","purchased_purges":0,"victory":false,"max_hp_per_floor":[80,80,80,80,80,80,80,80,80,80,80,80,80,80,80,80],"card_choices":[{"not_picked":["Perfected Strike","Clash"],"picked":"Sword Boomerang","floor":1},{"not_picked":["Hemokinesis","True Grit"],"picked":"Pommel Strike","floor":4},{"not_picked":["Burning Pact","True Grit"],"picked":"Shrug It Off","floor":6},{"not_picked":["Perfected Strike","Ghostly Armor"],"picked":"Headbutt","floor":7},{"not_picked":["Bloodletting","Reckless Charge"],"picked":"Flame Barrier","floor":10},{"not_picked":["Clash","Searing Blow"],"picked":"Clothesline","floor":14}],"player_experience":14828,"relics_obtained":[{"floor":6,"key":"Bag of Preparation"},{"floor":9,"key":"Happy Flower"}],"event_choices":[{"damage_healed":0,"gold_gain":0,"player_choice":"Ignored","damage_taken":0,"max_hp_gain":0,"max_hp_loss":0,"event_name":"Liars Game","floor":2,"gold_loss":0},{"damage_healed":0,"gold_gain":72,"player_choice":"Gained Gold","damage_taken":0,"max_hp_gain":0,"max_hp_loss":0,"event_name":"Golden Wing","floor":5,"gold_loss":0},{"damage_healed":0,"gold_gain":0,"player_choice":"Searched \u00270\u0027 times","damage_taken":0,"max_hp_gain":0,"max_hp_loss":0,"event_name":"Dead Adventurer","floor":8,"gold_loss":0}],"is_beta":false,"boss_relics":[],"items_purged_floors":[],"is_endless":false,"potions_floor_spawned":[4,6,10],"killed_by":"Hexaghost","ascension_level":0}