{"gold_per_floor":[113,44,44,68,88,116,116,144,144,156,170,170,170,170,170,274,274,294,313,108,121,121],"floor_reached":22,"playtime":1115,"items_purged":["Strike_G"],"score":213,"play_id":"d64e1925-8b5e-4c17-abcb-88da9d328fca","local_time":"20180712004247","is_ascension_mode":true,"campfire_choices":[{"data":"Noxious Fumes","floor":7,"key":"SMITH"},{"data":"Dodge and Roll","floor":12,"key":"SMITH"},{"floor":15,"key":"REST"}],"neow_cost":"","seed_source_timestamp":863269392057936,"circlet_count":0,"master_deck":["Defend_G","Defend_G","Defend_G","Defend_G","Defend_G","Strike_G","Strike_G","Strike_G","Strike_G","Survivor","Neutralize","Backflip","Noxious Fumes+1","Dodge and Roll+1","Cloak And Dagger","Bane","Poisoned Stab","Burst","Backflip","Footwork","Deadly Poison","Deflect"],"relics":["Ring of the Snake","Bag of Preparation","Orichalcum","Pear","Darkstone Periapt","The Specimen","Velvet Choker"],"potions_floor_usage":[16,16,22],"damage_taken":[{"damage":0,"enemies":"Small Slimes","floor":1,"turns":4},{"damage":1,"enemies":"Jaw Worm","floor":5,"turns":6},{"damage":18,"enemies":"3 Sentries","floor":6,"turns":9},{"damage":13,"enemies":"Gremlin Nob","floor":8,"turns":6},{"damage":0,"enemies":"Cultist","floor":10,"turns":4},{"damage":4,"enemies":"Exordium Wildlife","floor":11,"turns":4},{"damage":50,"enemies":"Slime Boss","floor":16,"turns":13},{"damage":7,"enemies":"Shell Parasite","floor":18,"turns":9},{"damage":22,"enemies":"3 Byrds","floor":19,"turns":5},{"damage":2,"enemies":"3 Cultists","floor":21,"turns":5},{"damage":50,"floor":22,"turns":4}],"seed_played":"-1838083801636417968","potions_obtained":[{"floor":11,"key":"EssenceOfSteel"},{"floor":13,"key":"FearPotion"},{"floor":13,"key":"PowerPotion"},{"floor":13,"key":"Ancient Potion"},{"floor":16,"key":"Ancient Potion"},{"floor":21,"key":"SpeedPotion"}],"is_trial":false,"path_per_floor":["M","$","?","T","M","E","R","E","T","M","M","R","?","?","R","B",null,"M","M","$","M"],"character_chosen":"THE_SILENT","items_purchased":["Noxious Fumes","Footwork","Deadly Poison"],"campfire_rested":1,"item_purchase_floors":[2,20,20],"current_hp_per_floor":[70,70,70,70,69,51,51,48,48,48,44,44,44,37,61,11,80,73,51,51,49,0],"gold":121,"neow_bonus":"","is_prod":false,"is_daily":false,"chose_seed":false,"campfire_upgraded":2,"win_rate":0,"timestamp":1531377767,"path_taken":["M","$","?","?","M","E","R","E","T","?","M","R","?","?","R","BOSS","M","M","$","M","?"],"build_version":"2018-07-05","purchased_purges":1,"victory":false,"max_hp_per_floor":[70,70,70,70,70,70,70,80,80,80,80,80,80,80,80,80,80,80,80,80,80,80],"card_choices":[{"not_picked":["Acrobatics","Prepared"],"picked":"Backflip","floor":1},{"not_picked":["Dagger Spray","Backflip"],"picked":"Dodge and Roll","floor":5},{"not_picked":["Distraction","Calculated Gamble"],"picked":"Cloak And Dagger","floor":6},{"not_picked":["Choke","Reflex"],"picked":"Bane","floor":8},{"not_picked":["Flying Knee","Heel Hook"],"picked":"Poisoned Stab","floor":10},{"not_picked":["Predator","Prepared","Sucker Punch"],"picked":"SKIP","floor":11},{"not_picked":["After Image","Storm of Steel"],"picked":"Burst","floor":16},{"not_picked":["Skewer+1","Quick Slash"],"picked":"Backflip","floor":18},{"not_picked":["Bane","Acrobatics","Bullet Time"],"picked":"SKIP","floor":19},{"not_picked":["Underhanded Strike","Dagger Spray+1"],"picked":"Deflect","floor":21}],"player_experience":93705,"relics_obtained":[{"floor":4,"key":"Bag of Preparation"},{"floor":6,"key":"Orichalcum"},{"floor":8,"key":"Pear"},{"floor":9,"key":"Darkstone Periapt"}],"event_choices":[{"event_name":"The Cleric","player_choice":"Leave","floor":3,"damage_taken":0},{"event_name":"The Lab","player_choice":"Got Potions","floor":13,"damage_taken":0},{"event_name":"Scrap Ooze","player_choice":"success","floor":14,"damage_taken":7},{"event_name":"Masked Bandits","player_choice":"Fought over 121 gold","floor":22,"damage_taken":0}],"boss_relics":[{"not_picked":["Philosopher\u0027s Stone","Tiny House"],"picked":"Velvet Choker"}],"items_purged_floors":[20],"is_endless":false,"potions_floor_spawned":[11,16,21],"ascension_level":2}