{"gold_per_floor":[119,119,44,44,57,7,42,42,42,57,57,74,74,89,89,184,184,199,199,210,28,48,48,48,48,48,67,99,99],"floor_reached":29,"playtime":1101,"items_purged":["Strike_B","Defend_B"],"score":316,"play_id":"2b6255fd-f727-4f8a-bce2-7fa77c52b529","local_time":"20190201012508","is_ascension_mode":true,"campfire_choices":[{"floor":13.0,"key":"REST"},{"floor":15.0,"key":"REST"},{"floor":23.0,"key":"REST"},{"floor":25.0,"key":"REST"}],"neow_cost":"NONE","seed_source_timestamp":0,"circlet_count":0,"master_deck":["Strike_B","Defend_B","Defend_B","Zap","Dualcast","Echo Form","Gash","Gash","Creative AI","Conserve Battery","Cold Snap","Doom and Gloom","Seek","Conserve Battery+1","Leap","Defragment","Blizzard+1"],"special_seed":0,"relics":["Cracked Core","Mercury Hourglass","Centennial Puzzle","Eternal Feather","Dream Catcher"],"potions_floor_usage":[29],"damage_taken":[{"damage":4.0,"enemies":"Jaw Worm","floor":1.0,"turns":4.0},{"damage":11.0,"enemies":"Small Slimes","floor":5.0,"turns":3.0},{"damage":40.0,"enemies":"3 Sentries","floor":7.0,"turns":8.0},{"damage":0.0,"enemies":"2 Louse","floor":10.0,"turns":2.0},{"damage":6.0,"enemies":"Looter","floor":12.0,"turns":3.0},{"damage":3.0,"enemies":"Exordium Wildlife","floor":14.0,"turns":2.0},{"damage":40.0,"enemies":"The Guardian","floor":16.0,"turns":9.0},{"damage":24.0,"enemies":"Spheric Guardian","floor":18.0,"turns":5.0},{"damage":9.0,"enemies":"Shell Parasite","floor":20.0,"turns":4.0},{"damage":0.0,"enemies":"3 Cultists","floor":22.0,"turns":4.0},{"damage":20.0,"enemies":"Sentry and Sphere","floor":27.0,"turns":5.0},{"damage":46.0,"enemies":"Gremlin Leader","floor":28.0,"turns":7.0},{"damage":18,"enemies":"Shelled Parasite and Fungi","floor":29,"turns":4}],"seed_played":"-7761989667754674310","potions_obtained":[{"floor":5.0,"key":"Ancient Potion"},{"floor":12.0,"key":"Swift Potion"},{"floor":16.0,"key":"Weak Potion"},{"floor":20.0,"key":"GamblersBrew"},{"floor":28.0,"key":"Block Potion"}],"is_trial":false,"path_per_floor":["M","?","$","?","M","?","E","?","T","M","?","M","R","M","R","B",null,"M","?","M","$","M","R","$","R","T","M","E","M"],"character_chosen":"DEFECT","items_purchased":["Defragment"],"campfire_rested":4,"item_purchase_floors":[21],"current_hp_per_floor":[64,57,57,62,51,51,11,11,11,11,11,5,29,26,50,10,63,39,24,15,15,15,49,49,83,83,63,17,0],"gold":99,"neow_bonus":"TRANSFORM_CARD","is_prod":false,"is_daily":false,"chose_seed":false,"campfire_upgraded":0,"win_rate":0,"timestamp":1548980708,"path_taken":["M","?","$","?","M","?","E","?","T","?","?","M","R","M","R","BOSS","M","?","M","$","M","R","$","R","T","M","E","M"],"build_version":"2019-01-23","purchased_purges":2,"victory":false,"max_hp_per_floor":[75,75,75,80,80,80,80,80,80,80,80,80,80,80,80,80,80,80,85,85,85,85,85,85,85,85,85,85,85],"card_choices":[{"not_picked":["Streamline","Redo"],"picked":"Gash","floor":1.0},{"not_picked":["Coolheaded","Rebound"],"picked":"Gash","floor":5.0},{"not_picked":["Streamline","Hello World"],"picked":"Creative AI","floor":7.0},{"not_picked":["Redo","Rebound"],"picked":"Conserve Battery","floor":10.0},{"not_picked":["Compile Driver","Stack"],"picked":"Cold Snap","floor":12.0},{"not_picked":["Undo","Coolheaded"],"picked":"Doom and Gloom","floor":14.0},{"not_picked":["Biased Cognition","Thunder Strike"],"picked":"Seek","floor":16.0},{"not_picked":["Rebound","Lockon+1"],"picked":"Conserve Battery+1","floor":18.0},{"not_picked":["Double Energy+1","Stack"],"picked":"Leap","floor":20.0},{"not_picked":["Cold Snap","Ball Lightning"],"picked":"Blizzard+1","floor":22.0},{"not_picked":["Capacitor+1","Double Energy+1","Compile Driver"],"picked":"SKIP","floor":27.0},{"not_picked":["Barrage","Streamline","Sweeping Beam+1"],"picked":"SKIP","floor":28.0}],"player_experience":172535,"relics_obtained":[{"floor":7.0,"key":"Mercury Hourglass"},{"floor":9.0,"key":"Centennial Puzzle"},{"floor":28.0,"key":"Dream Catcher"}],"event_choices":[{"cards_removed":["Defend_B"],"damage_healed":0.0,"max_hp_gain":0.0,"max_hp_loss":0.0,"gold_gain":0.0,"event_name":"Golden Wing","player_choice":"Card Removal","floor":2.0,"gold_loss":0.0,"damage_taken":7.0},{"damage_healed":0.0,"max_hp_gain":5.0,"max_hp_loss":0.0,"gold_gain":0.0,"event_name":"Big Fish","player_choice":"Donut","floor":4.0,"gold_loss":0.0,"damage_taken":0.0},{"cards_removed":["Strike_B"],"damage_healed":0.0,"max_hp_gain":0.0,"max_hp_loss":0.0,"gold_gain":0.0,"event_name":"The Cleric","player_choice":"Card Removal","floor":6.0,"gold_loss":50.0,"damage_taken":0.0},{"damage_healed":0.0,"max_hp_gain":0.0,"max_hp_loss":0.0,"gold_gain":0.0,"event_name":"Golden Idol","player_choice":"Ignored","floor":8.0,"gold_loss":0.0,"damage_taken":0.0},{"damage_healed":0.0,"max_hp_gain":0.0,"max_hp_loss":0.0,"gold_gain":0.0,"event_name":"Liars Game","player_choice":"Ignored","floor":11.0,"gold_loss":0.0,"damage_taken":0.0},{"damage_healed":0.0,"max_hp_gain":5.0,"max_hp_loss":0.0,"gold_gain":0.0,"event_name":"Forgotten Altar","player_choice":"Shed Blood","floor":19.0,"gold_loss":0.0,"damage_taken":20.0}],"is_beta":false,"boss_relics":[{"not_picked":["Coffee Dripper","Runic Dome"],"picked":"Eternal Feather"}],"items_purged_floors":[3,21],"is_endless":false,"potions_floor_spawned":[5,12,16,20,28],"killed_by":"Shelled Parasite and Fungi","ascension_level":6}