{"gold_per_floor":[411,182,196,196,214,214,93,106,106,119,119,145,145,159,159,264,264,280,294,138,188,203,232,249,75,99,131,154,181,221,248,260,376,388,416,428,440,6,18,18,18,18,18,18,18,18,18,30,30,130,130,171,181,181,198,198,198,198,118,118,129,152,152,189,189,189,287,287,306,324,324,239,257,257],"floor_reached":74,"playtime":2279,"items_purged":[],"score":1570,"play_id":"1350377d-9087-43ee-80ce-39104115d71d","local_time":"20181126212535","daily_mods":["SealedDeck","Vintage","Colorless Cards","Heirloom","Time Dilation","Flight"],"is_ascension_mode":false,"campfire_choices":[{"data":"Loop","floor":6,"key":"SMITH"},{"data":"Trip","floor":11,"key":"SMITH"},{"data":"FTL","floor":13,"key":"SMITH"},{"data":"Defragment","floor":15,"key":"SMITH"},{"floor":32,"key":"DIG"},{"floor":40,"key":"DIG"},{"floor":46,"key":"DIG"},{"floor":49,"key":"DIG"},{"floor":57,"key":"DIG"},{"floor":63,"key":"DIG"},{"data":"Capacitor","floor":66,"key":"SMITH"}],"neow_cost":"","seed_source_timestamp":850243994237611,"circlet_count":0,"master_deck":["Redo+1","Go for the Eyes+1","FTL+1","Storm+1","Defragment+1","Conserve Battery+1","Hologram+1","Steam+1","Conserve Battery+1","Loop+1","Trip+1","Stack+1","Stack+1","Self Repair+1","Beam Cell+1","Reboot+1","Trip+1","Hologram+1","Beam Cell+1","Skim+1","Heatsinks+1","The Bomb+1","Transmutation+1","Madness+1","Madness+1","Parasite","Machine Learning+1","Capacitor+1"],"relics":["Unceasing Top","FossilizedHelix","Old Coin","Shuriken","Mummified Hand","Toxic Egg 2","Darkstone Periapt","Gremlin Horn","Bottled Flame","Symbiotic Virus","Coffee Dripper","Question Card","Shovel","Regal Pillow","Vajra","Mango","MawBank","Art of War","War Paint","Lantern","Emotion Chip","Kunai","Du-Vu Doll","Runic Pyramid","Ornamental Fan","Mark of the Bloom","Ice Cream","Juzu Bracelet","Pear","Matryoshka","Orichalcum","Mercury Hourglass","Oddly Smooth Stone","Cables","Ancient Tea Set","Blue Candle","Strawberry","Sozu","DataDisk","Gambling Chip","Potion Belt","Turnip","Singing Bowl","Smiling Mask","Odd Mushroom","Pantograph","Pen Nib","StoneCalendar","Sundial","Dodecahedron","Bottled Tornado"],"potions_floor_usage":[50,50],"damage_taken":[{"damage":0,"enemies":"Jaw Worm","floor":1,"turns":5},{"damage":0,"enemies":"2 Louse","floor":3,"turns":3},{"damage":0,"enemies":"Cultist","floor":5,"turns":3},{"damage":0,"enemies":"Looter","floor":8,"turns":4},{"damage":2,"enemies":"2 Fungi Beasts","floor":10,"turns":3},{"damage":0,"enemies":"Lagavulin","floor":12,"turns":5},{"damage":0,"enemies":"Exordium Thugs","floor":14,"turns":3},{"damage":7,"enemies":"The Guardian","floor":16,"turns":5},{"damage":0,"enemies":"Spheric Guardian","floor":18,"turns":2},{"damage":0,"enemies":"2 Thieves","floor":19,"turns":2},{"damage":0,"enemies":"Snake Plant","floor":22,"turns":2},{"damage":0,"enemies":"Book of Stabbing","floor":23,"turns":2},{"damage":0,"enemies":"Shelled Parasite and Fungi","floor":24,"turns":2},{"damage":0,"enemies":"Sentry and Sphere","floor":27,"turns":3},{"damage":0,"enemies":"Snecko","floor":28,"turns":2},{"damage":0,"enemies":"Chosen and Byrds","floor":29,"turns":3},{"damage":0,"enemies":"Gremlin Leader","floor":30,"turns":3},{"damage":0,"enemies":"Centurion and Healer","floor":31,"turns":2},{"damage":0,"enemies":"Collector","floor":33,"turns":3},{"damage":0,"enemies":"3 Darklings","floor":35,"turns":3},{"damage":0,"enemies":"3 Shapes","floor":39,"turns":3},{"damage":0,"enemies":"Writhing Mass","floor":48,"turns":4},{"damage":13,"enemies":"Donu and Deca","floor":50,"turns":4},{"damage":0,"enemies":"2 Louse","floor":52,"turns":2},{"damage":0,"enemies":"Jaw Worm","floor":53,"turns":2},{"damage":0,"enemies":"Small Slimes","floor":55,"turns":2},{"damage":0,"enemies":"3 Louse","floor":61,"turns":1},{"damage":0,"enemies":"The Mushroom Lair","floor":62,"turns":2},{"damage":0,"enemies":"Exordium Thugs","floor":64,"turns":2},{"damage":0,"enemies":"Hexaghost","floor":67,"turns":2},{"damage":0,"enemies":"Spheric Guardian","floor":69,"turns":2},{"damage":6,"enemies":"3 Byrds","floor":70,"turns":3},{"damage":6,"enemies":"Shelled Parasite and Fungi","floor":73,"turns":2},{"damage":46,"enemies":"Gremlin Leader","floor":74,"turns":2}],"seed_played":"3681847057697682595","potions_obtained":[{"floor":5,"key":"GamblersBrew"},{"floor":10,"key":"EssenceOfSteel"},{"floor":12,"key":"PowerPotion"},{"floor":50,"key":"FairyPotion"}],"is_trial":true,"path_per_floor":["M","$","M","?","M","R","$","M","T","M","R","E","R","M","R","B",null,"M","M","$","?","M","E","M","$","T","M","M","M","E","M","R","B",null,"M","?","?","$","M","R","?","$","T","T","$","R","?","M","R","B",null,"M","M","?","M","?","R","?","$","T","M","?","R","M","$","R","B",null,"M","M","?","?","M","E"],"character_chosen":"DEFECT","items_purchased":["Loop","Trip","Stack","Stack","Self Repair","Trip+1","Hologram+1","Beam Cell","Apotheosis+1","Ice Cream","Juzu Bracelet","Capacitor"],"campfire_rested":0,"item_purchase_floors":[2,2,2,7,7,20,20,20,25,38,38,59],"current_hp_per_floor":[75,75,75,75,75,75,75,75,75,75,75,75,75,75,75,75,75,75,75,75,75,75,75,89,89,89,89,89,89,89,89,89,89,89,89,89,89,89,89,89,89,89,89,89,89,89,77,77,77,64,64,64,64,57,57,57,57,57,57,57,57,57,57,57,57,57,57,57,57,51,51,51,45,0],"gold":257,"neow_bonus":"","is_prod":false,"is_daily":false,"chose_seed":false,"campfire_upgraded":5,"win_rate":0.0,"timestamp":1543289135,"path_taken":["M","$","M","?","M","R","$","M","T","M","R","E","R","M","R","BOSS","M","M","$","?","M","E","M","$","T","?","M","M","E","M","R","BOSS","M","?","?","$","M","R","?","$","T","?","$","R","?","M","R","BOSS","M","M","?","M","?","R","?","$","T","M","?","R","M","$","R","BOSS","M","M","?","?","M","E"],"build_version":"2018-11-15","purchased_purges":0,"victory":false,"max_hp_per_floor":[75,75,75,75,75,75,75,75,75,75,75,75,75,75,75,75,75,75,75,75,75,75,75,89,89,89,89,89,89,89,89,89,89,89,89,89,89,89,99,99,99,99,99,99,99,99,99,105,112,112,112,112,112,112,112,112,112,112,112,112,112,114,114,114,114,114,116,116,116,116,116,116,116,116],"card_choices":[{"not_picked":["FTL","Gash"],"picked":"Beam Cell","floor":12},{"not_picked":["Creative AI","Transmutation+1"],"picked":"Reboot+1","floor":16},{"not_picked":["Storm","Cold Snap","Static Discharge"],"picked":"Skim+1","floor":23},{"not_picked":["Chrysalis+1","Dark Shackles+1","Rebound"],"picked":"Heatsinks","floor":30},{"not_picked":["Electrodynamics","Secret Technique+1","Rainbow+1"],"picked":"The Bomb+1","floor":33},{"not_picked":["Apotheosis+1","Impatience+1","PanicButton+1"],"picked":"Transmutation+1","floor":41},{"not_picked":["Rainbow+1","Meteor Strike","HandOfGreed"],"picked":"Machine Learning","floor":50},{"not_picked":["Go for the Eyes","Gash","Barrage","Rebound"],"picked":"Singing Bowl","floor":62},{"not_picked":["Panache","Machine Learning","Master of Strategy+1","Rainbow+1"],"picked":"Singing Bowl","floor":67}],"player_experience":58011,"relics_obtained":[{"floor":1,"key":"Old Coin"},{"floor":3,"key":"Shuriken"},{"floor":5,"key":"Mummified Hand"},{"floor":8,"key":"Toxic Egg 2"},{"floor":9,"key":"Darkstone Periapt"},{"floor":10,"key":"Gremlin Horn"},{"floor":12,"key":"Bottled Flame"},{"floor":14,"key":"Symbiotic Virus"},{"floor":18,"key":"Question Card"},{"floor":19,"key":"Shovel"},{"floor":22,"key":"Regal Pillow"},{"floor":23,"key":"Vajra"},{"floor":24,"key":"Mango"},{"floor":26,"key":"MawBank"},{"floor":27,"key":"Art of War"},{"floor":28,"key":"War Paint"},{"floor":29,"key":"Lantern"},{"floor":30,"key":"Emotion Chip"},{"floor":31,"key":"Kunai"},{"floor":32,"key":"Du-Vu Doll"},{"floor":35,"key":"Ornamental Fan"},{"floor":39,"key":"Pear"},{"floor":40,"key":"Matryoshka"},{"floor":43,"key":"Orichalcum"},{"floor":43,"key":"Mercury Hourglass"},{"floor":44,"key":"Oddly Smooth Stone"},{"floor":44,"key":"Cables"},{"floor":46,"key":"Ancient Tea Set"},{"floor":48,"key":"Blue Candle"},{"floor":49,"key":"Strawberry"},{"floor":52,"key":"DataDisk"},{"floor":53,"key":"Gambling Chip"},{"floor":55,"key":"Potion Belt"},{"floor":57,"key":"Turnip"},{"floor":60,"key":"Singing Bowl"},{"floor":61,"key":"Smiling Mask"},{"floor":62,"key":"Odd Mushroom"},{"floor":63,"key":"Pantograph"},{"floor":64,"key":"Pen Nib"},{"floor":69,"key":"StoneCalendar"},{"floor":70,"key":"Sundial"},{"floor":73,"key":"Bottled Tornado"}],"event_choices":[{"damage_healed":0,"gold_gain":0,"player_choice":"Grow","damage_taken":0,"max_hp_gain":0,"max_hp_loss":0,"event_name":"Living Wall","floor":4,"gold_loss":0,"cards_upgraded":["Storm"]},{"damage_healed":0,"gold_gain":100,"player_choice":"Bet on Murderer","damage_taken":0,"max_hp_gain":0,"max_hp_loss":0,"event_name":"The Joust","floor":21,"gold_loss":50},{"damage_healed":0,"gold_gain":0,"player_choice":"Upgrade","damage_taken":0,"relics_obtained":["Mark of the Bloom"],"max_hp_gain":0,"max_hp_loss":0,"event_name":"MindBloom","floor":36,"gold_loss":0,"cards_upgraded":["Go for the Eyes","Gash","Conserve Battery","Hologram","Steam","Conserve Battery","Stack","Self Repair","Beam Cell","Beam Cell","Heatsinks"]},{"cards_removed":["Gash"],"damage_healed":0,"gold_gain":0,"player_choice":"Removed Attack","damage_taken":0,"max_hp_gain":0,"max_hp_loss":0,"event_name":"Falling","floor":37,"gold_loss":0},{"damage_healed":0,"gold_gain":0,"player_choice":"Memory 1","damage_taken":0,"max_hp_gain":0,"max_hp_loss":0,"event_name":"SensoryStone","floor":41,"gold_loss":0},{"damage_healed":0,"gold_gain":0,"player_choice":"Embrace Madness","damage_taken":12,"max_hp_gain":0,"max_hp_loss":0,"event_name":"Winding Halls","floor":47,"gold_loss":0,"cards_obtained":["Madness","Madness"]},{"cards_removed":["Apotheosis"],"damage_healed":0,"gold_gain":0,"player_choice":"Card Removal","damage_taken":7,"max_hp_gain":0,"max_hp_loss":0,"event_name":"Golden Wing","floor":54,"gold_loss":0},{"damage_healed":0,"gold_gain":0,"player_choice":"Grow","damage_taken":0,"max_hp_gain":0,"max_hp_loss":0,"event_name":"Living Wall","floor":56,"gold_loss":0,"cards_upgraded":["Machine Learning"]},{"damage_healed":37,"gold_gain":0,"player_choice":"Banana","damage_taken":0,"max_hp_gain":0,"max_hp_loss":0,"event_name":"Big Fish","floor":58,"gold_loss":0},{"damage_healed":0,"gold_gain":0,"player_choice":"Fought Mushrooms","damage_taken":0,"max_hp_gain":0,"max_hp_loss":0,"event_name":"Mushrooms","floor":62,"gold_loss":0},{"damage_healed":38,"gold_gain":0,"player_choice":"Heal","damage_taken":0,"max_hp_gain":0,"max_hp_loss":0,"event_name":"The Library","floor":71,"gold_loss":0},{"damage_healed":0,"gold_gain":0,"player_choice":"Obtained Relic","damage_taken":0,"relics_obtained":["Dodecahedron"],"max_hp_gain":0,"max_hp_loss":0,"event_name":"Addict","floor":72,"gold_loss":85}],"is_beta":false,"boss_relics":[{"not_picked":["Snecko Eye","Orrery"],"picked":"Coffee Dripper"},{"not_picked":["Astrolabe","Cursed Key"],"picked":"Runic Pyramid"},{"not_picked":["Calling Bell","Eternal Feather"],"picked":"Sozu"},{"not_picked":["TwistingMind"],"picked":"VoidEssence"}],"items_purged_floors":[],"is_endless":true,"potions_floor_spawned":[5,10,12,14,23,24,28,29,30,35,50,52,55,62,67,70,73],"killed_by":"Gremlin Leader","ascension_level":0}