{"gold_per_floor":[119,6,17,17,17,50,50,73,100,150,165,165,184,184],"floor_reached":14,"playtime":278,"items_purged":[],"score":172,"play_id":"3dbc9c32-57f9-4b80-8647-618bf832f7b5","local_time":"20190331211311","is_ascension_mode":true,"campfire_choices":[{"data":"Defragment","floor":12,"key":"SMITH"}],"neow_cost":"NONE","seed_source_timestamp":950788430340066,"circlet_count":0,"master_deck":["AscendersBane","Strike_B","Strike_B","Strike_B","Strike_B","Defend_B","Defend_B","Defend_B","Defend_B","Zap","Dualcast","Doom and Gloom+1","FTL","Consume+1","Stack","Undo+1","Defragment+1","Leap"],"relics":["Replay:Bronze Core","Calipers","Pet Ghost","Vajra"],"potions_floor_usage":[3],"damage_taken":[{"damage":8,"enemies":"2 Louse","floor":1,"turns":3},{"damage":7,"enemies":"Small Slimes","floor":3,"turns":2},{"damage":15,"enemies":"3 Sentries","floor":6,"turns":4},{"damage":0,"enemies":"Cultist","floor":11,"turns":3},{"damage":2,"enemies":"Large Slime","floor":13,"turns":5},{"damage":12,"enemies":"Exordium Wildlife","floor":14,"turns":1}],"seed_played":"-2053908852204989134","potions_obtained":[{"floor":1,"key":"Explosive Potion"}],"is_trial":false,"path_per_floor":["M","$","M","?","?","E","?","T","T","?","M","R","M","M"],"character_chosen":"DEFECT","items_purchased":["Hologram","FTL"],"campfire_rested":0,"item_purchase_floors":[2,2],"current_hp_per_floor":[56,56,49,28,28,13,13,13,13,13,13,13,11,0],"gold":184,"neow_bonus":"BOSS_RELIC","is_prod":false,"is_daily":false,"chose_seed":false,"campfire_upgraded":1,"win_rate":0,"timestamp":1554084791,"path_taken":["M","$","M","?","?","E","?","?","T","?","M","R","?","M"],"build_version":"2019-01-23","purchased_purges":0,"victory":false,"max_hp_per_floor":[71,71,71,71,71,71,71,71,71,71,71,71,71,71],"card_choices":[{"not_picked":["Stack","ReplayTheSpireMod:GoodbyeWorld"],"picked":"Doom and Gloom","floor":1},{"not_picked":["Coolheaded","Steam"],"picked":"Consume","floor":3},{"not_picked":["Steam","Blizzard"],"picked":"Stack","floor":6},{"not_picked":["BasicCrystalCard","Redo"],"picked":"Defragment","floor":11},{"not_picked":["Hello World","Panic Button"],"picked":"Leap","floor":13}],"player_experience":878404,"relics_obtained":[{"floor":6,"key":"Calipers"},{"floor":8,"key":"Pet Ghost"},{"floor":9,"key":"Vajra"}],"event_choices":[{"damage_healed":0,"gold_gain":0,"player_choice":"Entered Light","damage_taken":21,"max_hp_gain":0,"max_hp_loss":0,"event_name":"Shining Light","floor":4,"gold_loss":0,"cards_upgraded":["Hologram","Doom and Gloom"]},{"damage_healed":0,"gold_gain":0,"player_choice":"Grow","damage_taken":0,"max_hp_gain":0,"max_hp_loss":0,"event_name":"Living Wall","floor":5,"gold_loss":0,"cards_upgraded":["Consume"]},{"damage_healed":0,"gold_gain":50,"player_choice":"Pray","damage_taken":0,"max_hp_gain":0,"max_hp_loss":0,"event_name":"Golden Shrine","floor":10,"gold_loss":0}],"is_beta":false,"boss_relics":[],"items_purged_floors":[],"is_endless":false,"potions_floor_spawned":[1],"killed_by":"Exordium Wildlife","ascension_level":19}