{"gold_per_floor":[109,123,123,6,6,6,16,16,69,85,103,103,114,143,143,248,248,261,261,2,0,0,0,11,11,35,35,35,51,71,271,271,367,367,387,387,387,387],"floor_reached":38,"playtime":1174,"items_purged":[],"score":416,"play_id":"9d26adc0-1435-4827-827b-2444c2f51603","local_time":"20181208181454","is_ascension_mode":true,"campfire_choices":[{"data":"Zap","floor":6,"key":"SMITH"},{"data":"Sunder","floor":8,"key":"SMITH"},{"floor":12,"key":"REST"},{"floor":15,"key":"REST"},{"floor":23,"key":"REST"},{"floor":27,"key":"REST"},{"floor":32,"key":"REST"}],"neow_cost":"NONE","seed_source_timestamp":351012153735593,"circlet_count":0,"master_deck":["Strike_B","Strike_B","Strike_B+1","Strike_B","Defend_B","Defend_B","Defend_B","Defend_B","Zap+1","Dualcast+1","Coolheaded","Stack","Capacitor+1","Sunder+1","Ball Lightning","FTL","Streamline","All For One","Amplify","Steam+1","Cold Snap","Conserve Battery","Glacier","Heatsinks+1","BootSequence","Ball Lightning","Hyperbeam","Storm+1","Rebound+1","Beam Cell+1","Cold Snap","White Noise+1"],"relics":["FrozenCore","Ancient Tea Set","Anchor","Blue Candle","Membership Card","Strawberry","Orrery"],"potions_floor_usage":[29,33,33],"damage_taken":[{"damage":3,"enemies":"Jaw Worm","floor":1,"turns":3},{"damage":0,"enemies":"Small Slimes","floor":2,"turns":2},{"damage":0,"enemies":"2 Louse","floor":7,"turns":2},{"damage":6,"enemies":"2 Fungi Beasts","floor":10,"turns":3},{"damage":0,"enemies":"Looter","floor":11,"turns":2},{"damage":3,"enemies":"3 Louse","floor":13,"turns":3},{"damage":20,"enemies":"Lagavulin","floor":14,"turns":6},{"damage":14,"enemies":"Slime Boss","floor":16,"turns":8},{"damage":20,"enemies":"Chosen","floor":18,"turns":6},{"damage":4,"enemies":"Spheric Guardian","floor":24,"turns":4},{"damage":13,"enemies":"Chosen and Byrds","floor":29,"turns":7},{"damage":19,"enemies":"Sentry and Sphere","floor":30,"turns":6},{"damage":65,"enemies":"Champ","floor":33,"turns":15},{"damage":24,"enemies":"Orb Walker","floor":35,"turns":4},{"damage":78,"enemies":"3 Darklings","floor":38,"turns":6}],"seed_played":"2053098372663455189","potions_obtained":[{"floor":10,"key":"FearPotion"},{"floor":11,"key":"Dexterity Potion"},{"floor":13,"key":"Fire Potion"},{"floor":33,"key":"Energy Potion"}],"is_trial":false,"path_per_floor":["M","M","?","$","?","R","M","R","T","M","M","R","M","E","R","B",null,"M","?","$","?","?","R","M","?","T","R","?","M","M","?","R","B",null,"M","?","T","M"],"character_chosen":"DEFECT","items_purchased":["Capacitor","Sunder","Membership Card","Conserve Battery","Glacier"],"campfire_rested":5,"item_purchase_floors":[4,4,20,20,20],"current_hp_per_floor":[79,79,63,63,56,56,56,56,56,50,50,74,71,51,75,61,82,62,62,62,62,46,72,68,68,75,94,94,81,62,62,90,25,94,70,70,70,0],"gold":387,"neow_bonus":"TEN_PERCENT_HP_BONUS","is_prod":false,"is_daily":false,"chose_seed":false,"campfire_upgraded":2,"win_rate":0,"timestamp":1544314494,"path_taken":["M","M","?","$","?","R","M","R","T","M","M","R","M","E","R","BOSS","M","?","$","?","?","R","M","?","T","R","?","M","?","?","R","BOSS","M","?","?","M"],"build_version":"2018-12-06","purchased_purges":0,"victory":false,"max_hp_per_floor":[82,82,82,82,82,82,82,82,82,82,82,82,82,82,82,82,82,82,82,82,82,87,87,87,87,94,94,94,94,94,94,94,94,94,94,94,94,94],"card_choices":[{"not_picked":["Reprogram","Force Field"],"picked":"Coolheaded","floor":1},{"not_picked":["Rip and Tear","Heatsinks"],"picked":"Stack","floor":2},{"not_picked":["Barrage","Stack"],"picked":"Ball Lightning","floor":7},{"not_picked":["Lockon","Reinforced Body","Undo"],"picked":"SKIP","floor":10},{"not_picked":["Skim","Heatsinks"],"picked":"FTL","floor":11},{"not_picked":["Steam Power","Double Energy"],"picked":"Streamline","floor":13},{"not_picked":["Capacitor","Genetic Algorithm"],"picked":"All For One","floor":14},{"not_picked":["Fission","All For One"],"picked":"Amplify","floor":16},{"not_picked":["Darkness","Double Energy"],"picked":"Steam+1","floor":18},{"not_picked":["Streamline","Lockon"],"picked":"Heatsinks+1","floor":24},{"not_picked":["Coolheaded","White Noise"],"picked":"BootSequence","floor":29},{"not_picked":["White Noise","Rebound"],"picked":"Ball Lightning","floor":30},{"not_picked":["Core Surge","Reboot"],"picked":"Hyperbeam","floor":33},{"not_picked":["Barrage+1","Ball Lightning"],"picked":"Storm+1","floor":34},{"not_picked":["Blizzard","Leap"],"picked":"Rebound+1","floor":34},{"not_picked":["Coolheaded","Recycle+1"],"picked":"Beam Cell+1","floor":34},{"not_picked":["Genetic Algorithm+1","Sweeping Beam"],"picked":"Cold Snap","floor":34},{"not_picked":["Cold Snap","Leap"],"picked":"White Noise+1","floor":35}],"player_experience":116279,"relics_obtained":[{"floor":9,"key":"Anchor"},{"floor":14,"key":"Blue Candle"},{"floor":26,"key":"Strawberry"}],"event_choices":[{"damage_healed":0,"gold_gain":0,"player_choice":"Entered Light","damage_taken":16,"max_hp_gain":0,"max_hp_loss":0,"event_name":"Shining Light","floor":3,"gold_loss":0,"cards_upgraded":["Strike_B","Dualcast"]},{"damage_healed":0,"gold_gain":0,"player_choice":"Success","damage_taken":7,"relics_obtained":["Ancient Tea Set"],"max_hp_gain":0,"max_hp_loss":0,"event_name":"Scrap Ooze","floor":5,"gold_loss":0},{"damage_healed":0,"gold_gain":0,"player_choice":"Read","damage_taken":0,"max_hp_gain":0,"max_hp_loss":0,"event_name":"The Library","floor":19,"gold_loss":0,"cards_obtained":["Cold Snap"]},{"damage_healed":0,"gold_gain":0,"player_choice":"Paid Fearfully","damage_taken":0,"max_hp_gain":0,"max_hp_loss":0,"event_name":"Masked Bandits","floor":21,"gold_loss":2},{"damage_healed":0,"gold_gain":0,"player_choice":"Shed Blood","damage_taken":21,"max_hp_gain":5,"max_hp_loss":0,"event_name":"Forgotten Altar","floor":22,"gold_loss":0},{"damage_healed":0,"gold_gain":0,"player_choice":"Ignored","damage_taken":0,"max_hp_gain":0,"max_hp_loss":0,"event_name":"Vampires","floor":25,"gold_loss":0},{"damage_healed":0,"gold_gain":0,"player_choice":"Upgraded","damage_taken":0,"max_hp_gain":0,"max_hp_loss":0,"event_name":"Upgrade Shrine","floor":28,"gold_loss":0,"cards_upgraded":["Capacitor"]},{"damage_healed":0,"gold_gain":200,"player_choice":"Gold","damage_taken":0,"max_hp_gain":0,"max_hp_loss":0,"event_name":"Wheel of Change","floor":31,"gold_loss":0},{"damage_healed":0,"gold_gain":0,"player_choice":"Ignored","damage_taken":0,"max_hp_gain":0,"max_hp_loss":0,"event_name":"Mysterious Sphere","floor":36,"gold_loss":0}],"is_beta":false,"boss_relics":[{"not_picked":["Runic Pyramid","Pandora\u0027s Box"],"picked":"FrozenCore"},{"not_picked":["White Beast Statue","Fusion Hammer"],"picked":"Orrery"}],"items_purged_floors":[],"is_endless":false,"potions_floor_spawned":[10,11,13,18,33],"killed_by":"3 Darklings","ascension_level":1}