{"path_per_floor":["M","?","M","?","?","$","E","M","T","?","M","M","M","M","R","B",null,"M","M","$","M","M","R","E","R","T","M","?","?","M","$","R","B",null,"M","$","M","M","?","R","?","M","T","M","$"],"character_chosen":"IRONCLAD","items_purchased":["Apotheosis","Armaments","Shrug It Off","Master of Strategy","Shrug It Off","Vajra"],"gold_per_floor":[110,110,123,198,198,11,42,62,62,92,109,119,135,151,151,253,253,263,280,14,30,47,47,72,72,72,91,91,91,109,86,86,185,185,203,58,71,82,182,182,182,201,201,212,137,137],"floor_reached":46,"campfire_rested":5,"playtime":4984,"item_purchase_floors":[6,20,20,20,31,36],"current_hp_per_floor":[80,80,79,68,74,74,55,45,45,45,45,45,35,23,48,26,86,68,53,53,35,31,56,43,83,97,76,76,76,53,53,98,51,106,94,94,64,34,34,80,80,44,44,19,19,0],"items_purged":["Defend_R+1"],"gold":137,"score":546,"play_id":"8a9796d7-c5f3-4cf7-9507-2b7023408fb2","local_time":"20180622031400","is_prod":false,"is_daily":false,"chose_seed":false,"is_ascension_mode":false,"campfire_upgraded":0,"win_rate":0.0,"timestamp":1529658840,"campfire_choices":[{"floor":15,"key":"REST"},{"floor":23,"key":"REST"},{"floor":25,"key":"REST"},{"floor":32,"key":"REST"},{"floor":40,"key":"REST"}],"path_taken":["M","?","?","?","?","$","E","M","T","?","M","?","M","M","R","BOSS","M","M","$","M","M","R","E","R","T","M","?","?","M","?","R","BOSS","M","$","?","M","?","R","?","?","T","M","$","M"],"build_version":"2018-06-21","seed_source_timestamp":0,"purchased_purges":1,"circlet_count":0,"victory":false,"master_deck":["Strike_R+1","Strike_R+1","Strike_R+1","Strike_R+1","Strike_R+1","Defend_R+1","Defend_R+1","Defend_R+1","Bash+1","Clothesline","Headbutt","Apotheosis","Power Through","Disarm","Headbutt","Anger","Dropkick","Rampage","Infernal Blade","Metallicize","Armaments","Shrug It Off","Master of Strategy","Perfected Strike","Dual Wield+1","Shockwave","Body Slam","Shrug It Off","Headbutt","Demon Form","Disarm+1","Injury","Twin Strike+1","Headbutt","Power Through","Shrug It Off","Seeing Red","Apotheosis","Armaments+1","Shrug It Off+1"],"max_hp_per_floor":[80,80,80,80,86,86,86,86,86,86,86,86,86,86,86,86,86,86,86,86,86,86,86,86,86,100,100,100,100,100,100,100,100,106,106,106,106,106,106,106,106,106,106,106,106,109],"special_seed":0,"relics":["Philosopher\u0027s Stone","Darkstone Periapt","Champion Belt","Self Forming Clay","Bronze Scales","Lizard Tail","Regal Pillow","Mango","Dream Catcher","Astrolabe","Vajra","Ancient Tea Set"],"card_choices":[{"not_picked":["Second Wind","True Grit"],"picked":"Clothesline","floor":1},{"not_picked":["Flex","Warcry"],"picked":"Headbutt","floor":3},{"not_picked":["Headbutt","Body Slam"],"picked":"Power Through","floor":7},{"not_picked":["Cleave","Reckless Charge"],"picked":"Disarm","floor":8},{"not_picked":["Flex","Body Slam"],"picked":"Headbutt","floor":11},{"not_picked":["Seeing Red","Dark Embrace"],"picked":"Anger","floor":12},{"not_picked":["Anger","Flex"],"picked":"Dropkick","floor":13},{"not_picked":["Power Through","Whirlwind"],"picked":"Rampage","floor":14},{"not_picked":["Dark Embrace","Brutality"],"picked":"Fiend Fire","floor":16},{"not_picked":["Carnage","Cleave"],"picked":"Infernal Blade","floor":18},{"not_picked":["Armaments","Seeing Red+1"],"picked":"Metallicize","floor":19},{"not_picked":["Rage","Cleave"],"picked":"Perfected Strike","floor":21},{"not_picked":["Bloodletting","Reckless Charge"],"picked":"Dual Wield+1","floor":22},{"not_picked":["Metallicize","Offering"],"picked":"Shockwave","floor":24},{"not_picked":["Flex","Clothesline"],"picked":"Body Slam","floor":27},{"not_picked":["Clothesline","Sever Soul+1"],"picked":"Thunderclap","floor":30},{"not_picked":["Shrug It Off","Armaments"],"picked":"Headbutt","floor":32},{"not_picked":["Reaper","Fiend Fire"],"picked":"Demon Form","floor":33},{"not_picked":["Sword Boomerang+1","Intimidate+1"],"picked":"Headbutt","floor":35},{"not_picked":["Cleave+1","Burning Pact"],"picked":"Power Through","floor":37},{"not_picked":["Disarm","Inflame"],"picked":"Shrug It Off","floor":38},{"not_picked":["True Grit","Anger"],"picked":"Seeing Red","floor":40},{"not_picked":["Flash of Steel","Jack Of All Trades"],"picked":"Apotheosis","floor":41},{"not_picked":["Headbutt","Flex"],"picked":"Armaments+1","floor":42},{"not_picked":["Cleave+1","Iron Wave"],"picked":"Shrug It Off+1","floor":44}],"player_experience":2887,"potions_floor_usage":[24,24,46,46],"damage_taken":[{"damage":0,"enemies":"Cultist","floor":1,"turns":3},{"damage":1,"enemies":"Jaw Worm","floor":3,"turns":3},{"damage":19,"enemies":"Lagavulin","floor":7,"turns":7},{"damage":10,"enemies":"Small Slimes","floor":8,"turns":3},{"damage":0,"enemies":"Red Slaver","floor":11,"turns":3},{"damage":0,"enemies":"Looter","floor":12,"turns":2},{"damage":10,"enemies":"Blue Slaver","floor":13,"turns":2},{"damage":12,"enemies":"Exordium Wildlife","floor":14,"turns":2},{"damage":22,"enemies":"Hexaghost","floor":16,"turns":9},{"damage":18,"enemies":"Shell Parasite","floor":18,"turns":6},{"damage":15,"enemies":"Chosen","floor":19,"turns":5},{"damage":18,"enemies":"Snake Plant","floor":21,"turns":5},{"damage":4,"enemies":"Snecko","floor":22,"turns":5},{"damage":63,"enemies":"Gremlin Leader","floor":24,"turns":9},{"damage":21,"enemies":"Centurion and Healer","floor":27,"turns":7},{"damage":23,"enemies":"Snake Plant","floor":30,"turns":5},{"damage":47,"enemies":"Champ","floor":33,"turns":12},{"damage":12,"enemies":"Orb Walker","floor":35,"turns":3},{"damage":30,"enemies":"3 Darklings","floor":37,"turns":7},{"damage":30,"enemies":"4 Shapes","floor":38,"turns":5},{"damage":36,"enemies":"Maw","floor":42,"turns":9},{"damage":25,"enemies":"3 Darklings","floor":44,"turns":7},{"damage":24,"enemies":"Sphere and 2 Shapes","floor":46,"turns":3}],"relics_obtained":[{"floor":7,"key":"Champion Belt"},{"floor":9,"key":"Self Forming Clay"},{"floor":24,"key":"Regal Pillow"},{"floor":26,"key":"Mango"},{"floor":43,"key":"Ancient Tea Set"}],"event_choices":[{"event_name":"Living Wall","player_choice":"Grow","floor":2,"damage_taken":0},{"event_name":"World of Goop","player_choice":"Gather Gold","floor":4,"damage_taken":0},{"event_name":"Accursed Blacksmith","player_choice":"Rummage","floor":5,"damage_taken":0},{"event_name":"Dead Adventurer","player_choice":"Searched \u00272\u0027 times","floor":10,"damage_taken":0},{"event_name":"The Mausoleum","player_choice":"Yes","floor":28,"damage_taken":0},{"event_name":"Back to Basics","player_choice":"Simplicity","floor":29,"damage_taken":0},{"event_name":"Golden Shrine","player_choice":"Pray","floor":39,"damage_taken":0},{"event_name":"SensoryStone","player_choice":"Memory 1","floor":41,"damage_taken":0}],"boss_relics":[{"not_picked":["Eternal Feather","Calling Bell"],"picked":"Lizard Tail"},{"not_picked":["Orrery","Busted Crown"],"picked":"Astrolabe"}],"items_purged_floors":[45],"is_endless":false,"potions_floor_spawned":[1,8,13,16,19,21,27,37],"seed_played":"4252768966702667779","killed_by":"Sphere and 2 Shapes","ascension_level":0,"potions_obtained":[{"floor":1,"key":"Energy Potion"},{"floor":8,"key":"SpeedPotion"},{"floor":13,"key":"Explosive Potion"},{"floor":16,"key":"Strength Potion"},{"floor":19,"key":"Ancient Potion"},{"floor":27,"key":"FearPotion"},{"floor":37,"key":"SpeedPotion"}],"is_trial":false}