{"gold_per_floor":[112,30,30,130,155,155,188,188,188,221,244,310,328,328,328,447,447,465,480,22,38,38,38],"floor_reached":23,"playtime":638,"items_purged":["Strike_B"],"score":269,"play_id":"1f823d16-ca04-479d-a211-436b1041e804","local_time":"20190207213506","is_ascension_mode":true,"campfire_choices":[{"floor":6,"key":"REST"},{"floor":8,"key":"REST"},{"floor":15,"key":"REST"}],"neow_cost":"NONE","seed_source_timestamp":1390875257594032,"circlet_count":0,"master_deck":["Strike_B","Strike_B","Strike_B","Defend_B","Defend_B","Defend_B","Defend_B","Zap","Dualcast","Dramatic Entrance","Gash","Finesse","Buffer","Cold Snap","Gash","Electrodynamics","Conserve Battery","Defragment"],"relics":["FrozenCore","Golden Idol","Happy Flower","Pocketwatch","Singing Bowl","Ornamental Fan","Emotion Chip"],"potions_floor_usage":[7,14,18,18,19,19],"damage_taken":[{"damage":7,"enemies":"Jaw Worm","floor":1,"turns":2},{"damage":2,"enemies":"Small Slimes","floor":5,"turns":3},{"damage":18,"enemies":"3 Sentries","floor":7,"turns":6},{"damage":22,"enemies":"Gremlin Nob","floor":10,"turns":4},{"damage":0,"enemies":"Cultist","floor":11,"turns":3},{"damage":22,"enemies":"3 Sentries","floor":12,"turns":7},{"damage":3,"enemies":"2 Fungi Beasts","floor":13,"turns":3},{"damage":22,"enemies":"Slime Boss","floor":16,"turns":8},{"damage":2,"enemies":"3 Byrds","floor":18,"turns":3},{"damage":21,"enemies":"2 Thieves","floor":19,"turns":4},{"damage":21,"enemies":"Snecko","floor":21,"turns":7},{"damage":33,"enemies":"Gremlin Leader","floor":23,"turns":2}],"seed_played":"-288591822361854569","potions_obtained":[{"floor":5,"key":"Explosive Potion"},{"floor":14,"key":"Swift Potion"},{"floor":14,"key":"FocusPotion"},{"floor":14,"key":"Fruit Juice"},{"floor":16,"key":"Fire Potion"},{"floor":18,"key":"Poison Potion"}],"is_trial":false,"path_per_floor":["M","$","?","?","M","R","E","R","T","E","M","?","M","?","R","B",null,"M","M","$","M","?","E"],"character_chosen":"DEFECT","items_purchased":["Finesse","Emotion Chip","Defragment"],"campfire_rested":3,"item_purchase_floors":[2,20,20],"current_hp_per_floor":[61,61,43,43,41,63,45,67,67,45,45,25,22,27,51,31,71,71,50,50,31,31,0],"gold":38,"neow_bonus":"RANDOM_COLORLESS","is_prod":false,"is_daily":false,"chose_seed":false,"campfire_upgraded":0,"win_rate":0,"timestamp":1549571706,"path_taken":["M","$","?","?","M","R","E","R","T","E","?","?","M","?","R","BOSS","M","?","$","M","?","E"],"build_version":"2019-01-23","purchased_purges":1,"victory":false,"max_hp_per_floor":[75,75,75,75,75,75,75,75,75,75,75,77,77,82,82,84,84,86,86,86,88,88,88],"card_choices":[{"not_picked":["Steam Power","Steam"],"picked":"Gash","floor":1},{"not_picked":["Streamline","Darkness","Barrage"],"picked":"SKIP","floor":5},{"not_picked":["Consume","Stack"],"picked":"Buffer","floor":7},{"not_picked":["Redo","Lockon"],"picked":"Cold Snap","floor":10},{"not_picked":["Hologram","Ball Lightning"],"picked":"Gash","floor":11},{"not_picked":["Double Energy","Beam Cell","Melter"],"picked":"Singing Bowl","floor":12},{"not_picked":["Hologram","Turbo"],"picked":"Electrodynamics","floor":13},{"not_picked":["Fission","Biased Cognition","Machine Learning"],"picked":"Singing Bowl","floor":16},{"not_picked":["Fusion","Streamline","Turbo"],"picked":"Singing Bowl","floor":18},{"not_picked":["Chaos","Hologram+1"],"picked":"Conserve Battery","floor":19},{"not_picked":["Undo","Stack","Streamline+1"],"picked":"Singing Bowl","floor":21}],"player_experience":228707,"relics_obtained":[{"floor":7,"key":"Happy Flower"},{"floor":9,"key":"Pocketwatch"},{"floor":10,"key":"Singing Bowl"},{"floor":12,"key":"Ornamental Fan"}],"event_choices":[{"damage_healed":0,"gold_gain":0,"player_choice":"Take Damage","damage_taken":18,"relics_obtained":["Golden Idol"],"max_hp_gain":0,"max_hp_loss":0,"event_name":"Golden Idol","floor":3,"gold_loss":0},{"damage_healed":0,"gold_gain":100,"player_choice":"Pray","damage_taken":0,"max_hp_gain":0,"max_hp_loss":0,"event_name":"Golden Shrine","floor":4,"gold_loss":0},{"damage_healed":0,"gold_gain":30,"player_choice":"Searched \u00272\u0027 times","damage_taken":0,"max_hp_gain":0,"max_hp_loss":0,"event_name":"Dead Adventurer","floor":12,"gold_loss":0},{"damage_healed":0,"gold_gain":0,"player_choice":"Got Potions","damage_taken":0,"max_hp_gain":0,"max_hp_loss":0,"event_name":"Lab","floor":14,"gold_loss":0},{"damage_healed":0,"gold_gain":0,"player_choice":"Ignored","damage_taken":0,"max_hp_gain":0,"max_hp_loss":0,"event_name":"Beggar","floor":22,"gold_loss":0}],"is_beta":false,"boss_relics":[{"not_picked":["Pandora\u0027s Box","Tiny House"],"picked":"FrozenCore"}],"items_purged_floors":[20],"is_endless":false,"potions_floor_spawned":[5,16,18],"killed_by":"Gremlin Leader","ascension_level":7}