{"gold_per_floor":[119,119,136,154,164,164,198,212,212,2,2,2,2,20,20,20],"floor_reached":16,"playtime":463,"items_purged":[],"score":199,"play_id":"5b1bb515-5f30-4ef5-b8a9-fd9d4396425d","local_time":"20190404145331","is_ascension_mode":true,"campfire_choices":[{"floor":6,"key":"REST"},{"floor":13,"key":"REST"},{"floor":15,"key":"REST"}],"neow_cost":"NONE","seed_source_timestamp":1273421125696519,"circlet_count":0,"master_deck":["AscendersBane","Strike_B","Strike_B","Strike_B","Defend_B+1","Defend_B","Defend_B","Defend_B+1","Zap","Dualcast","Consume","Hologram","Coolheaded","Capacitor","The Bomb","Chill"],"relics":["Cracked Core","Singing Bowl","War Paint"],"potions_floor_usage":[7,14],"damage_taken":[{"damage":6,"enemies":"2 Louse","floor":1,"turns":2},{"damage":7,"enemies":"Cultist","floor":3,"turns":4},{"damage":11,"enemies":"Jaw Worm","floor":4,"turns":3},{"damage":12,"enemies":"Blue Slaver","floor":5,"turns":3},{"damage":29,"enemies":"3 Sentries","floor":7,"turns":8},{"damage":8,"enemies":"3 Louse","floor":8,"turns":5},{"damage":12,"enemies":"Looter","floor":14,"turns":4},{"damage":37,"enemies":"Hexaghost","floor":16,"turns":10}],"seed_played":"-6282091707032784361","potions_obtained":[{"floor":1,"key":"Swift Potion"},{"floor":3,"key":"Explosive Potion"}],"is_trial":false,"path_per_floor":["M","?","M","M","M","R","E","M","T","$","?","$","R","M","R","B"],"character_chosen":"DEFECT","items_purchased":["The Bomb"],"campfire_rested":3,"item_purchase_floors":[10],"current_hp_per_floor":[58,63,56,45,33,54,27,21,21,21,21,21,43,31,53,16],"gold":20,"neow_bonus":"TRANSFORM_CARD","is_prod":false,"is_daily":false,"chose_seed":false,"campfire_upgraded":0,"win_rate":0,"timestamp":1554407611,"path_taken":["M","?","M","?","M","R","E","M","T","?","?","$","R","M","R","BOSS"],"build_version":"2019-01-23","purchased_purges":0,"victory":false,"max_hp_per_floor":[71,71,71,71,71,71,73,75,75,75,75,75,75,75,75,75],"card_choices":[{"not_picked":["Reprogram","Steam Power"],"picked":"Hologram","floor":1},{"not_picked":["Streamline","Stack"],"picked":"Hologram","floor":3},{"not_picked":["Ball Lightning","Storm"],"picked":"Coolheaded","floor":4},{"not_picked":["Compile Driver","Coolheaded"],"picked":"Capacitor","floor":5},{"not_picked":["Go for the Eyes","Biased Cognition","Turbo"],"picked":"Singing Bowl","floor":7},{"not_picked":["Ball Lightning","Conserve Battery","Sweeping Beam"],"picked":"Singing Bowl","floor":8},{"not_picked":["Fission","Stack"],"picked":"Chill","floor":14}],"player_experience":885035,"relics_obtained":[{"floor":7,"key":"Singing Bowl"},{"floor":9,"key":"War Paint"}],"event_choices":[{"cards_removed":["Hologram"],"damage_healed":5,"gold_gain":0,"player_choice":"Offered Common","damage_taken":0,"max_hp_gain":0,"max_hp_loss":0,"event_name":"Bonfire Elementals","floor":2,"gold_loss":0},{"cards_removed":["Hologram"],"damage_healed":5,"gold_gain":0,"player_choice":"Offered Special","damage_taken":0,"max_hp_gain":0,"max_hp_loss":0,"event_name":"Bonfire Elementals","floor":2,"gold_loss":0},{"damage_healed":0,"gold_gain":0,"player_choice":"Ignored","damage_taken":0,"max_hp_gain":0,"max_hp_loss":0,"event_name":"Golden Wing","floor":11,"gold_loss":0}],"is_beta":false,"boss_relics":[],"items_purged_floors":[],"is_endless":false,"potions_floor_spawned":[1,3],"killed_by":"Hexaghost","ascension_level":19}