{"gold_per_floor":[112,132,132,132,132,132,163,263,314,333,333,23,23,59,59,178,178,198,123,48,173,173,213,237,275,275,275,309,332,356,394,394,524,524,548,673,430,444,30,73,73,73,73,108,0,41,41,62,62,62],"floor_reached":51,"playtime":3238,"items_purged":["Strike_G","Strike_G","Strike_G"],"score":1685,"play_id":"9aa05145-79fc-484a-86a8-54f8c6dc23e4","local_time":"20190330185949","is_ascension_mode":true,"campfire_choices":[{"data":"Dagger Spray","floor":6,"key":"SMITH"},{"data":"Catalyst","floor":13,"key":"SMITH"},{"data":"Noxious Fumes","floor":15,"key":"SMITH"},{"data":"Noxious Fumes","floor":27,"key":"SMITH"},{"data":"Footwork","floor":32,"key":"SMITH"},{"data":"Well Laid Plans","floor":41,"key":"SMITH"},{"data":"Footwork","floor":49,"key":"SMITH"}],"neow_cost":"NONE","seed_source_timestamp":11507188671219,"circlet_count":0,"master_deck":["AscendersBane","Defend_G","Defend_G","Defend_G","Defend_G","Defend_G","Strike_G+1","Survivor","Neutralize+1","PiercingWail","Dagger Spray+1","Noxious Fumes+1","Catalyst+1","Noxious Fumes+1","Blur","After Image","Well Laid Plans+1","Backflip+1","Adrenaline+1","Leg Sweep+1","Dodge and Roll+1","Well Laid Plans","Footwork+1","Blur+1","Dodge and Roll+1","Leg Sweep+1","Noxious Fumes+1","Deep Breath+1","Madness+1","Madness+1","Backflip+1","Footwork+1","Night Terror+1"],"relics":["NeowsBlessing","Golden Idol","Mummified Hand","Oddly Smooth Stone","Anchor","Meat on the Bone","Regal Pillow","Black Star","Mango","Letter Opener","Nloth\u0027s Gift","Orichalcum","Toxic Egg 2","Molten Egg 2","Snake Skull","Bottled Tornado","Bag of Preparation","Prayer Wheel","Nunchaku","Darkstone Periapt","Velvet Choker","Tingsha","Happy Flower","Lee\u0027s Waffle","Pen Nib","Bronze Scales","Gremlin Horn","Whetstone","Sundial","Red Mask","Strawberry","Dodecahedron"],"potions_floor_usage":[14,21,21,25,31,33,40,50,50],"damage_taken":[{"damage":0,"enemies":"2 Louse","floor":1,"turns":1},{"damage":0,"enemies":"Small Slimes","floor":2,"turns":1},{"damage":0,"enemies":"Lagavulin","floor":7,"turns":1},{"damage":0,"enemies":"Cultist","floor":10,"turns":4},{"damage":24,"enemies":"Gremlin Nob","floor":14,"turns":5},{"damage":6,"enemies":"The Guardian","floor":16,"turns":8},{"damage":2,"enemies":"3 Byrds","floor":18,"turns":6},{"damage":9,"enemies":"Colosseum Slavers","floor":21,"turns":5},{"damage":1,"enemies":"Colosseum Nobs","floor":21,"turns":6},{"damage":48,"enemies":"Book of Stabbing","floor":23,"turns":8},{"damage":0,"enemies":"Chosen","floor":24,"turns":7},{"damage":26,"enemies":"Slavers","floor":25,"turns":6},{"damage":0,"enemies":"Book of Stabbing","floor":28,"turns":6},{"damage":0,"enemies":"Snecko","floor":29,"turns":5},{"damage":0,"enemies":"Sentry and Sphere","floor":30,"turns":4},{"damage":0,"enemies":"Slavers","floor":31,"turns":5},{"damage":0,"enemies":"Automaton","floor":33,"turns":13},{"damage":0,"enemies":"3 Darklings","floor":35,"turns":5},{"damage":14,"enemies":"Mind Bloom Boss Battle","floor":36,"turns":9},{"damage":0,"enemies":"Orb Walker","floor":38,"turns":5},{"damage":27,"enemies":"Reptomancer","floor":40,"turns":6},{"damage":0,"enemies":"Nemesis","floor":44,"turns":7},{"damage":6,"enemies":"Reptomancer","floor":46,"turns":6},{"damage":0,"enemies":"Maw","floor":48,"turns":8},{"damage":0,"enemies":"Awakened One","floor":50,"turns":14}],"seed_played":"5748338636573598985","potions_obtained":[{"floor":7,"key":"GhostInAJar"},{"floor":14,"key":"Fire Potion"},{"floor":16,"key":"AttackPotion"},{"floor":18,"key":"Regen Potion"},{"floor":24,"key":"SkillPotion"},{"floor":25,"key":"SpeedPotion"},{"floor":29,"key":"SteroidPotion"},{"floor":31,"key":"Energy Potion"},{"floor":36,"key":"Regen Potion"},{"floor":38,"key":"Regen Potion"},{"floor":44,"key":"GhostInAJar"}],"is_trial":false,"path_per_floor":["M","M","?","?","?","R","E","?","T","M","?","$","R","E","R","B",null,"M","$","?","?","?","E","M","E","T","R","E","M","M","E","R","B",null,"M","?","$","M","$","E","R","?","T","E","?","E","$","M","R","B",null],"character_chosen":"THE_SILENT","items_purchased":["Meat on the Bone","Noxious Fumes","Happy Flower","Lee\u0027s Waffle","Deep Breath+1"],"campfire_rested":0,"item_purchase_floors":[12,12,37,39,39],"current_hp_per_floor":[63,63,49,49,49,49,49,49,49,49,42,42,42,30,30,36,58,56,56,56,75,75,39,51,37,37,37,49,49,49,49,49,49,72,72,58,58,58,86,73,73,62,62,62,62,63,63,63,63,78],"gold":62,"neow_bonus":"THREE_ENEMY_KILL","is_prod":false,"is_daily":false,"chose_seed":false,"campfire_upgraded":7,"win_rate":0,"timestamp":1553997589,"path_taken":["M","M","?","?","?","R","E","?","T","?","?","?","R","E","R","BOSS","M","$","?","?","?","E","M","E","T","R","E","M","?","E","R","BOSS","M","?","$","M","$","E","R","?","T","E","?","E","?","M","R","BOSS"],"build_version":"2019-01-23","purchased_purges":3,"victory":true,"max_hp_per_floor":[70,70,70,65,65,65,65,65,65,65,65,65,65,65,65,65,65,65,65,65,79,79,79,79,79,79,79,79,79,79,79,79,79,79,79,79,79,79,86,86,86,86,86,86,86,93,93,93,93,93],"card_choices":[{"not_picked":["Dodge and Roll","Heel Hook"],"picked":"PiercingWail","floor":1},{"not_picked":["Dagger Throw","Tactician"],"picked":"Dagger Spray","floor":2},{"not_picked":["Leg Sweep","Outmaneuver"],"picked":"Noxious Fumes","floor":7},{"not_picked":["Quick Slash","Deadly Poison"],"picked":"Catalyst","floor":10},{"not_picked":["Setup","Bane"],"picked":"Blur","floor":14},{"not_picked":["Phantasmal Killer","Grand Finale"],"picked":"After Image","floor":16},{"not_picked":["Deflect","Caltrops"],"picked":"Well Laid Plans","floor":18},{"not_picked":["Quick Slash","Outmaneuver+1"],"picked":"Backflip+1","floor":21},{"not_picked":["Endless Agony","Deflect"],"picked":"Adrenaline","floor":23},{"not_picked":["Dagger Throw","Underhanded Strike"],"picked":"Leg Sweep+1","floor":24},{"not_picked":["Deflect+1","Crippling Poison+1"],"picked":"Dodge and Roll+1","floor":25},{"not_picked":["Backstab+1","Underhanded Strike+1"],"picked":"Well Laid Plans","floor":28},{"not_picked":["Dodge and Roll+1","Deadly Poison+1"],"picked":"Footwork","floor":29},{"not_picked":["Skewer+1","Concentrate+1"],"picked":"Blur+1","floor":29},{"not_picked":["Blade Dance+1","Prepared+1"],"picked":"Dodge and Roll+1","floor":30},{"not_picked":["Slice+1","Dagger Spray+1","Bane+1"],"picked":"SKIP","floor":30},{"not_picked":["Blade Dance+1","Glass Knife+1"],"picked":"Leg Sweep+1","floor":31},{"not_picked":["Dagger Throw+1","Masterful Stab+1"],"picked":"Noxious Fumes+1","floor":35},{"not_picked":["Calculated Gamble+1","Deadly Poison+1","Grand Finale+1"],"picked":"SKIP","floor":35},{"not_picked":["Poisoned Stab+1","Deflect+1","Dagger Throw+1"],"picked":"SKIP","floor":38},{"not_picked":["Wraith Form v2","Bouncing Flask+1","Slice+1"],"picked":"SKIP","floor":38},{"not_picked":["All Out Attack+1","Cloak And Dagger+1","Sucker Punch+1"],"picked":"SKIP","floor":40},{"not_picked":["Escape Plan+1","Storm of Steel+1","Dagger Spray+1"],"picked":"SKIP","floor":44},{"not_picked":["Flying Knee+1","Phantasmal Killer+1"],"picked":"Backflip+1","floor":46},{"not_picked":["Calculated Gamble+1","Heel Hook+1"],"picked":"Footwork","floor":48},{"not_picked":["Calculated Gamble+1","Outmaneuver+1"],"picked":"Night Terror+1","floor":48}],"player_experience":304255,"relics_obtained":[{"floor":7,"key":"Mummified Hand"},{"floor":9,"key":"Oddly Smooth Stone"},{"floor":14,"key":"Regal Pillow"},{"floor":21,"key":"Mango"},{"floor":21,"key":"Letter Opener"},{"floor":23,"key":"Orichalcum"},{"floor":23,"key":"Toxic Egg 2"},{"floor":25,"key":"Molten Egg 2"},{"floor":25,"key":"Snake Skull"},{"floor":26,"key":"Bottled Tornado"},{"floor":28,"key":"Bag of Preparation"},{"floor":28,"key":"Prayer Wheel"},{"floor":31,"key":"Nunchaku"},{"floor":31,"key":"Darkstone Periapt"},{"floor":36,"key":"Tingsha"},{"floor":40,"key":"Pen Nib"},{"floor":40,"key":"Bronze Scales"},{"floor":43,"key":"Gremlin Horn"},{"floor":44,"key":"Whetstone"},{"floor":44,"key":"Sundial"},{"floor":46,"key":"Strawberry"},{"floor":46,"key":"Dodecahedron"}],"event_choices":[{"damage_healed":0,"gold_gain":0,"player_choice":"Entered Light","damage_taken":14,"max_hp_gain":0,"max_hp_loss":0,"event_name":"Shining Light","floor":3,"gold_loss":0,"cards_upgraded":["Neutralize","Strike_G"]},{"damage_healed":0,"gold_gain":0,"player_choice":"Lose Max HP","damage_taken":0,"relics_obtained":["Golden Idol"],"max_hp_gain":0,"max_hp_loss":5,"event_name":"Golden Idol","floor":4,"gold_loss":0},{"damage_healed":0,"gold_gain":0,"player_choice":"Ignored","damage_taken":0,"max_hp_gain":0,"max_hp_loss":0,"event_name":"Liars Game","floor":5,"gold_loss":0},{"damage_healed":0,"gold_gain":100,"player_choice":"Gold","damage_taken":0,"max_hp_gain":0,"max_hp_loss":0,"event_name":"Wheel of Change","floor":8,"gold_loss":0},{"damage_healed":0,"gold_gain":0,"player_choice":"Success","damage_taken":7,"relics_obtained":["Anchor"],"max_hp_gain":0,"max_hp_loss":0,"event_name":"Scrap Ooze","floor":11,"gold_loss":0},{"cards_removed":["Strike_G"],"damage_healed":0,"gold_gain":0,"player_choice":"Gave Gold","damage_taken":0,"max_hp_gain":0,"max_hp_loss":0,"event_name":"Beggar","floor":20,"gold_loss":75},{"damage_healed":0,"gold_gain":0,"player_choice":"Fight","damage_taken":0,"max_hp_gain":0,"max_hp_loss":0,"event_name":"Colosseum","floor":21,"gold_loss":0},{"damage_healed":0,"gold_gain":0,"player_choice":"Fought Nobs","damage_taken":0,"max_hp_gain":0,"max_hp_loss":0,"event_name":"Colosseum","floor":21,"gold_loss":0},{"damage_healed":0,"gold_gain":0,"player_choice":"Traded Relic","damage_taken":0,"relics_obtained":["Nloth\u0027s Gift"],"max_hp_gain":0,"max_hp_loss":0,"event_name":"N\u0027loth","floor":22,"relics_lost":["Ring of the Snake"],"gold_loss":0},{"damage_healed":0,"gold_gain":0,"player_choice":"Fight","damage_taken":0,"max_hp_gain":0,"max_hp_loss":0,"event_name":"MindBloom","floor":36,"gold_loss":0},{"damage_healed":0,"gold_gain":0,"player_choice":"Embrace Madness","damage_taken":11,"max_hp_gain":0,"max_hp_loss":0,"event_name":"Winding Halls","floor":42,"gold_loss":0,"cards_obtained":["Madness","Madness"]},{"damage_healed":0,"gold_gain":0,"player_choice":"Paid","damage_taken":0,"relics_obtained":["Red Mask"],"max_hp_gain":0,"max_hp_loss":0,"event_name":"Tomb of Lord Red Mask","floor":45,"gold_loss":108}],"is_beta":false,"boss_relics":[{"not_picked":["Fusion Hammer","Tiny House"],"picked":"Black Star"},{"not_picked":["HoveringKite","Runic Pyramid"],"picked":"Velvet Choker"}],"items_purged_floors":[19,37,39],"is_endless":false,"potions_floor_spawned":[7,14,16,18,24,25,29,31,36,38,44,46],"ascension_level":11}