{"path_per_floor":["M","$","M","?","M","R","E","R","T","M","?","$","M","T","R","B",null,"M","$","M","?","?","E","M","M","T","$","?","M","R","M","R","B",null,"M","M","M","?"],"character_chosen":"THE_SILENT","items_purchased":["Footwork","Caltrops","Art of War","Blur","Footwork"],"gold_per_floor":[114,46,57,57,77,77,112,112,112,129,304,66,36,36,36,134,134,148,6,16,16,16,45,64,78,78,19,19,36,36,56,56,160,160,178,191,208,208,208],"floor_reached":39,"campfire_rested":0,"playtime":2570,"current_hp_per_floor":[59,59,59,59,59,59,59,59,59,59,59,59,59,59,59,51,63,63,63,63,63,63,59,51,48,48,48,37,31,31,26,26,26,68,64,64,46,37,0],"items_purged":["Doubt","Strike_G"],"gold":208,"score":476,"play_id":"da58359e-3e38-4bdf-90f5-c0e2184a493a","local_time":"20180321131035","is_prod":false,"is_daily":false,"is_ascension_mode":false,"campfire_upgraded":5,"timestamp":1521663035,"path_taken":["M","?","?","?","M","R","E","R","T","M","?","$","M","?","R","BOSS","M","?","M","?","?","E","M","?","T","$","?","?","R","M","R","BOSS","M","M","M","?","?"],"build_version":"2018-03-20","purchased_purges":2,"victory":false,"master_deck":["Defend_G","Defend_G","Defend_G","Defend_G","Defend_G","Strike_G","Strike_G","Survivor","Neutralize+1","Outmaneuver+1","Footwork+1","Acrobatics","Blur","Leg Sweep","Blur","Caltrops+1","A Thousand Cuts+1","Backflip","Blur","Terror","Well Laid Plans","Caltrops+1","Noxious Fumes","Footwork+1","Footwork","Wraith Form","Deflect+1","Cloak And Dagger+1","Madness","Madness"],"max_hp_per_floor":[63,63,63,63,63,63,63,63,63,63,63,63,63,63,63,63,63,63,63,63,63,63,63,63,63,63,63,68,68,68,68,68,68,68,68,68,68,68,68],"relics":["Ring of the Snake","Blue Candle","The Courier","Art of War","Ninja Scroll","Black Star","Shuriken","Darkstone Periapt","Prayer Wheel","Velvet Choker"],"card_choices":[{"not_picked":["Dagger Throw","Infinite Blades"],"picked":"Outmaneuver","floor":1},{"not_picked":["Cloak And Dagger","Eviscerate"],"picked":"Acrobatics","floor":3},{"not_picked":["Flying Knee","Blade Dance"],"picked":"Blur","floor":5},{"not_picked":["Distraction","Acrobatics"],"picked":"Leg Sweep","floor":7},{"not_picked":["PiercingWail","Backflip"],"picked":"Blur","floor":10},{"not_picked":["Envenom","Night Terror"],"picked":"A Thousand Cuts","floor":16},{"not_picked":["Slice","Bane"],"picked":"Backflip","floor":18},{"not_picked":["All Out Attack","Eviscerate"],"picked":"Terror","floor":20},{"not_picked":["Skewer","Underhanded Strike"],"picked":"Caltrops","floor":24},{"not_picked":["Prepared","Sucker Punch"],"picked":"Noxious Fumes","floor":25},{"not_picked":["Acrobatics","Endless Agony"],"picked":"Footwork","floor":31},{"not_picked":["Unload","Envenom"],"picked":"Wraith Form","floor":33},{"not_picked":["Underhanded Strike","Slice"],"picked":"Deflect","floor":35},{"not_picked":["Flying Knee","Slice"],"picked":"Cloak And Dagger","floor":37}],"player_experience":204053,"potions_floor_usage":[7,13,23,23,23,36,37,39],"damage_taken":[{"damage":4,"enemies":"Cultist","floor":1,"turns":5},{"damage":0,"enemies":"2 Louse","floor":3,"turns":5},{"damage":0,"enemies":"Small Slimes","floor":5,"turns":5},{"damage":0,"enemies":"3 Sentries","floor":7,"turns":15},{"damage":0,"enemies":"Exordium Wildlife","floor":10,"turns":9},{"damage":0,"enemies":"Looter","floor":13,"turns":4},{"damage":8,"enemies":"The Guardian","floor":16,"turns":16},{"damage":0,"enemies":"Shell Parasite","floor":18,"turns":8},{"damage":0,"enemies":"3 Byrds","floor":20,"turns":3},{"damage":4,"enemies":"Slavers","floor":23,"turns":9},{"damage":8,"enemies":"Sentry and Sphere","floor":24,"turns":10},{"damage":3,"enemies":"Snake Plant","floor":25,"turns":6},{"damage":6,"enemies":"Snecko","floor":29,"turns":8},{"damage":5,"enemies":"Centurion and Healer","floor":31,"turns":11},{"damage":0,"enemies":"Champ","floor":33,"turns":21},{"damage":4,"enemies":"Orb Walker","floor":35,"turns":7},{"damage":0,"enemies":"3 Darklings","floor":36,"turns":6},{"damage":18,"enemies":"Flame Bruiser 2 Orb","floor":37,"turns":10},{"damage":37,"enemies":"Mysterious Sphere","floor":39,"turns":6}],"event_choices":[{"event_name":"Accursed Blacksmith","player_choice":"Forge","floor":4,"damage_taken":0},{"event_name":"Liars Game","player_choice":"agreed","floor":11,"damage_taken":0},{"event_name":"The Library","player_choice":"Read","floor":21,"damage_taken":0},{"event_name":"Addict","player_choice":"Ignored","floor":22,"damage_taken":0},{"event_name":"Forgotten Altar","player_choice":"Shed Blood","floor":28,"damage_taken":0},{"event_name":"Winding Halls","player_choice":"Embrace Madness","floor":38,"damage_taken":0},{"event_name":"Mysterious Sphere","player_choice":"Fight","floor":39,"damage_taken":0}],"boss_relics":[{"not_picked":["Snecko Eye","Lizard Tail"],"picked":"Black Star"},{"not_picked":["Runic Dome","Astrolabe"],"picked":"Velvet Choker"}],"potions_floor_spawned":[3,7,10,16,18,24,25,31,33,35],"seed_played":"5475249501951653161","killed_by":"Mysterious Sphere","ascension_level":0,"is_trial":false}