{"path_per_floor":["M","?","$","?","M","R","E","M","T","E","R","$","$","?","R","B",null,"M","M","$","?","$","R","?"],"character_chosen":"IRONCLAD","items_purchased":["Fire Potion","Clash","Strength Potion","BloodPotion","Regen Potion"],"gold_per_floor":[117,117,68,68,82,82,115,134,134,169,169,94,18,18,18,120,120,138,158,7,7,7,7,7,7],"floor_reached":25,"campfire_rested":3,"playtime":840,"current_hp_per_floor":[80,80,80,77,80,80,59,59,59,25,49,49,49,49,73,29,80,51,19,19,19,19,43,43,1],"items_purged":["Normality"],"gold":7,"score":205,"play_id":"1f253f8a-1625-496b-9fcb-dd811ce25d8a","local_time":"20180517195451","is_prod":false,"is_daily":false,"chose_seed":false,"is_ascension_mode":false,"campfire_upgraded":1,"timestamp":1526612091,"campfire_choices":[{"data":"Cleave","floor":6,"key":"SMITH"},{"floor":11,"key":"REST"},{"floor":15,"key":"REST"},{"floor":23,"key":"REST"}],"path_taken":["M","?","$","?","M","R","E","M","T","E","R","?","$","?","R","BOSS","M","M","$","?","$","R","?","E"],"build_version":"2018-05-17","seed_source_timestamp":185237985921753,"purchased_purges":1,"victory":false,"master_deck":["Strike_R","Strike_R","Strike_R","Strike_R","Strike_R","Defend_R","Defend_R","Defend_R","Defend_R","Cleave+1","Clash","Clash","Demon Form"],"max_hp_per_floor":[80,80,80,80,80,80,80,80,80,80,80,80,80,80,80,80,80,80,80,80,80,80,80,80,80],"relics":["Burning Blood","Pantograph","Omamori","Centennial Puzzle","Paper Frog","Gambling Chip","Lizard Tail"],"card_choices":[{"not_picked":["Heavy Blade","Armaments"],"picked":"Cleave","floor":1},{"not_picked":["Wild Strike","Limit Break","Sever Soul"],"picked":"SKIP","floor":5},{"not_picked":["Twin Strike","True Grit"],"picked":"Clash","floor":7},{"not_picked":["Thunderclap","Spot Weakness","Sword Boomerang"],"picked":"SKIP","floor":8},{"not_picked":["Perfected Strike","Pummel","Reaper"],"picked":"SKIP","floor":10},{"not_picked":["Berserk","Impervious"],"picked":"Demon Form","floor":16},{"not_picked":["Hemokinesis+1","Dropkick","Armaments"],"picked":"SKIP","floor":18},{"not_picked":["Twin Strike","Heavy Blade","Havoc"],"picked":"SKIP","floor":19}],"player_experience":70409,"potions_floor_usage":[7,10,10,16,16,25,25,25],"damage_taken":[{"damage":2,"enemies":"2 Louse","floor":1,"turns":4},{"damage":1,"enemies":"Cultist","floor":5,"turns":3},{"damage":27,"enemies":"Gremlin Nob","floor":7,"turns":4},{"damage":6,"enemies":"Jaw Worm","floor":8,"turns":2},{"damage":40,"enemies":"Lagavulin","floor":10,"turns":9},{"damage":57,"enemies":"Slime Boss","floor":16,"turns":9},{"damage":35,"enemies":"3 Byrds","floor":18,"turns":6},{"damage":38,"enemies":"Shell Parasite","floor":19,"turns":7},{"damage":105,"enemies":"Slavers","floor":25,"turns":6}],"relics_obtained":[{"floor":7,"key":"Centennial Puzzle"},{"floor":9,"key":"Paper Frog"},{"floor":10,"key":"Gambling Chip"}],"event_choices":[{"event_name":"Accursed Blacksmith","player_choice":"Rummage","floor":2,"damage_taken":0},{"event_name":"Scrap Ooze","player_choice":"success","floor":4,"damage_taken":3},{"event_name":"Match and Keep!","player_choice":"0 cards matched","floor":14,"damage_taken":0},{"event_name":"Forgotten Altar","player_choice":"Smashed Altar","floor":21,"damage_taken":0},{"event_name":"Cursed Tome","player_choice":"Ignored","floor":24,"damage_taken":0}],"boss_relics":[{"not_picked":["Ectoplasm","Black Blood"],"picked":"Lizard Tail"}],"potions_floor_spawned":[7,8,10,19],"seed_played":"3335369453294723670","killed_by":"Slavers","ascension_level":0,"potions_obtained":[{"floor":7,"key":"SkillPotion"},{"floor":8,"key":"Energy Potion"},{"floor":10,"key":"AttackPotion"},{"floor":19,"key":"Fire Potion"}],"is_trial":false}