{"gold_per_floor":[109,129,14,27,46,65,96,114,141,173,189,215,231,231,231,231],"floor_reached":16,"playtime":988,"items_purged":["Strike_R"],"score":158,"play_id":"b6b2ac90-6945-4ec5-aaf6-3316e6384de8","local_time":"20190407122039","is_ascension_mode":true,"campfire_choices":[{"data":"Fiend Fire","floor":15,"key":"SMITH"}],"neow_cost":"TEN_PERCENT_HP_LOSS","seed_source_timestamp":186495894177681,"circlet_count":0,"master_deck":["Strike_R","Strike_R","Defend_R","Defend_R","Defend_R","Defend_R","Bash","Inflame","Iron Wave","Battle Trance","Twin Strike","Clothesline","Fiend Fire+1","Intimidate","Evolve","Pommel Strike","Shrug It Off"],"relics":["Burning Blood","Juzu Bracelet","PreservedInsect","Strawberry","Blood Vial","Golden Idol"],"potions_floor_usage":[7,7,16,16],"damage_taken":[{"damage":3,"enemies":"Jaw Worm","floor":1,"turns":5},{"damage":0,"enemies":"Small Slimes","floor":2,"turns":3},{"damage":0,"enemies":"Cultist","floor":4,"turns":4},{"damage":1,"enemies":"2 Fungi Beasts","floor":5,"turns":4},{"damage":0,"enemies":"Exordium Wildlife","floor":6,"turns":3},{"damage":4,"enemies":"Gremlin Nob","floor":7,"turns":3},{"damage":4,"enemies":"Red Slaver","floor":8,"turns":2},{"damage":15,"enemies":"Lagavulin","floor":10,"turns":6},{"damage":4,"enemies":"3 Louse","floor":11,"turns":3},{"damage":13,"enemies":"Gremlin Nob","floor":12,"turns":3},{"damage":15,"enemies":"Large Slime","floor":13,"turns":5},{"damage":44,"enemies":"Slime Boss","floor":16,"turns":8}],"seed_played":"2963155122893161341","potions_obtained":[{"floor":2,"key":"Block Potion"},{"floor":6,"key":"Energy Potion"},{"floor":7,"key":"Poison Potion"},{"floor":10,"key":"GamblersBrew"}],"is_trial":false,"path_per_floor":["M","M","$","M","M","M","E","M","T","E","M","E","M","?","R","B"],"character_chosen":"IRONCLAD","items_purchased":["Battle Trance"],"campfire_rested":0,"item_purchase_floors":[3],"current_hp_per_floor":[72,72,72,72,72,72,72,72,72,70,72,65,58,39,39,0],"gold":231,"neow_bonus":"REMOVE_TWO","is_prod":false,"is_daily":false,"chose_seed":false,"campfire_upgraded":1,"win_rate":0,"timestamp":1554664839,"path_taken":["M","M","$","M","M","M","E","M","T","E","M","E","M","?","R","BOSS"],"build_version":"2019-01-23","purchased_purges":1,"victory":false,"max_hp_per_floor":[72,72,72,72,72,72,72,72,72,79,79,79,79,79,79,79],"card_choices":[{"not_picked":["Anger","True Grit"],"picked":"Inflame","floor":1},{"not_picked":["Second Wind","Armaments"],"picked":"Iron Wave","floor":2},{"not_picked":["Havoc","Body Slam","Armaments"],"picked":"SKIP","floor":4},{"not_picked":["Shockwave","Flex"],"picked":"Twin Strike","floor":5},{"not_picked":["Thunderclap","Shockwave"],"picked":"Clothesline","floor":6},{"not_picked":["Armaments","Dark Embrace"],"picked":"Fiend Fire","floor":7},{"not_picked":["Burning Pact","Second Wind"],"picked":"Intimidate","floor":8},{"not_picked":["Sentinel","Power Through"],"picked":"Evolve","floor":10},{"not_picked":["Flex","Bloodletting"],"picked":"Pommel Strike","floor":11},{"not_picked":["Pommel Strike","Rampage"],"picked":"Shrug It Off","floor":12},{"not_picked":["Dropkick","Cleave","Armaments"],"picked":"SKIP","floor":13}],"player_experience":271653,"relics_obtained":[{"floor":7,"key":"Juzu Bracelet"},{"floor":9,"key":"PreservedInsect"},{"floor":10,"key":"Strawberry"},{"floor":12,"key":"Blood Vial"}],"event_choices":[{"damage_healed":0,"gold_gain":0,"player_choice":"Take Damage","damage_taken":19,"relics_obtained":["Golden Idol"],"max_hp_gain":0,"max_hp_loss":0,"event_name":"Golden Idol","floor":14,"gold_loss":0}],"is_beta":false,"boss_relics":[],"items_purged_floors":[3],"is_endless":false,"potions_floor_spawned":[2,6,7,10],"killed_by":"Slime Boss","ascension_level":5}