{"path_per_floor":["M","?","M","M","?","E","R","E","T","R","?","?","E","M","R","B",null,"M","M","?","?","$","E","M","E","T","M","T","E","M","E","R","B",null,"M","M","M","M","?","E","R","E","T","M","?","?","M","E","R","B"],"character_chosen":"THE_SILENT","items_purchased":["Ninja Scroll","Well Laid Plans"],"gold_per_floor":[110,110,130,148,148,183,183,217,293,293,293,293,318,336,336,433,433,433,373,373,373,39,39,39,39,39,39,39,39,39,39,39,39,39,39,39,39,39,39,39,39,39,39,39,39,39,39,39,39,39],"floor_reached":51,"campfire_rested":0,"playtime":3487,"current_hp_per_floor":[63,63,63,63,63,61,61,61,61,61,61,61,60,60,60,60,68,68,66,53,53,53,53,53,53,53,53,53,53,53,53,53,53,70,70,69,69,69,62,72,72,72,86,86,86,74,74,74,74,74],"items_purged":[],"gold":39,"score":1675,"play_id":"41dbdf71-6fb9-4ed1-869f-8ab20870f433","local_time":"20180320095700","is_prod":false,"is_daily":false,"is_ascension_mode":true,"campfire_upgraded":6,"timestamp":1521565020,"path_taken":["M","?","?","M","?","E","R","E","T","R","?","?","E","?","R","BOSS","M","M","?","?","$","E","M","E","T","M","?","E","M","E","R","BOSS","M","M","M","M","?","E","R","E","T","?","?","?","M","E","R","BOSS"],"build_version":"2018-03-19","purchased_purges":1,"victory":true,"master_deck":["Defend_G","Defend_G","Defend_G","Defend_G","Survivor","Neutralize+1","Accuracy+1","Backstab+1","Flying Knee+1","Backflip+1","Slice","Blade Dance+1","After Image+1","Choke","Reflex+1","Infinite Blades","Infinite Blades","A Thousand Cuts+1","Cloak And Dagger+1","Cloak And Dagger+1","Backflip+1","Calculated Gamble+1","Deflect+1","Endless Agony","Blur+1","Cloak And Dagger+1","Tactician+1","Endless Agony","Escape Plan+1","Outmaneuver+1","Dodge and Roll+1","Accuracy+1","Outmaneuver+1","Accuracy+1","Wraith Form+1","Madness+1","Madness+1","Outmaneuver+1","Setup+1"],"max_hp_per_floor":[70,70,70,70,70,70,70,70,70,70,70,70,70,70,70,70,70,70,70,75,75,75,75,75,75,75,75,75,75,75,75,75,75,75,75,75,75,75,75,85,85,85,99,99,99,99,99,99,99,99],"relics":["Astrolabe","Toxic Egg 2","Letter Opener","Paper Crane","Thread and Needle","Ectoplasm","Ninja Scroll","Ancient Tea Set","Omamori","Dead Branch","Sundial","Calipers","Blue Candle","Runic Pyramid","Pear","Toolbox","Mango","Bag of Preparation"],"card_choices":[{"not_picked":["Bane","Underhanded Strike"],"picked":"Backflip","floor":1},{"not_picked":["Leg Sweep","Poisoned Stab"],"picked":"Slice","floor":3},{"not_picked":["Dagger Spray","Caltrops"],"picked":"Blade Dance","floor":4},{"not_picked":["Sucker Punch","Terror"],"picked":"After Image","floor":6},{"not_picked":["Crippling Poison","Die Die Die"],"picked":"Choke","floor":8},{"not_picked":["Predator","Deadly Poison"],"picked":"Infinite Blades","floor":13},{"not_picked":["Endless Agony","Bane"],"picked":"Infinite Blades","floor":14},{"not_picked":["Die Die Die","Unload"],"picked":"A Thousand Cuts","floor":16},{"not_picked":["Slice","Terror"],"picked":"Cloak And Dagger","floor":18},{"not_picked":["Outmaneuver","Tactician"],"picked":"Cloak And Dagger","floor":19},{"not_picked":["PiercingWail","Underhanded Strike"],"picked":"Backflip","floor":24},{"not_picked":["Flying Knee","Backflip"],"picked":"Calculated Gamble","floor":25},{"not_picked":["Masterful Stab","Backflip"],"picked":"Deflect","floor":27},{"not_picked":["Doppelganger","Poisoned Stab"],"picked":"Endless Agony","floor":29},{"not_picked":["Sucker Punch","Crippling Poison"],"picked":"Blur","floor":30},{"not_picked":["Endless Agony","Finisher"],"picked":"Cloak And Dagger","floor":31},{"not_picked":["Corpse Explosion","Wraith Form"],"picked":"Tactician","floor":33},{"not_picked":["Choke","Dagger Throw"],"picked":"Endless Agony","floor":35},{"not_picked":["Skewer","Quick Slash"],"picked":"Escape Plan","floor":36},{"not_picked":["Riddle With Holes","Underhanded Strike"],"picked":"Outmaneuver","floor":37},{"not_picked":["Dagger Throw","Acrobatics"],"picked":"Dodge and Roll","floor":38},{"not_picked":["Riddle With Holes","A Thousand Cuts"],"picked":"Accuracy","floor":40},{"not_picked":["Tools of the Trade","Well Laid Plans"],"picked":"Outmaneuver","floor":42},{"not_picked":["PiercingWail","Dodge and Roll"],"picked":"Accuracy","floor":44},{"not_picked":["Prepared","Slice"],"picked":"Outmaneuver","floor":47},{"not_picked":["Underhanded Strike","Sucker Punch"],"picked":"Setup","floor":48}],"player_experience":185403,"potions_floor_usage":[19,23,29,38,50,50,50],"damage_taken":[{"damage":0,"enemies":"Small Slimes","floor":1,"turns":3},{"damage":0,"enemies":"Cultist","floor":3,"turns":3},{"damage":0,"enemies":"2 Louse","floor":4,"turns":2},{"damage":2,"enemies":"3 Sentries","floor":6,"turns":10},{"damage":0,"enemies":"Lagavulin","floor":8,"turns":8},{"damage":1,"enemies":"Gremlin Nob","floor":13,"turns":3},{"damage":0,"enemies":"Gremlin Gang","floor":14,"turns":3},{"damage":0,"enemies":"Hexaghost","floor":16,"turns":8},{"damage":0,"enemies":"Shell Parasite","floor":18,"turns":4},{"damage":2,"enemies":"2 Thieves","floor":19,"turns":4},{"damage":0,"enemies":"Slavers","floor":23,"turns":3},{"damage":0,"enemies":"Chosen and Byrds","floor":24,"turns":5},{"damage":0,"enemies":"Book of Stabbing","floor":25,"turns":4},{"damage":0,"enemies":"Snake Plant","floor":27,"turns":3},{"damage":0,"enemies":"Slavers","floor":29,"turns":3},{"damage":0,"enemies":"Cultist and Chosen","floor":30,"turns":4},{"damage":0,"enemies":"Book of Stabbing","floor":31,"turns":4},{"damage":0,"enemies":"Champ","floor":33,"turns":5},{"damage":0,"enemies":"Orb Walker","floor":35,"turns":3},{"damage":1,"enemies":"3 Shapes","floor":36,"turns":5},{"damage":0,"enemies":"Maw","floor":37,"turns":7},{"damage":0,"enemies":"4 Shapes","floor":38,"turns":4},{"damage":0,"enemies":"Giant Head","floor":40,"turns":6},{"damage":0,"enemies":"2 Orb Walkers","floor":42,"turns":4},{"damage":0,"enemies":"Flame Bruiser 2 Orb","floor":44,"turns":4},{"damage":0,"enemies":"Maw","floor":47,"turns":7},{"damage":0,"enemies":"Giant Head","floor":48,"turns":5},{"damage":0,"enemies":"Donu and Deca","floor":50,"turns":4}],"event_choices":[{"event_name":"Purifier","player_choice":"One Purge","floor":2,"damage_taken":0},{"event_name":"Living Wall","player_choice":"Forget","floor":5,"damage_taken":0},{"event_name":"Upgrade Shrine","player_choice":"Upgraded","floor":11,"damage_taken":0},{"event_name":"Transmorgrifier","player_choice":"Transform","floor":12,"damage_taken":0},{"event_name":"Forgotten Altar","player_choice":"Shed Blood","floor":20,"damage_taken":0},{"event_name":"Drug Dealer","player_choice":"Ignored","floor":21,"damage_taken":0},{"event_name":"Wheel of Change","player_choice":"Damage","floor":39,"damage_taken":0},{"event_name":"Transmorgrifier","player_choice":"Transform","floor":45,"damage_taken":0},{"event_name":"Winding Halls","player_choice":"Embrace Madness","floor":46,"damage_taken":0}],"boss_relics":[{"not_picked":["Calling Bell","Velvet Choker"],"picked":"Ectoplasm"},{"not_picked":["Pandora\u0027s Box","Runic Dome"],"picked":"Runic Pyramid"}],"potions_floor_spawned":[3,13,14,24,25,27,29,30,33,35,37,42,44],"seed_played":"-7641342217937642641","ascension_level":7,"is_trial":false}