{"gold_per_floor":[118,128,128,37,57,57,75,93,93,103,28,54,54,71,71,174,174,191,121,131,144,144,169,169,188,267,267,284,318,338,263,263,263],"floor_reached":33,"playtime":1971,"items_purged":["Strike_R"],"score":374,"play_id":"a803701e-7d1b-47de-a5db-2142de828c55","local_time":"20190306171157","is_ascension_mode":true,"campfire_choices":[{"data":"Armaments","floor":6.0,"key":"SMITH"},{"floor":13.0,"key":"DIG"},{"floor":15.0,"key":"DIG"},{"floor":24.0,"key":"REST"},{"floor":27.0,"key":"REST"},{"floor":32,"key":"REST"}],"neow_cost":"NONE","seed_source_timestamp":62408086191360,"circlet_count":0,"master_deck":["Strike_R","Strike_R","Strike_R","Strike_R","Defend_R","Defend_R","Defend_R","Defend_R","Bash","Forethought","Headbutt","Armaments+1","Headbutt","Shrug It Off","Pommel Strike","Battle Trance+1","Feed+1","Inflame+1","Power Through+1","Flex+1","Armaments+1","Searing Blow+1","Spot Weakness+1","Rampage+1","Hemokinesis+1"],"special_seed":0,"relics":["Burning Blood","Shovel","Toxic Egg 2","Bird Faced Urn","Molten Egg 2","Velvet Choker","Bag of Marbles","Darkstone Periapt","Juzu Bracelet"],"potions_floor_usage":[29,30,30,33],"damage_taken":[{"damage":0.0,"enemies":"Cultist","floor":1.0,"turns":3.0},{"damage":12.0,"enemies":"Jaw Worm","floor":2.0,"turns":3.0},{"damage":0.0,"enemies":"Small Slimes","floor":5.0,"turns":2.0},{"damage":8.0,"enemies":"Exordium Thugs","floor":7.0,"turns":5.0},{"damage":10.0,"enemies":"2 Fungi Beasts","floor":8.0,"turns":2.0},{"damage":11.0,"enemies":"Looter","floor":10.0,"turns":2.0},{"damage":12.0,"enemies":"Gremlin Nob","floor":12.0,"turns":4.0},{"damage":8.0,"enemies":"Blue Slaver","floor":14.0,"turns":3.0},{"damage":51.0,"enemies":"Hexaghost","floor":16.0,"turns":9.0},{"damage":4.0,"enemies":"Shell Parasite","floor":18.0,"turns":3.0},{"damage":12.0,"enemies":"3 Byrds","floor":20.0,"turns":5.0},{"damage":23.0,"enemies":"Centurion and Healer","floor":21.0,"turns":5.0},{"damage":65.0,"enemies":"Gremlin Leader","floor":23.0,"turns":10.0},{"damage":20.0,"enemies":"Snake Plant","floor":25.0,"turns":4.0},{"damage":0,"enemies":"Snecko","floor":28,"turns":4},{"damage":20,"enemies":"Book of Stabbing","floor":29,"turns":4},{"damage":35,"enemies":"Chosen and Byrds","floor":30,"turns":9},{"damage":2,"enemies":"Collector","floor":33,"turns":2}],"seed_played":"-6653438276548302080","potions_obtained":[{"floor":3.0,"key":"Explosive Potion"},{"floor":3.0,"key":"SkillPotion"},{"floor":3.0,"key":"EntropicBrew"},{"floor":10.0,"key":"Block Potion"},{"floor":12.0,"key":"SpeedPotion"},{"floor":14.0,"key":"SteroidPotion"},{"floor":23.0,"key":"SkillPotion"},{"floor":25.0,"key":"EssenceOfSteel"},{"floor":29,"key":"SneckoOil"}],"is_trial":false,"path_per_floor":["M","M","?","$","M","R","M","M","T","M","$","E","R","M","R","B",null,"M","$","M","M","?","E","R","M","T","R","M","E","M","?","R","B"],"character_chosen":"IRONCLAD","items_purchased":["Armaments","Headbutt","Power Through+1"],"campfire_rested":3,"item_purchase_floors":[4,4,19],"current_hp_per_floor":[80,74,74,74,80,80,78,74,74,69,69,63,63,61,61,16,80,84,84,82,71,76,19,46,34,34,61,69,57,34,34,62,60],"gold":263,"neow_bonus":"RANDOM_COLORLESS","is_prod":false,"is_daily":false,"chose_seed":false,"campfire_upgraded":1,"win_rate":0,"timestamp":1551913917,"path_taken":["M","?","?","$","?","R","M","M","T","M","?","E","R","M","R","BOSS","M","$","?","?","?","E","R","?","T","R","M","E","M","?","R","BOSS"],"build_version":"2019-01-23","purchased_purges":1,"victory":false,"max_hp_per_floor":[80,80,80,80,80,80,80,80,80,80,80,80,80,80,80,80,80,84,84,88,92,92,92,92,92,92,92,92,92,96,96,96,96],"card_choices":[{"not_picked":["Clothesline","Shockwave"],"picked":"Headbutt","floor":1.0},{"not_picked":["Shockwave","Twin Strike"],"picked":"Clash","floor":2.0},{"not_picked":["Flex","Body Slam"],"picked":"Shrug It Off","floor":5.0},{"not_picked":["Perfected Strike","Sword Boomerang"],"picked":"Clash","floor":7.0},{"not_picked":["Heavy Blade","Rupture","Thunderclap"],"picked":"SKIP","floor":8.0},{"not_picked":["Reaper","Flex"],"picked":"Pommel Strike","floor":10.0},{"not_picked":["Inflame","Blood for Blood"],"picked":"Battle Trance","floor":12.0},{"not_picked":["Uppercut","Cleave","Wild Strike"],"picked":"SKIP","floor":14.0},{"not_picked":["Bludgeon+1","Offering+1"],"picked":"Feed+1","floor":16.0},{"not_picked":["Flex+1","Power Through+1"],"picked":"Inflame+1","floor":18.0},{"not_picked":["Heavy Blade+1","Sword Boomerang+1"],"picked":"Flex+1","floor":20.0},{"not_picked":["Clothesline+1","Ghostly Armor+1"],"picked":"Armaments+1","floor":21.0},{"not_picked":["Carnage+1","Wild Strike+1"],"picked":"Searing Blow+1","floor":23.0},{"not_picked":["Brutality","Body Slam+1","Perfected Strike+1"],"picked":"SKIP","floor":25.0},{"not_picked":["Shockwave+1","Second Wind+1"],"picked":"Spot Weakness+1","floor":28},{"not_picked":["Infernal Blade+1","Reckless Charge+1"],"picked":"Rampage+1","floor":29},{"not_picked":["Flex+1","Carnage+1"],"picked":"Hemokinesis+1","floor":30}],"player_experience":646119,"relics_obtained":[{"floor":9.0,"key":"Shovel"},{"floor":12.0,"key":"Toxic Egg 2"},{"floor":13.0,"key":"Bird Faced Urn"},{"floor":15.0,"key":"Molten Egg 2"},{"floor":23.0,"key":"Bag of Marbles"},{"floor":26.0,"key":"Darkstone Periapt"},{"floor":29,"key":"Juzu Bracelet"}],"event_choices":[{"damage_healed":0.0,"max_hp_gain":0.0,"max_hp_loss":0.0,"gold_gain":0.0,"event_name":"Lab","player_choice":"Got Potions","floor":3.0,"gold_loss":0.0,"damage_taken":0.0},{"cards_removed":["Clash"],"damage_healed":5.0,"max_hp_gain":0.0,"max_hp_loss":0.0,"gold_gain":0.0,"event_name":"Bonfire Elementals","player_choice":"Offered Common","floor":22.0,"gold_loss":0.0,"damage_taken":0.0},{"cards_removed":["Clash"],"damage_healed":5.0,"max_hp_gain":0.0,"max_hp_loss":0.0,"gold_gain":0.0,"event_name":"Bonfire Elementals","player_choice":"Offered Special","floor":22.0,"gold_loss":0.0,"damage_taken":0.0},{"cards_removed":["Clash"],"damage_healed":0,"gold_gain":0,"player_choice":"Gave Gold","damage_taken":0,"max_hp_gain":0,"max_hp_loss":0,"event_name":"Beggar","floor":31,"gold_loss":75}],"is_beta":false,"boss_relics":[{"not_picked":["Ectoplasm","Runic Dome"],"picked":"Velvet Choker"}],"items_purged_floors":[11],"is_endless":false,"potions_floor_spawned":[5,10,12,14,23,25,29],"killed_by":"Collector","ascension_level":4}