{"gold_per_floor":[116,142,173,198,285,297,338,350,362,374,414,426,450,473,485,572,584,615,29,29],"floor_reached":20,"playtime":947,"items_purged":[],"score":348,"play_id":"8c2be907-71aa-49ce-9d61-d951f27cfac5","local_time":"20190407183018","is_ascension_mode":true,"campfire_choices":[{"data":"Fusion","floor":6.0,"key":"SMITH"},{"floor":8.0,"key":"REST"},{"data":"Zap","floor":12,"key":"SMITH"},{"floor":15,"key":"REST"}],"neow_cost":"NONE","seed_source_timestamp":0,"circlet_count":0,"master_deck":["AscendersBane","Strike_B","Strike_B","Strike_B","Strike_B","Defend_B","Defend_B","Defend_B","Defend_B","Zap+1","Dualcast","Leap","Coolheaded","Fusion+1","Leap","Loop","Streamline","Rebound","Echo Form","Streamline","Glacier","Sunder","Enlightenment"],"special_seed":0,"relics":["Cracked Core","NeowsBlessing","MawBank","Boot","Pantograph","Philosopher\u0027s Stone","Cables"],"potions_floor_usage":[16,20],"damage_taken":[{"damage":0.0,"enemies":"Cultist","floor":1.0,"turns":1.0},{"damage":0.0,"enemies":"Small Slimes","floor":3.0,"turns":1.0},{"damage":0.0,"enemies":"Jaw Worm","floor":4.0,"turns":1.0},{"damage":19.0,"enemies":"Lagavulin","floor":7.0,"turns":9.0},{"damage":11.0,"enemies":"Blue Slaver","floor":11.0,"turns":5.0},{"damage":11,"enemies":"Exordium Wildlife","floor":13,"turns":5},{"damage":14,"enemies":"Lots of Slimes","floor":14,"turns":5},{"damage":14,"enemies":"The Guardian","floor":16,"turns":16},{"damage":16,"enemies":"Spheric Guardian","floor":18,"turns":6},{"damage":61,"enemies":"3 Byrds","floor":20,"turns":3}],"seed_played":"-2389691208381044003","potions_obtained":[{"floor":1.0,"key":"Explosive Potion"},{"floor":7.0,"key":"SteroidPotion"}],"is_trial":false,"path_per_floor":["M","T","M","M","?","R","E","R","T","?","M","R","M","M","R","B",null,"M","$","M"],"character_chosen":"DEFECT","items_purchased":["Cables","Glacier","Sunder","Enlightenment","SkillPotion"],"campfire_rested":2,"item_purchase_floors":[19,19,19,19,19],"current_hp_per_floor":[64,64,64,64,53,53,34,55,55,55,44,44,33,19,40,51,66,50,50,0],"gold":29,"neow_bonus":"THREE_ENEMY_KILL","is_prod":false,"is_daily":false,"chose_seed":false,"campfire_upgraded":2,"win_rate":0,"timestamp":1554679818,"path_taken":["M","?","?","M","?","R","E","R","T","?","M","R","M","M","R","BOSS","M","$","M"],"build_version":"2019-01-23","purchased_purges":0,"victory":false,"max_hp_per_floor":[71,71,71,71,71,71,71,71,71,71,71,71,71,71,71,71,71,71,71,71],"card_choices":[{"not_picked":["Rip and Tear","Doom and Gloom"],"picked":"Leap","floor":1.0},{"not_picked":["Self Repair","Undo"],"picked":"Coolheaded","floor":3.0},{"not_picked":["Steam","Go for the Eyes"],"picked":"Fusion","floor":4.0},{"not_picked":["Sweeping Beam","BootSequence"],"picked":"Leap","floor":7.0},{"not_picked":["Sweeping Beam","Ball Lightning"],"picked":"Loop","floor":11},{"not_picked":["Lockon","Aggregate"],"picked":"Streamline","floor":13},{"not_picked":["Reprogram","Stack"],"picked":"Rebound","floor":14},{"not_picked":["Machine Learning","Multi-Cast"],"picked":"Echo Form","floor":16},{"not_picked":["Double Energy+1","Redo"],"picked":"Streamline","floor":18}],"player_experience":894996,"relics_obtained":[{"floor":2.0,"key":"MawBank"},{"floor":7.0,"key":"Boot"},{"floor":9.0,"key":"Pantograph"}],"event_choices":[{"damage_healed":0.0,"max_hp_gain":0.0,"max_hp_loss":0.0,"gold_gain":75.0,"event_name":"World of Goop","player_choice":"Gather Gold","floor":5.0,"gold_loss":0.0,"damage_taken":11.0},{"damage_healed":0.0,"max_hp_gain":0.0,"max_hp_loss":0.0,"gold_gain":0.0,"event_name":"The Cleric","player_choice":"Leave","floor":10.0,"gold_loss":0.0,"damage_taken":0.0}],"is_beta":false,"boss_relics":[{"not_picked":["Snecko Eye","Ectoplasm"],"picked":"Philosopher\u0027s Stone"}],"items_purged_floors":[],"is_endless":false,"potions_floor_spawned":[1,7,11,13,14],"killed_by":"3 Byrds","ascension_level":20}