{"gold_per_floor":[117,137,155,0,13,13,33,33,33,33,45,45,64,79,79,175,175,186,186,203,203],"floor_reached":21,"playtime":1232,"items_purged":["Strike_B"],"score":225,"play_id":"578b8a6e-1a0d-4e63-9216-1ba42b6a7116","local_time":"20180911173545","is_ascension_mode":false,"campfire_choices":[{"floor":6,"key":"REST"},{"floor":8,"key":"REST"},{"data":"White Noise","floor":10,"key":"SMITH"},{"data":"White Noise","floor":15,"key":"SMITH"}],"neow_cost":"NONE","seed_source_timestamp":2376143669897348,"circlet_count":0,"master_deck":["Strike_B","Strike_B","Strike_B","Defend_B","Defend_B","Defend_B","Defend_B","Zap","Capacitor","White Noise+1","Conserve Battery","White Noise+1","Electrodynamics","Conserve Battery"],"relics":["Cracked Core","Kunai","CultistMask","Orrery"],"potions_floor_usage":[5,16,16],"damage_taken":[{"damage":5,"enemies":"Small Slimes","floor":1,"turns":3},{"damage":4,"enemies":"Cultist","floor":2,"turns":4},{"damage":4,"enemies":"2 Louse","floor":3,"turns":3},{"damage":21,"enemies":"Gremlin Gang","floor":5,"turns":4},{"damage":27,"enemies":"Exordium Wildlife","floor":7,"turns":7},{"damage":0,"enemies":"Blue Slaver","floor":11,"turns":5},{"damage":3,"enemies":"Red Slaver","floor":13,"turns":4},{"damage":0,"enemies":"3 Louse","floor":14,"turns":5},{"damage":0,"enemies":"Slime Boss","floor":16,"turns":5},{"damage":18,"enemies":"Shell Parasite","floor":18,"turns":8},{"damage":30,"enemies":"Chosen","floor":20,"turns":8},{"damage":47,"enemies":"Snake Plant","floor":21,"turns":4}],"seed_played":"-6067844757932419177","potions_obtained":[{"floor":1,"key":"Fire Potion"},{"floor":3,"key":"FocusPotion"},{"floor":14,"key":"GamblersBrew"},{"floor":20,"key":"FearPotion"}],"is_trial":false,"path_per_floor":["M","M","M","$","M","R","M","R","T","R","M","?","M","M","R","B",null,"M","?","M"],"character_chosen":"DEFECT","items_purchased":["White Noise"],"campfire_rested":2,"item_purchase_floors":[4],"current_hp_per_floor":[70,66,62,62,41,63,36,58,58,58,58,58,55,55,55,55,75,57,75,45,0],"gold":203,"neow_bonus":"REMOVE_CARD","is_prod":false,"is_daily":false,"chose_seed":false,"campfire_upgraded":2,"win_rate":0.0,"timestamp":1536712545,"path_taken":["M","M","M","$","M","R","M","R","T","R","M","?","M","M","R","BOSS","M","?","M","M"],"build_version":"2018-09-06","purchased_purges":1,"victory":false,"max_hp_per_floor":[75,75,75,75,75,75,75,75,75,75,75,75,75,75,75,75,75,75,75,75,75],"card_choices":[{"not_picked":["Leap","Redo","Doom and Gloom"],"picked":"SKIP","floor":1},{"not_picked":["Skim","Sweeping Beam"],"picked":"Capacitor","floor":2},{"not_picked":["Sweeping Beam","Lockon","Steam Power"],"picked":"SKIP","floor":3},{"not_picked":["Cold Snap","Storm","Glacier"],"picked":"SKIP","floor":5},{"not_picked":["Hello World","Static Discharge"],"picked":"Conserve Battery","floor":7},{"not_picked":["Storm","Force Field","Sweeping Beam"],"picked":"SKIP","floor":11},{"not_picked":["Sunder","Heatsinks","Genetic Algorithm"],"picked":"SKIP","floor":13},{"not_picked":["Turbo","Sunder"],"picked":"White Noise","floor":14},{"not_picked":["Core Surge","Multi-Cast"],"picked":"Electrodynamics","floor":16},{"not_picked":["Loop","Go for the Eyes"],"picked":"Conserve Battery","floor":17},{"not_picked":["Barrage","Steam+1","Hologram"],"picked":"SKIP","floor":18},{"not_picked":["Gash","Core Surge","Hello World"],"picked":"SKIP","floor":20}],"player_experience":97791,"relics_obtained":[{"floor":9,"key":"Kunai"}],"event_choices":[{"event_name":"FaceTrader","player_choice":"Trade","floor":12,"damage_taken":0},{"event_name":"The Library","player_choice":"Heal","floor":19,"damage_taken":0}],"is_beta":false,"boss_relics":[{"not_picked":["Ectoplasm","Astrolabe"],"picked":"Orrery"}],"items_purged_floors":[4],"is_endless":false,"potions_floor_spawned":[1,3,14,20],"killed_by":"Snake Plant","ascension_level":0}