{"gold_per_floor":[116,131,147,147,157,182,182,197,197,224,242,254,60,76,76,178,178,194,207,29,29,46,46,62,89,116,116,116,116,151,168,168,270,270,286,386,296,296,296,296,316,316,316,316,20,53,67,92,92,92],"floor_reached":51,"playtime":4540,"items_purged":[],"score":910,"play_id":"75c6d1f1-b650-48ed-9afe-a51f8b7931a3","local_time":"20190320223313","is_ascension_mode":true,"campfire_choices":[{"floor":7.0,"key":"REST"},{"floor":15.0,"key":"DIG"},{"floor":23.0,"key":"DIG"},{"floor":27.0,"key":"DIG"},{"floor":32.0,"key":"DIG"},{"floor":40.0,"key":"DIG"},{"floor":42.0,"key":"DIG"},{"floor":44.0,"key":"DIG"},{"floor":49.0,"key":"DIG"}],"neow_cost":"NONE","seed_source_timestamp":6341861470297,"circlet_count":0,"master_deck":["Strike_R+1","Strike_R","Defend_R","Defend_R+1","Defend_R+1","Bash","Ghostly Armor","Anger","Anger","Pommel Strike","Shrug It Off+1","Flame Barrier+1","Sword Boomerang+1","Sword Boomerang","Carnage","Twin Strike","Warcry+1","Bludgeon+1","Inflame+1","Body Slam+1","Uppercut","Armaments","Metallicize","Burning Pact+1","Exhume","Armaments","Ghostly","Ghostly","Ghostly","Ghostly","Ghostly","Shrug It Off","Rage","Dark Embrace","Whirlwind+1","Pommel Strike+1","Inflame","Metallicize","Double Tap","Inflame+1","Evolve"],"special_seed":0,"relics":["Burning Blood","Shovel","Shuriken","Orichalcum","Toolbox","Champion Belt","Astrolabe","Bag of Marbles","Juzu Bracelet","Mercury Hourglass","War Paint","Bottled Lightning","Centennial Puzzle","Gremlin Horn","Fusion Hammer","StoneCalendar","Anchor","Lantern","Mummified Hand","Ancient Tea Set","Bottled Flame","Boot","PreservedInsect","Whetstone"],"potions_floor_usage":[50],"damage_taken":[{"damage":6.0,"enemies":"Cultist","floor":1.0,"turns":4.0},{"damage":0.0,"enemies":"2 Louse","floor":2.0,"turns":2.0},{"damage":14.0,"enemies":"Jaw Worm","floor":3.0,"turns":3.0},{"damage":9.0,"enemies":"2 Fungi Beasts","floor":5.0,"turns":3.0},{"damage":5.0,"enemies":"3 Sentries","floor":6.0,"turns":4.0},{"damage":13.0,"enemies":"Blue Slaver","floor":8.0,"turns":3.0},{"damage":9.0,"enemies":"Gremlin Nob","floor":10.0,"turns":4.0},{"damage":0.0,"enemies":"3 Louse","floor":11.0,"turns":4.0},{"damage":6.0,"enemies":"Red Slaver","floor":12.0,"turns":3.0},{"damage":3.0,"enemies":"Large Slime","floor":14.0,"turns":4.0},{"damage":41.0,"enemies":"The Guardian","floor":16.0,"turns":10.0},{"damage":2.0,"enemies":"Chosen","floor":18.0,"turns":4.0},{"damage":1.0,"enemies":"Shell Parasite","floor":19.0,"turns":3.0},{"damage":17.0,"enemies":"3 Cultists","floor":22.0,"turns":6.0},{"damage":18.0,"enemies":"Shelled Parasite and Fungi","floor":24.0,"turns":6.0},{"damage":14.0,"enemies":"Book of Stabbing","floor":25.0,"turns":4.0},{"damage":5.0,"enemies":"Slavers","floor":30.0,"turns":7.0},{"damage":11.0,"enemies":"Chosen and Byrds","floor":31.0,"turns":8.0},{"damage":27.0,"enemies":"Collector","floor":33.0,"turns":10.0},{"damage":0.0,"enemies":"Orb Walker","floor":35.0,"turns":1.0},{"damage":13.0,"enemies":"Mind Bloom Boss Battle","floor":36.0,"turns":7.0},{"damage":0.0,"enemies":"3 Darklings","floor":41.0,"turns":4.0},{"damage":0.0,"enemies":"Giant Head","floor":46.0,"turns":7.0},{"damage":0.0,"enemies":"Jaw Worm Horde","floor":47.0,"turns":2.0},{"damage":25.0,"enemies":"Nemesis","floor":48.0,"turns":7.0},{"damage":0,"enemies":"Donu and Deca","floor":50,"turns":9}],"seed_played":"3706130849019600959","potions_obtained":[{"floor":3.0,"key":"AttackPotion"},{"floor":5.0,"key":"Fruit Juice"},{"floor":8.0,"key":"Block Potion"},{"floor":14.0,"key":"Strength Potion"},{"floor":16.0,"key":"FearPotion"},{"floor":18.0,"key":"Explosive Potion"},{"floor":19.0,"key":"SpeedPotion"},{"floor":30.0,"key":"Block Potion"},{"floor":33.0,"key":"Weak Potion"},{"floor":36.0,"key":"PowerPotion"},{"floor":39.0,"key":"Regen Potion"},{"floor":39.0,"key":"AttackPotion"},{"floor":41.0,"key":"EssenceOfSteel"},{"floor":46.0,"key":"FearPotion"}],"is_trial":false,"path_per_floor":["M","?","?","?","?","?","?","?","?"],"character_chosen":"IRONCLAD","items_purchased":["Toolbox","Bag of Marbles","Armaments","Bottled Flame","Metallicize"],"campfire_rested":1,"item_purchase_floors":[13,20,20,45,45],"current_hp_per_floor":[80,80,72,56,53,59,84,77,77,74,80,80,80,83,83,48,85,85,85,85,85,74,74,62,54,54,54,54,42,42,37,37,16,42,42,35,35,35,35,35,41,41,41,41,41,42,42,37,37,42],"gold":92,"neow_bonus":"TRANSFORM_CARD","is_prod":false,"is_daily":false,"chose_seed":false,"campfire_upgraded":0,"win_rate":0,"timestamp":1553117593,"path_taken":["M","?","M","?","M","E","R","M","T","E","M","M","$","M","R","BOSS","M","M","$","?","M","R","M","E","T","R","?","?","E","M","R","BOSS","M","?","?","?","?","R","M","R","T","R","$","E","M","E","R","BOSS"],"build_version":"2019-01-23","purchased_purges":0,"victory":true,"max_hp_per_floor":[80,80,80,80,80,85,85,85,85,85,85,85,85,85,85,85,85,85,85,85,85,85,85,85,85,85,85,85,42,42,42,42,42,42,42,42,42,42,42,42,42,42,42,42,42,42,42,42,42,42],"card_choices":[{"not_picked":["Searing Blow","Perfected Strike"],"picked":"Anger","floor":1.0},{"not_picked":["Clash","Sever Soul"],"picked":"Anger","floor":2.0},{"not_picked":["Searing Blow","Cleave"],"picked":"Pommel Strike","floor":3.0},{"not_picked":["Blood for Blood","Heavy Blade","Clash"],"picked":"SKIP","floor":5.0},{"not_picked":["Intimidate","True Grit"],"picked":"Shrug It Off","floor":6.0},{"not_picked":["Pommel Strike","Feel No Pain"],"picked":"Flame Barrier","floor":8.0},{"not_picked":["Warcry","Havoc"],"picked":"Sword Boomerang","floor":10.0},{"not_picked":["Headbutt","Berserk"],"picked":"Sword Boomerang","floor":11.0},{"not_picked":["Anger","Reckless Charge"],"picked":"Carnage","floor":12.0},{"not_picked":["Evolve","Body Slam"],"picked":"Twin Strike","floor":14.0},{"not_picked":["Dark Embrace","Impervious"],"picked":"Bludgeon","floor":16.0},{"not_picked":["Rupture","Havoc+1"],"picked":"Body Slam+1","floor":18.0},{"not_picked":["Flame Barrier","Reckless Charge"],"picked":"Uppercut","floor":19.0},{"not_picked":["Sever Soul","Thunderclap"],"picked":"Metallicize","floor":22.0},{"not_picked":["Bludgeon","Thunderclap"],"picked":"Burning Pact","floor":24.0},{"not_picked":["Limit Break","Dual Wield"],"picked":"Exhume","floor":25.0},{"not_picked":["Perfected Strike","Body Slam"],"picked":"Shrug It Off","floor":30.0},{"not_picked":["Fire Breathing","Thunderclap"],"picked":"Rage","floor":31.0},{"not_picked":["Limit Break","Feed"],"picked":"Dark Embrace","floor":33.0},{"not_picked":["Havoc+1","Second Wind+1"],"picked":"Whirlwind+1","floor":35.0},{"not_picked":["Twin Strike","Second Wind"],"picked":"Pommel Strike+1","floor":36.0},{"not_picked":["Thunderclap","Wild Strike+1"],"picked":"Inflame","floor":41.0},{"not_picked":["Sever Soul+1","Rampage"],"picked":"Double Tap","floor":46.0},{"not_picked":["Iron Wave","Heavy Blade+1"],"picked":"Inflame+1","floor":47.0},{"not_picked":["Pummel","Rampage"],"picked":"Evolve","floor":48.0}],"player_experience":141326,"relics_obtained":[{"floor":6.0,"key":"Shovel"},{"floor":9.0,"key":"Shuriken"},{"floor":10.0,"key":"Orichalcum"},{"floor":15.0,"key":"Champion Belt"},{"floor":23.0,"key":"Juzu Bracelet"},{"floor":25.0,"key":"Mercury Hourglass"},{"floor":26.0,"key":"War Paint"},{"floor":27.0,"key":"Bottled Lightning"},{"floor":30.0,"key":"Centennial Puzzle"},{"floor":32.0,"key":"Gremlin Horn"},{"floor":36.0,"key":"StoneCalendar"},{"floor":40.0,"key":"Anchor"},{"floor":42.0,"key":"Lantern"},{"floor":43.0,"key":"Mummified Hand"},{"floor":44.0,"key":"Ancient Tea Set"},{"floor":46.0,"key":"Boot"},{"floor":48.0,"key":"PreservedInsect"},{"floor":49.0,"key":"Whetstone"}],"event_choices":[{"damage_healed":0.0,"max_hp_gain":0.0,"max_hp_loss":0.0,"gold_gain":0.0,"event_name":"Shining Light","player_choice":"Entered Light","floor":4.0,"gold_loss":0.0,"damage_taken":16.0,"cards_upgraded":["Defend_R","Defend_R"]},{"damage_healed":0.0,"max_hp_gain":0.0,"max_hp_loss":0.0,"gold_gain":0.0,"event_name":"Vampires","player_choice":"Ignored","floor":21.0,"gold_loss":0.0,"damage_taken":0.0},{"damage_healed":0.0,"max_hp_gain":0.0,"max_hp_loss":0.0,"gold_gain":0.0,"event_name":"The Library","player_choice":"Read","floor":28.0,"gold_loss":0.0,"damage_taken":0.0,"cards_obtained":["Armaments"]},{"damage_healed":0.0,"max_hp_gain":0.0,"max_hp_loss":43.0,"gold_gain":0.0,"event_name":"Ghosts","player_choice":"Became a Ghost","floor":29.0,"gold_loss":0.0,"damage_taken":0.0,"cards_obtained":["Ghostly","Ghostly","Ghostly","Ghostly","Ghostly"]},{"damage_healed":0.0,"max_hp_gain":0.0,"max_hp_loss":0.0,"gold_gain":0.0,"event_name":"MindBloom","player_choice":"Fight","floor":36.0,"gold_loss":0.0,"damage_taken":0.0},{"cards_removed":["Bludgeon"],"damage_healed":0.0,"max_hp_gain":0.0,"max_hp_loss":0.0,"gold_gain":0.0,"event_name":"Designer","player_choice":"Upgrade and Remove","floor":37.0,"gold_loss":90.0,"damage_taken":0.0,"cards_upgraded":["Burning Pact"]},{"damage_healed":0.0,"max_hp_gain":0.0,"max_hp_loss":0.0,"gold_gain":0.0,"event_name":"Tomb of Lord Red Mask","player_choice":"Ignored","floor":38.0,"gold_loss":0.0,"damage_taken":0.0},{"damage_healed":0.0,"max_hp_gain":0.0,"max_hp_loss":0.0,"gold_gain":0.0,"event_name":"Lab","player_choice":"Got Potions","floor":39.0,"gold_loss":0.0,"damage_taken":0.0}],"is_beta":false,"boss_relics":[{"not_picked":["Velvet Choker","Philosopher\u0027s Stone"],"picked":"Astrolabe"},{"not_picked":["Runic Dome","Coffee Dripper"],"picked":"Fusion Hammer"}],"items_purged_floors":[],"is_endless":false,"potions_floor_spawned":[3,5,8,14,16,18,19,30,33,36,41,46],"ascension_level":2}