{"gold_per_floor":[117,70,85,85,98,98,109,123,123,123,48,48,58,77,77,177,177,195,43,62,161,161],"floor_reached":22,"playtime":921,"items_purged":["Defend_B","Defend_B"],"score":178,"play_id":"2ace55dc-6a1e-443d-8f04-a6bc2901049f","local_time":"20190403131249","is_ascension_mode":false,"campfire_choices":[{"data":"Streamline","floor":6.0,"key":"SMITH"},{"data":"Zap","floor":10.0,"key":"SMITH"},{"floor":15.0,"key":"REST"}],"neow_cost":"NONE","seed_source_timestamp":497845250965917,"circlet_count":0,"master_deck":["Strike_B","Strike_B","Defend_B","Defend_B","Zap+1","Dualcast","Conserve Battery","Streamline+1"],"special_seed":0,"relics":["Inserter"],"potions_floor_usage":[22],"damage_taken":[{"damage":11.0,"enemies":"Cultist","floor":1.0,"turns":5.0},{"damage":2.0,"enemies":"Small Slimes","floor":3.0,"turns":3.0},{"damage":4.0,"enemies":"Jaw Worm","floor":5.0,"turns":4.0},{"damage":7.0,"enemies":"Blue Slaver","floor":7.0,"turns":3.0},{"damage":0.0,"enemies":"2 Fungi Beasts","floor":8.0,"turns":4.0},{"damage":8.0,"enemies":"Red Slaver","floor":13.0,"turns":2.0},{"damage":11.0,"enemies":"Large Slime","floor":14.0,"turns":5.0},{"damage":39.0,"enemies":"Slime Boss","floor":16.0,"turns":11.0},{"damage":14.0,"enemies":"2 Thieves","floor":18.0,"turns":5.0},{"damage":41.0,"enemies":"3 Byrds","floor":20.0,"turns":6.0},{"damage":12,"enemies":"Shelled Parasite and Fungi","floor":22,"turns":3}],"seed_played":"7483992450279496300","potions_obtained":[{"floor":5.0,"key":"Ancient Potion"},{"floor":7.0,"key":"EssenceOfSteel"},{"floor":16.0,"key":"Weak Potion"},{"floor":20.0,"key":"PowerPotion"}],"is_trial":false,"path_per_floor":["M","$","M","?","M","R","M","M","T","R","$","?","M","M","R","B",null,"M","$","M","?","M"],"character_chosen":"DEFECT","items_purchased":["Streamline","PowerPotion"],"campfire_rested":1,"item_purchase_floors":[2,19],"current_hp_per_floor":[64,64,62,62,58,58,51,51,51,51,51,44,36,25,47,8,75,61,61,20,20,8],"gold":161,"neow_bonus":"BOSS_RELIC","is_prod":false,"is_daily":false,"chose_seed":false,"campfire_upgraded":2,"win_rate":0,"timestamp":1554322369,"path_taken":["M","$","M","?","M","R","M","M","T","R","?","?","M","M","R","BOSS","M","$","M","?","M"],"build_version":"2019-01-23","purchased_purges":2,"victory":false,"max_hp_per_floor":[75,75,75,75,75,75,75,75,75,75,75,75,75,75,75,75,75,75,75,75,75,75],"card_choices":[{"not_picked":["Cold Snap","Go for the Eyes"],"picked":"Conserve Battery","floor":1.0},{"not_picked":["Leap","Seek","Scrape"],"picked":"SKIP","floor":3.0},{"not_picked":["Sweeping Beam","Turbo","Doom and Gloom"],"picked":"SKIP","floor":5.0},{"not_picked":["Compile Driver","Turbo","Steam"],"picked":"SKIP","floor":7.0},{"not_picked":["Skim","Stack","Rebound"],"picked":"SKIP","floor":8.0},{"not_picked":["Skim","Reinforced Body","Beam Cell"],"picked":"SKIP","floor":13.0},{"not_picked":["Undo","Cold Snap","Gash"],"picked":"SKIP","floor":14.0},{"not_picked":["Genetic Algorithm","Steam Power","Defragment+1"],"picked":"SKIP","floor":18.0},{"not_picked":["Stack","Steam Power","Sweeping Beam"],"picked":"SKIP","floor":20.0}],"player_experience":281423,"relics_obtained":[],"event_choices":[{"cards_removed":["Strike_B"],"damage_healed":0.0,"max_hp_gain":0.0,"max_hp_loss":0.0,"gold_gain":0.0,"event_name":"Bonfire Elementals","player_choice":"Offered Basic","floor":4.0,"gold_loss":0.0,"damage_taken":0.0},{"cards_removed":["Strike_B"],"damage_healed":0.0,"max_hp_gain":0.0,"max_hp_loss":0.0,"gold_gain":0.0,"event_name":"Golden Wing","player_choice":"Card Removal","floor":12.0,"gold_loss":0.0,"damage_taken":7.0},{"damage_healed":0.0,"max_hp_gain":0.0,"max_hp_loss":0.0,"gold_gain":99.0,"event_name":"Nest","player_choice":"Stole From Cult","floor":21.0,"gold_loss":0.0,"damage_taken":0.0}],"is_beta":false,"boss_relics":[{"not_picked":["Pandora\u0027s Box","White Beast Statue","Lizard Tail"]}],"items_purged_floors":[11,19],"is_endless":false,"potions_floor_spawned":[5,7,16,20],"killed_by":"Shelled Parasite and Fungi","ascension_level":0}