{"gold_per_floor":[109,129,139,19,34,34,51,65,115,42,55,55,85,105,105,202,202,221,171,152,166,166],"floor_reached":22,"playtime":1073,"items_purged":["Strike_G"],"score":192,"play_id":"3625b1b5-a93b-4dea-829d-20b4ad8776f2","local_time":"20181201002627","is_ascension_mode":false,"campfire_choices":[{"floor":6.0,"key":"REST"},{"floor":12.0,"key":"REST"},{"data":"Flying Knee","floor":15.0,"key":"SMITH"}],"neow_cost":"NONE","seed_source_timestamp":0,"circlet_count":0,"master_deck":["Defend_G","Defend_G","Defend_G","Defend_G","Defend_G","Strike_G","Strike_G","Strike_G","Strike_G","Survivor","Neutralize","Slice","Flying Knee","Flying Knee","Bouncing Flask","After Image","Infinite Blades","Deflect","Flying Knee+1","Die Die Die"],"special_seed":0,"relics":["Ring of the Snake","NeowsBlessing","Anchor","Gambling Chip","Black Star"],"potions_floor_usage":[22],"damage_taken":[{"damage":0.0,"enemies":"Small Slimes","floor":1.0,"turns":1.0},{"damage":0.0,"enemies":"Cultist","floor":2.0,"turns":1.0},{"damage":0.0,"enemies":"Jaw Worm","floor":3.0,"turns":1.0},{"damage":4.0,"enemies":"Gremlin Gang","floor":5.0,"turns":3.0},{"damage":12.0,"enemies":"Looter","floor":7.0,"turns":3.0},{"damage":9.0,"enemies":"Blue Slaver","floor":8.0,"turns":3.0},{"damage":4.0,"enemies":"Exordium Thugs","floor":11.0,"turns":5.0},{"damage":12.0,"enemies":"Lagavulin","floor":13.0,"turns":7.0},{"damage":6.0,"enemies":"3 Louse","floor":14.0,"turns":3.0},{"damage":53.0,"enemies":"The Guardian","floor":16.0,"turns":13.0},{"damage":13.0,"enemies":"Spheric Guardian","floor":18.0,"turns":4.0},{"damage":14.0,"enemies":"2 Thieves","floor":20.0,"turns":4.0},{"damage":15.0,"enemies":"Snake Plant","floor":21.0,"turns":4.0},{"damage":28,"enemies":"Shelled Parasite and Fungi","floor":22,"turns":5}],"seed_played":"-3871107982905373630","potions_obtained":[{"floor":3.0,"key":"GhostInAJar"},{"floor":5.0,"key":"FearPotion"},{"floor":8.0,"key":"Regen Potion"},{"floor":16.0,"key":"SkillPotion"},{"floor":20.0,"key":"Ancient Potion"}],"is_trial":false,"path_per_floor":["M","M","M","$","M","R","M","M","T","$","M","R","E","M","R","B",null,"M","?","M","M","M"],"character_chosen":"THE_SILENT","items_purchased":["Flying Knee","Infinite Blades"],"campfire_rested":2,"item_purchase_floors":[4,10],"current_hp_per_floor":[70,70,70,70,66,70,58,49,49,49,45,66,54,48,48,10,70,57,57,43,28,0],"gold":166,"neow_bonus":"THREE_ENEMY_KILL","is_prod":false,"is_daily":false,"chose_seed":false,"campfire_upgraded":1,"win_rate":0,"timestamp":1543652787,"path_taken":["M","M","M","$","M","R","M","M","T","$","M","R","E","M","R","BOSS","M","?","M","?","?"],"build_version":"2018-11-15","purchased_purges":1,"victory":false,"max_hp_per_floor":[70,70,70,70,70,70,70,70,70,70,70,70,70,70,70,70,70,70,70,70,70,70],"card_choices":[{"not_picked":["Poisoned Stab","Masterful Stab"],"picked":"Slice","floor":1.0},{"not_picked":["Choke","Deflect","Cloak And Dagger"],"picked":"SKIP","floor":2.0},{"not_picked":["Quick Slash","Dagger Spray"],"picked":"Flying Knee","floor":3.0},{"not_picked":["Poisoned Stab","Cloak And Dagger"],"picked":"Bouncing Flask","floor":5.0},{"not_picked":["Deflect","Eviscerate","Underhanded Strike"],"picked":"SKIP","floor":7.0},{"not_picked":["Acrobatics","Crippling Poison"],"picked":"After Image","floor":8.0},{"not_picked":["Backflip","Choke","Sucker Punch"],"picked":"SKIP","floor":11.0},{"not_picked":["Eviscerate","Well Laid Plans"],"picked":"Deflect","floor":13.0},{"not_picked":["Finisher","PiercingWail"],"picked":"Flying Knee","floor":14.0},{"not_picked":["Venomology","Malaise"],"picked":"Die Die Die","floor":16.0},{"not_picked":["Leg Sweep","Acrobatics","Dagger Spray"],"picked":"SKIP","floor":18.0},{"not_picked":["Sucker Punch+1","Dagger Spray+1","Dodge and Roll"],"picked":"SKIP","floor":20.0},{"not_picked":["Eviscerate+1","Setup","PiercingWail+1"],"picked":"SKIP","floor":21.0}],"player_experience":118092,"relics_obtained":[{"floor":9.0,"key":"Anchor"},{"floor":13.0,"key":"Gambling Chip"}],"event_choices":[{"damage_healed":0.0,"max_hp_gain":0.0,"max_hp_loss":0.0,"gold_gain":0.0,"event_name":"The Joust","player_choice":"Bet on Murderer","floor":19.0,"gold_loss":50.0,"damage_taken":0.0}],"is_beta":false,"boss_relics":[{"not_picked":["White Beast Statue","Ring of the Serpent"],"picked":"Black Star"}],"items_purged_floors":[4],"is_endless":false,"potions_floor_spawned":[3,5,8,11,14,16,20,21],"killed_by":"Shelled Parasite and Fungi","ascension_level":0}