{"gold_per_floor":[117,132,25,42,62,89,89,109,135,145,164,164,164,176,176,271,271,289,564,580,49,67,67,85,85,110,110,110],"floor_reached":28,"playtime":2138,"items_purged":["Strike_B"],"score":246,"play_id":"28c6c733-41e4-4abf-a41e-5218c6fec8ca","local_time":"20190411194747","is_ascension_mode":true,"campfire_choices":[{"data":"Redo","floor":7,"key":"SMITH"},{"floor":15,"key":"REST"},{"data":"Storm","floor":23,"key":"SMITH"},{"floor":25,"key":"REST"},{"data":"Static Discharge","floor":27,"key":"SMITH"}],"neow_cost":"NONE","seed_source_timestamp":93720472776900,"circlet_count":0,"master_deck":["Strike_B+1","Strike_B+1","Defend_B","Defend_B","Defend_B","Defend_B","Zap+1","Dualcast+1","Coolheaded","Melter","Static Discharge+1","Rip and Tear","Compile Driver","Redo+1","Hologram","Gash","Streamline","Steam","Storm+1","Seek","Reprogram","Regret","Gash","Hologram","Loop","Ball Lightning+1","Go for the Eyes+1"],"relics":["FrozenCore","Letter Opener","Whetstone","DataDisk","Bag of Marbles","Ancient Tea Set"],"potions_floor_usage":[5,14,14,22,28],"damage_taken":[{"damage":7,"enemies":"Jaw Worm","floor":1,"turns":2},{"damage":0,"enemies":"Small Slimes","floor":2,"turns":2},{"damage":0,"enemies":"Cultist","floor":4,"turns":3},{"damage":0,"enemies":"Gremlin Gang","floor":5,"turns":1},{"damage":31,"enemies":"Lagavulin","floor":6,"turns":5},{"damage":14,"enemies":"Exordium Wildlife","floor":8,"turns":5},{"damage":4,"enemies":"Exordium Thugs","floor":10,"turns":3},{"damage":4,"enemies":"Looter","floor":11,"turns":2},{"damage":5,"enemies":"Large Slime","floor":14,"turns":4},{"damage":26,"enemies":"The Guardian","floor":16,"turns":9},{"damage":17,"enemies":"Shell Parasite","floor":18,"turns":5},{"damage":16,"enemies":"3 Byrds","floor":20,"turns":4},{"damage":34,"enemies":"Cultist and Chosen","floor":22,"turns":6},{"damage":2,"enemies":"Snecko","floor":24,"turns":5},{"damage":43,"enemies":"Slavers","floor":28,"turns":4}],"seed_played":"-4693029797560071846","potions_obtained":[{"floor":2,"key":"AttackPotion"},{"floor":4,"key":"Swift Potion"},{"floor":10,"key":"GamblersBrew"},{"floor":20,"key":"Regen Potion"},{"floor":24,"key":"GamblersBrew"}],"is_trial":false,"path_per_floor":["M","M","$","M","M","E","R","M","T","M","M","?","?","M","R","B",null,"M","?","M","$","M","R","M","R","T","R","E"],"character_chosen":"DEFECT","items_purchased":["Static Discharge","Rip and Tear","DataDisk","Gash","Hologram","Loop","Bag of Marbles"],"campfire_rested":2,"item_purchase_floors":[3,3,21,21,21,21,21],"current_hp_per_floor":[68,68,68,68,68,37,37,23,23,19,15,15,15,10,32,6,75,58,58,42,42,23,23,21,43,43,43,0],"gold":110,"neow_bonus":"UPGRADE_CARD","is_prod":false,"is_daily":false,"chose_seed":false,"campfire_upgraded":3,"win_rate":0,"timestamp":1555037267,"path_taken":["M","M","$","M","M","E","R","M","T","M","M","?","?","M","R","BOSS","M","?","M","$","M","R","?","R","T","R","E"],"build_version":"2019-01-23","purchased_purges":1,"victory":false,"max_hp_per_floor":[75,75,75,75,75,75,75,75,75,75,75,75,75,75,75,75,75,75,75,75,75,75,75,75,75,75,75,75],"card_choices":[{"not_picked":["Hello World","Auto Shields"],"picked":"Coolheaded","floor":1},{"not_picked":["Conserve Battery","Loop"],"picked":"Melter","floor":2},{"not_picked":["Stack","Turbo"],"picked":"Compile Driver","floor":4},{"not_picked":["Hyperbeam","Ball Lightning"],"picked":"Redo","floor":5},{"not_picked":["Rebound","Coolheaded"],"picked":"Hologram","floor":6},{"not_picked":["Steam","Sunder"],"picked":"Gash","floor":8},{"not_picked":["Turbo","Rip and Tear"],"picked":"Streamline","floor":10},{"not_picked":["Steam Power","Leap"],"picked":"Steam","floor":11},{"not_picked":["Barrage","Go for the Eyes"],"picked":"Storm","floor":14},{"not_picked":["Buffer","All For One"],"picked":"Seek","floor":16},{"not_picked":["Tempest","Turbo"],"picked":"Reprogram","floor":18},{"not_picked":["Beam Cell","Reprogram","Turbo"],"picked":"SKIP","floor":20},{"not_picked":["Barrage","Reprogram"],"picked":"Ball Lightning+1","floor":22},{"not_picked":["Consume","Beam Cell"],"picked":"Go for the Eyes+1","floor":24}],"player_experience":777940,"relics_obtained":[{"floor":6,"key":"Letter Opener"},{"floor":9,"key":"Whetstone"},{"floor":26,"key":"Ancient Tea Set"}],"event_choices":[{"damage_healed":0,"gold_gain":0,"player_choice":"Grow","damage_taken":0,"max_hp_gain":0,"max_hp_loss":0,"event_name":"Living Wall","floor":12,"gold_loss":0,"cards_upgraded":["Dualcast"]},{"cards_removed":["Strike_B"],"damage_healed":0,"gold_gain":0,"player_choice":"Purged","damage_taken":0,"max_hp_gain":0,"max_hp_loss":0,"event_name":"Purifier","floor":13,"gold_loss":0},{"damage_healed":0,"gold_gain":275,"player_choice":"Desecrate","damage_taken":0,"max_hp_gain":0,"max_hp_loss":0,"event_name":"Golden Shrine","floor":19,"gold_loss":0,"cards_obtained":["Regret"]}],"is_beta":false,"boss_relics":[{"not_picked":["Tiny House","Orrery"],"picked":"FrozenCore"}],"items_purged_floors":[21],"is_endless":false,"potions_floor_spawned":[2,4,10,20,24],"killed_by":"Slavers","ascension_level":2}