{"gold_per_floor":[114,125,125,143,157,157,196,257,334,359,359,0,0,14,14,137,137,161,186,210,228,266,266,91,115,141,141,159,159,200,225,225,355,355,373,396,521,537,537,537,537],"floor_reached":41,"playtime":4024,"items_purged":[],"score":564,"play_id":"34270d19-d3d4-4cd1-ba5e-a0b757111b78","local_time":"20190407205136","is_ascension_mode":true,"campfire_choices":[{"data":"All Out Attack","floor":6,"key":"SMITH"},{"floor":13,"key":"REST"},{"floor":15,"key":"REST"},{"floor":23,"key":"REST"},{"floor":27,"key":"REST"},{"data":"Accuracy","floor":29,"key":"SMITH"},{"floor":32,"key":"REST"},{"floor":40,"key":"REST"}],"neow_cost":"NONE","seed_source_timestamp":258751265182820,"circlet_count":0,"master_deck":["Survivor","Neutralize","Flying Knee","Poisoned Stab","All Out Attack+1","PiercingWail","Bane","Cloak And Dagger","Leg Sweep+1","All Out Attack+1","Infinite Blades","Venomology","A Thousand Cuts","Catalyst","Flying Knee","Cloak And Dagger","Crippling Poison","Bane","Acrobatics","Bullet Time","Crippling Poison","Deflect+1","Backflip","Accuracy+1","Deadly Poison+1","Heel Hook+1","Cloak And Dagger","Cloak And Dagger","Poisoned Stab","Deadly Poison+1","PiercingWail+1","Die Die Die","Bane+1","Bane+1","Quick Slash+1"],"relics":["Ring of the Snake","Golden Idol","Tough Bandages","Dodecahedron","Lantern","DollysMirror","Pandora\u0027s Box","Red Mask","Boot","PreservedInsect","Bag of Preparation","WristBlade","Shovel"],"potions_floor_usage":[5,16,19,19,21,22,28,28,28,31,31,33,33,33,37,37],"damage_taken":[{"damage":0,"enemies":"2 Louse","floor":1,"turns":3},{"damage":0,"enemies":"Jaw Worm","floor":2,"turns":3},{"damage":1,"enemies":"Cultist","floor":4,"turns":3},{"damage":8,"enemies":"Exordium Thugs","floor":5,"turns":4},{"damage":31,"enemies":"3 Sentries","floor":7,"turns":7},{"damage":0,"enemies":"Large Slime","floor":10,"turns":6},{"damage":0,"enemies":"Looter","floor":14,"turns":3},{"damage":39,"enemies":"The Guardian","floor":16,"turns":17},{"damage":4,"enemies":"Spheric Guardian","floor":18,"turns":4},{"damage":8,"enemies":"2 Thieves","floor":19,"turns":4},{"damage":15,"enemies":"Chosen and Byrds","floor":20,"turns":5},{"damage":14,"enemies":"Cultist and Chosen","floor":21,"turns":6},{"damage":4,"enemies":"Masked Bandits","floor":22,"turns":4},{"damage":0,"enemies":"Snake Plant","floor":25,"turns":2},{"damage":0,"enemies":"3 Cultists","floor":28,"turns":4},{"damage":0,"enemies":"Gremlin Leader","floor":30,"turns":4},{"damage":14,"enemies":"Centurion and Healer","floor":31,"turns":5},{"damage":53,"enemies":"Collector","floor":33,"turns":8},{"damage":20,"enemies":"3 Darklings","floor":35,"turns":3},{"damage":2,"enemies":"Orb Walker","floor":36,"turns":4},{"damage":10,"enemies":"Mind Bloom Boss Battle","floor":37,"turns":6},{"damage":12,"enemies":"4 Shapes","floor":38,"turns":5},{"damage":44,"enemies":"Spire Growth","floor":41,"turns":6}],"seed_played":"-2184863800156730833","potions_obtained":[{"floor":4,"key":"Strength Potion"},{"floor":7,"key":"GamblersBrew"},{"floor":14,"key":"Swift Potion"},{"floor":18,"key":"AttackPotion"},{"floor":19,"key":"Explosive Potion"},{"floor":25,"key":"Block Potion"},{"floor":30,"key":"AttackPotion"},{"floor":31,"key":"GhostInAJar"},{"floor":35,"key":"Poison Potion"},{"floor":36,"key":"Energy Potion"}],"is_trial":false,"path_per_floor":["M","M","?","M","M","R","E","?","T","M","?","$","R","M","R","B",null,"M","M","M","M","?","R","$","M","T","R","M","R","E","M","R","B",null,"M","M","?","M","?","R","M"],"character_chosen":"THE_SILENT","items_purchased":["Lantern","DollysMirror","Boot","Cloak And Dagger"],"campfire_rested":6,"item_purchase_floors":[12,12,24,24],"current_hp_per_floor":[70,70,65,64,56,56,25,25,25,25,25,25,44,44,63,24,65,61,53,38,24,20,39,39,39,39,58,58,58,58,44,63,10,65,45,43,33,21,21,40,0],"gold":537,"neow_bonus":"THREE_CARDS","is_prod":false,"is_daily":false,"chose_seed":false,"campfire_upgraded":2,"win_rate":0,"timestamp":1554684696,"path_taken":["M","M","?","M","M","R","E","?","T","M","?","$","R","M","R","BOSS","M","M","M","?","?","R","$","M","T","R","M","R","E","M","R","BOSS","M","M","?","M","?","R","M"],"build_version":"2019-01-23","purchased_purges":0,"victory":false,"max_hp_per_floor":[70,70,65,65,65,65,65,65,65,65,65,65,65,65,65,65,65,65,65,65,65,65,65,65,65,65,65,65,65,65,65,65,65,65,65,65,65,65,65,65,65],"card_choices":[{"not_picked":["Deflect","Endless Agony"],"picked":"Flying Knee","floor":0},{"not_picked":["Acrobatics","Dagger Spray"],"picked":"Poisoned Stab","floor":1},{"not_picked":["Outmaneuver","Grand Finale"],"picked":"All Out Attack","floor":2},{"not_picked":["Dagger Throw","Underhanded Strike"],"picked":"PiercingWail","floor":4},{"not_picked":["Endless Agony","Caltrops"],"picked":"Bane","floor":5},{"not_picked":["Predator","Expertise"],"picked":"Cloak And Dagger","floor":7},{"not_picked":["Quick Slash","Skewer"],"picked":"Leg Sweep","floor":10},{"not_picked":["Well Laid Plans","Reflex"],"picked":"Infinite Blades","floor":14},{"not_picked":["Grand Finale","Glass Knife"],"picked":"Venomology","floor":16},{"not_picked":["Accuracy","Cloak And Dagger"],"picked":"Deflect+1","floor":18},{"not_picked":["Prepared","Masterful Stab+1"],"picked":"Backflip","floor":19},{"not_picked":["Riddle With Holes","PiercingWail"],"picked":"Accuracy","floor":20},{"not_picked":["Slice","Choke+1"],"picked":"Deadly Poison+1","floor":21},{"not_picked":["Slice","Flying Knee"],"picked":"Heel Hook+1","floor":22},{"not_picked":["Backflip","Underhanded Strike"],"picked":"Cloak And Dagger","floor":25},{"not_picked":["Grand Finale","Dagger Throw"],"picked":"Poisoned Stab","floor":28},{"not_picked":["Skewer","Dagger Throw"],"picked":"Deadly Poison+1","floor":30},{"not_picked":["Catalyst","Setup"],"picked":"PiercingWail+1","floor":31},{"not_picked":["Doppelganger","Tools of the Trade"],"picked":"Die Die Die","floor":33},{"not_picked":["Backflip","PiercingWail+1"],"picked":"Bane+1","floor":35},{"not_picked":["Poisoned Stab+1","Crippling Poison","Deadly Poison"],"picked":"SKIP","floor":36},{"not_picked":["Poisoned Stab+1","Acrobatics"],"picked":"Bane+1","floor":37},{"not_picked":["Dagger Spray+1","Dodge and Roll"],"picked":"Quick Slash+1","floor":38}],"player_experience":88364,"relics_obtained":[{"floor":7,"key":"Tough Bandages"},{"floor":9,"key":"Dodecahedron"},{"floor":22,"key":"Red Mask"},{"floor":26,"key":"PreservedInsect"},{"floor":30,"key":"Bag of Preparation"},{"floor":37,"key":"Shovel"}],"event_choices":[{"damage_healed":0,"gold_gain":0,"player_choice":"Lose Max HP","damage_taken":0,"relics_obtained":["Golden Idol"],"max_hp_gain":0,"max_hp_loss":5,"event_name":"Golden Idol","floor":3,"gold_loss":0},{"damage_healed":0,"gold_gain":61,"player_choice":"Gained Gold","damage_taken":0,"max_hp_gain":0,"max_hp_loss":0,"event_name":"Golden Wing","floor":8,"gold_loss":0},{"damage_healed":0,"gold_gain":0,"player_choice":"Forge","damage_taken":0,"max_hp_gain":0,"max_hp_loss":0,"event_name":"Accursed Blacksmith","floor":11,"gold_loss":0,"cards_upgraded":["Leg Sweep"]},{"damage_healed":0,"gold_gain":0,"player_choice":"Fought Bandits","damage_taken":0,"max_hp_gain":0,"max_hp_loss":0,"event_name":"Masked Bandits","floor":22,"gold_loss":0},{"damage_healed":0,"gold_gain":0,"player_choice":"Fight","damage_taken":0,"max_hp_gain":0,"max_hp_loss":0,"event_name":"MindBloom","floor":37,"gold_loss":0},{"cards_removed":["Bane"],"damage_healed":0,"gold_gain":0,"player_choice":"Removed Attack","damage_taken":0,"max_hp_gain":0,"max_hp_loss":0,"event_name":"Falling","floor":39,"gold_loss":0}],"is_beta":false,"boss_relics":[{"not_picked":["Runic Dome","Lizard Tail"],"picked":"Pandora\u0027s Box"},{"not_picked":["Calling Bell","Fusion Hammer"],"picked":"WristBlade"}],"items_purged_floors":[],"is_endless":false,"potions_floor_spawned":[4,7,14,18,19,25,30,31,35,36],"killed_by":"Spire Growth","ascension_level":1}