{"path_per_floor":["M","M","M","?","M","E","?","M","T","E","M","R","E","M","R","B",null,"M","?","$","M","M","R","E","?","T","M","E","R","M","E","R","B",null,"M","M","?","?","M","E","$","E","T","M","M","R","E"],"character_chosen":"THE_SILENT","items_purchased":["Caltrops","Apotheosis"],"gold_per_floor":[111,126,146,146,158,191,441,453,453,479,492,492,526,537,537,632,632,651,651,331,346,356,356,390,390,390,403,430,430,442,472,472,573,573,584,594,0,0,19,51,51,78,78,92,110,110,137],"floor_reached":48,"campfire_rested":1,"playtime":3712,"current_hp_per_floor":[69,69,61,68,62,45,45,32,32,4,4,4,1,1,26,26,84,84,84,84,81,81,84,74,74,74,74,62,74,73,73,84,63,84,76,76,76,76,76,52,52,52,52,43,21,37,7],"items_purged":["Regret"],"gold":137,"score":705,"play_id":"aef8a9d8-1425-4dbc-8ff1-bfc87727d281","is_prod":false,"is_daily":false,"is_ascension_mode":false,"campfire_upgraded":4,"path_taken":["M","?","M","?","M","E","?","M","T","E","M","R","E","M","R","BOSS","M","?","$","M","M","R","E","?","T","M","E","R","M","E","R","BOSS","M","M","?","?","M","E","?","E","T","M","M","R","E","M"],"build_version":"2018-02-07-BETA2","purchased_purges":1,"victory":false,"master_deck":["Defend_G","Defend_G","Defend_G","Defend_G","Defend_G","Strike_G","Strike_G","Strike_G","Strike_G","Survivor","Neutralize","Eviscerate+1","Reflex","Riddle With Holes","Backflip","Bouncing Flask","Dagger Throw","Bouncing Flask","Outmaneuver+1","Acrobatics+1","Eviscerate","Night Terror","Dash","Caltrops","Apotheosis","Dash+1","Dagger Throw","Footwork","Crippling Poison","Doppelganger+1","Dagger Throw","Dagger Throw","Dagger Throw+1","Bullet Time","Underhanded Strike+1","Flying Knee","Storm of Steel","Dagger Spray+1","Catalyst+1","Underhanded Strike+1","Outmaneuver","Dagger Throw","Accuracy+1"],"max_hp_per_floor":[70,70,70,84,84,84,84,84,84,84,84,84,84,84,84,84,84,84,84,84,84,84,84,84,84,84,84,84,84,84,84,84,84,84,84,84,84,84,84,84,84,84,84,84,84,84,84],"relics":["Snecko Eye","Mango","Juzu Bracelet","Ancient Tea Set","Toolbox","Anchor","Eternal Feather","Dream Catcher","Thread and Needle","Torii","Oddly Smooth Stone","Sozu","Red Mask","Orichalcum","Bottled Flame","Shovel","Omamori","Pen Nib"],"card_choices":[{"not_picked":["Dodge and Roll","Adrenaline"],"picked":"Eviscerate"},{"not_picked":["Dagger Spray","Calculated Gamble"],"picked":"Reflex"},{"not_picked":["Deadly Poison","Deflect"],"picked":"Riddle With Holes"},{"not_picked":["Outmaneuver","Flying Knee"],"picked":"Backflip"},{"not_picked":["Cloak And Dagger","Poisoned Stab"],"picked":"Bouncing Flask"},{"not_picked":["Blur","PiercingWail"],"picked":"Dagger Throw"},{"not_picked":["Cloak And Dagger","Catalyst"],"picked":"Bouncing Flask"},{"not_picked":["Backflip","Quick Slash"],"picked":"Outmaneuver"},{"not_picked":["Blur","Escape Plan"],"picked":"Acrobatics"},{"not_picked":["Blur","Crippling Poison"],"picked":"Eviscerate"},{"not_picked":["Envenom","Die Die Die"],"picked":"Night Terror"},{"not_picked":["Finisher","Deadly Poison"],"picked":"Dash"},{"not_picked":["Outmaneuver","Malaise"],"picked":"Dash"},{"not_picked":["Poisoned Stab","Choke"],"picked":"Dagger Throw"},{"not_picked":["Dagger Throw","Deadly Poison"],"picked":"Footwork"},{"not_picked":["PiercingWail","Dodge and Roll"],"picked":"Doppelganger"},{"not_picked":["Slice","Deflect"],"picked":"Dagger Throw"},{"not_picked":["Expertise","Terror"],"picked":"Dagger Throw"},{"not_picked":["Deadly Poison","Calculated Gamble"],"picked":"Dagger Throw"},{"not_picked":["Phantasmal Killer","Corpse Explosion"],"picked":"Bullet Time"},{"not_picked":["Quick Slash","Deflect"],"picked":"Underhanded Strike"},{"not_picked":["Dagger Spray","Acrobatics"],"picked":"Flying Knee"},{"not_picked":["Deadly Poison","Endless Agony"],"picked":"Dagger Spray"},{"not_picked":["Reflex","Caltrops"],"picked":"Catalyst"},{"not_picked":["Dagger Throw","Prepared"],"picked":"Underhanded Strike"},{"not_picked":["Flechettes","Adrenaline"],"picked":"Outmaneuver"},{"not_picked":["Cloak And Dagger","Poisoned Stab"],"picked":"Dagger Throw"},{"not_picked":["Die Die Die","Dagger Spray"],"picked":"Accuracy"}],"player_experience":61939,"potions_floor_usage":[10,13,14,22,24,28,30],"damage_taken":[{"damage":1,"enemies":"Blue Slaver","floor":1,"turns":5},{"damage":0,"enemies":"Small Slimes","floor":2,"turns":2},{"damage":8,"enemies":"Jaw Worm","floor":3,"turns":2},{"damage":6,"enemies":"3 Louse","floor":5,"turns":3},{"damage":17,"enemies":"Lagavulin","floor":6,"turns":6},{"damage":13,"enemies":"Gremlin Gang","floor":8,"turns":5},{"damage":28,"enemies":"3 Sentries","floor":10,"turns":8},{"damage":0,"enemies":"Looter","floor":11,"turns":2},{"damage":3,"enemies":"Gremlin Nob","floor":13,"turns":2},{"damage":0,"enemies":"Large Slime","floor":14,"turns":4},{"damage":0,"enemies":"Slime Boss","floor":16,"turns":6},{"damage":0,"enemies":"Shell Parasite","floor":18,"turns":2},{"damage":3,"enemies":"3 Byrds","floor":21,"turns":3},{"damage":0,"enemies":"3 Cultists","floor":22,"turns":4},{"damage":10,"enemies":"Book of Stabbing","floor":24,"turns":4},{"damage":0,"enemies":"Snake Plant","floor":27,"turns":3},{"damage":12,"enemies":"Slavers","floor":28,"turns":5},{"damage":1,"enemies":"Chosen and Byrds","floor":30,"turns":4},{"damage":0,"enemies":"Gremlin Leader","floor":31,"turns":5},{"damage":21,"enemies":"Automaton","floor":33,"turns":9},{"damage":8,"enemies":"Flame Bruiser 1 Orb","floor":35,"turns":6},{"damage":0,"enemies":"3 Shapes","floor":36,"turns":2},{"damage":0,"enemies":"Maw","floor":39,"turns":6},{"damage":24,"enemies":"Nemesis","floor":40,"turns":7},{"damage":0,"enemies":"2 Orb Walkers","floor":42,"turns":4},{"damage":9,"enemies":"Spire Growth","floor":44,"turns":4},{"damage":22,"enemies":"4 Shapes","floor":45,"turns":5},{"damage":30,"enemies":"Nemesis","floor":47,"turns":8},{"damage":10,"enemies":"Flame Bruiser 2 Orb","floor":48,"turns":3}],"event_choices":[{"event_name":"Scrap Ooze","player_choice":"success","floor":4,"damage_taken":7},{"event_name":"Golden Shrine","player_choice":"Desecrate","floor":7,"damage_taken":0},{"event_name":"Drug Dealer","player_choice":"Ignored","floor":19,"damage_taken":0},{"event_name":"The Library","player_choice":"Read","floor":25,"damage_taken":0},{"event_name":"Tomb of Lord Red Mask","player_choice":"Paid","floor":37,"damage_taken":0},{"event_name":"Transmorgrifier","player_choice":"Transform","floor":38,"damage_taken":0}],"boss_relics":[{"not_picked":["Tiny House","Astrolabe"],"picked":"Eternal Feather"},{"not_picked":["Runic Dome","Velvet Choker"],"picked":"Sozu"}],"potions_floor_spawned":[1,5,6,8,11,16,18,24,28,39,44,47],"seed_played":"-5207085720042179129","killed_by":"Flame Bruiser 2 Orb","ascension_level":0,"is_trial":false}