{"gold_per_floor":[116,44,64,64,74,74,94,126,126,145,159,159,13,28,28,128,128,114,43,43,43,43],"floor_reached":22,"playtime":1253,"items_purged":[],"score":230,"play_id":"30bd42e4-12d2-4b7a-9797-32c358180740","local_time":"20181027131839","is_ascension_mode":true,"campfire_choices":[{"data":"Hello World","floor":6,"key":"SMITH"},{"data":"Double Energy","floor":12,"key":"SMITH"},{"floor":15,"key":"REST"}],"neow_cost":"TEN_PERCENT_HP_LOSS","seed_source_timestamp":71467517690405,"circlet_count":0,"master_deck":["Defend_B","Defend_B","Defend_B","Defend_B","Zap","Dualcast","Chill","Machine Learning","Gash","Hello World+1","Hello World","Cold Snap","Ball Lightning","Fusion","Double Energy+1","Ball Lightning","Defragment","Blizzard","Multi-Cast","Creative AI","Chill","Self Repair","Bite","Bite","Bite","Bite","Bite"],"relics":["Cracked Core","Darkstone Periapt","Shuriken","Inserter"],"potions_floor_usage":[14,14,16],"damage_taken":[{"damage":7,"enemies":"Cultist","floor":1,"turns":4},{"damage":4,"enemies":"2 Louse","floor":3,"turns":3},{"damage":14,"enemies":"Small Slimes","floor":5,"turns":4},{"damage":16,"enemies":"Exordium Wildlife","floor":7,"turns":3},{"damage":10,"enemies":"3 Sentries","floor":8,"turns":6},{"damage":1,"enemies":"3 Louse","floor":10,"turns":6},{"damage":0,"enemies":"Gremlin Gang","floor":11,"turns":5},{"damage":6,"enemies":"Blue Slaver","floor":14,"turns":3},{"damage":15,"enemies":"The Guardian","floor":16,"turns":10},{"damage":57,"enemies":"2 Thieves","floor":18,"turns":5},{"damage":12,"enemies":"Chosen","floor":22,"turns":2}],"seed_played":"7048411963888930151","potions_obtained":[{"floor":3,"key":"Swift Potion"},{"floor":10,"key":"Weak Potion"},{"floor":11,"key":"FairyPotion"},{"floor":14,"key":"SneckoOil"}],"is_trial":false,"path_per_floor":["M","$","M","?","M","R","M","E","T","M","M","R","$","M","R","B",null,"M","$","?","$"],"character_chosen":"DEFECT","items_purchased":["Hello World","Defragment","Blizzard","Self Repair"],"campfire_rested":1,"item_purchase_floors":[2,13,13,19],"current_hp_per_floor":[61,61,57,57,43,43,27,17,17,16,16,16,16,10,30,15,68,11,11,11,11,4],"gold":43,"neow_bonus":"TRANSFORM_TWO_CARDS","is_prod":false,"is_daily":false,"chose_seed":false,"campfire_upgraded":2,"win_rate":0,"timestamp":1540664319,"path_taken":["M","?","?","?","?","R","M","E","T","M","M","R","$","M","R","BOSS","M","$","?","$","M"],"build_version":"2018-10-25v2","purchased_purges":0,"victory":false,"max_hp_per_floor":[68,68,68,68,68,68,68,68,68,68,68,68,68,68,68,68,68,68,68,47,47,47],"card_choices":[{"not_picked":["Melter","Blizzard"],"picked":"Gash","floor":1},{"not_picked":["Static Discharge","Compile Driver"],"picked":"Hello World","floor":3},{"not_picked":["Go for the Eyes","Melter"],"picked":"Cold Snap","floor":5},{"not_picked":["Stack","Go for the Eyes"],"picked":"Ball Lightning","floor":7},{"not_picked":["Beam Cell","Stack"],"picked":"Fusion","floor":8},{"not_picked":["Streamline","Hello World"],"picked":"Double Energy","floor":10},{"not_picked":["Streamline","Stack"],"picked":"Ball Lightning","floor":11},{"not_picked":["Stack","Sweeping Beam"],"picked":"Multi-Cast","floor":14},{"not_picked":["Electrodynamics","Rainbow"],"picked":"Creative AI","floor":16},{"not_picked":["Conserve Battery","Beam Cell"],"picked":"Chill","floor":18}],"player_experience":212306,"relics_obtained":[{"floor":8,"key":"Darkstone Periapt"},{"floor":9,"key":"Shuriken"}],"event_choices":[{"damage_healed":0,"gold_gain":0,"player_choice":"Ignored","damage_taken":0,"max_hp_gain":0,"max_hp_loss":0,"event_name":"Golden Wing","floor":4,"gold_loss":0},{"damage_healed":0,"gold_gain":0,"player_choice":"Became a vampire","damage_taken":0,"max_hp_gain":0,"max_hp_loss":21,"event_name":"Vampires","floor":20,"gold_loss":0,"cards_obtained":["Bite","Bite","Bite","Bite","Bite"]}],"is_beta":false,"boss_relics":[{"not_picked":["Runic Pyramid","Runic Dome"],"picked":"Inserter"}],"items_purged_floors":[],"is_endless":false,"potions_floor_spawned":[3,10,11,14],"killed_by":"Chosen","ascension_level":2}