{"gold_per_floor":[116,116,133,153,153,187,202,202,202,105,123,153,5,24,24,126,126,126],"floor_reached":18,"playtime":652,"items_purged":["Strike_R"],"score":198,"play_id":"28d24b90-361f-4956-acd1-da40eed87cb2","local_time":"20190211021314","is_ascension_mode":true,"campfire_choices":[{"data":"Searing Blow+1","floor":8,"key":"SMITH"},{"floor":15,"key":"REST"}],"neow_cost":"NONE","seed_source_timestamp":475910037262743,"circlet_count":0,"master_deck":["Strike_R","Strike_R","Strike_R","Strike_R","Defend_R","Defend_R","Defend_R","Defend_R","Bash","Wild Strike","Pain","Searing Blow+2","Clash","Reaper","Wild Strike","Evolve","Feed"],"special_seed":0,"relics":["Burning Blood","NeowsBlessing","WarpedTongs","Question Card","Bottled Flame","PreservedInsect","Eternal Feather"],"potions_floor_usage":[6,16],"damage_taken":[{"damage":0.0,"enemies":"2 Louse","floor":1.0,"turns":1.0},{"damage":1.0,"enemies":"Cultist","floor":3.0,"turns":1.0},{"damage":0.0,"enemies":"Jaw Worm","floor":4.0,"turns":1.0},{"damage":31,"enemies":"3 Sentries","floor":6,"turns":8},{"damage":15,"enemies":"3 Louse","floor":7,"turns":2},{"damage":2,"enemies":"Large Slime","floor":11,"turns":4},{"damage":38,"enemies":"Lagavulin","floor":12,"turns":5},{"damage":13,"enemies":"Looter","floor":14,"turns":2},{"damage":48,"enemies":"The Guardian","floor":16,"turns":11},{"damage":33,"enemies":"Shell Parasite","floor":18,"turns":5}],"seed_played":"9030459127314411885","potions_obtained":[{"floor":3.0,"key":"AttackPotion"},{"floor":11,"key":"FairyPotion"},{"floor":12,"key":"Energy Potion"},{"floor":14,"key":"Ancient Potion"}],"is_trial":false,"path_per_floor":["M","?","M","M","?","E","M","R","T","$","M","E","$","M","R","B",null,"M"],"character_chosen":"IRONCLAD","items_purchased":["Wild Strike","PreservedInsect"],"campfire_rested":1,"item_purchase_floors":[10,13],"current_hp_per_floor":[80,80,80,80,80,55,58,58,58,58,68,36,36,29,53,11,80,47],"gold":126,"neow_bonus":"THREE_ENEMY_KILL","is_prod":false,"is_daily":false,"chose_seed":false,"campfire_upgraded":1,"win_rate":0,"timestamp":1549872794,"path_taken":["M","?","M","?","?","E","M","R","T","$","M","E","$","M","R","BOSS","M"],"build_version":"2019-01-23","purchased_purges":1,"victory":false,"max_hp_per_floor":[80,80,80,80,80,80,80,80,80,80,80,80,80,80,80,80,80,80],"card_choices":[{"not_picked":["Clothesline","Body Slam"],"picked":"Wild Strike","floor":1.0},{"not_picked":["Flame Barrier","Flex"],"picked":"Searing Blow","floor":3.0},{"not_picked":["Warcry","Ghostly Armor"],"picked":"Clash","floor":4.0},{"not_picked":["Corruption","Pummel"],"picked":"Reaper","floor":6},{"not_picked":["Anger","Sword Boomerang","Twin Strike","Ghostly Armor"],"picked":"SKIP","floor":7},{"not_picked":["Havoc","Armaments","Twin Strike"],"picked":"Evolve","floor":11},{"not_picked":["Seeing Red","Entrench","Clothesline","Twin Strike"],"picked":"SKIP","floor":12},{"not_picked":["Dark Embrace","Seeing Red","Sentinel","Shockwave"],"picked":"SKIP","floor":14},{"not_picked":["Demon Form","Bludgeon","Brutality"],"picked":"Feed","floor":16}],"player_experience":476748,"relics_obtained":[{"floor":6,"key":"Question Card"},{"floor":12,"key":"Bottled Flame"}],"event_choices":[{"damage_healed":0.0,"max_hp_gain":0.0,"max_hp_loss":0.0,"gold_gain":0.0,"event_name":"Accursed Blacksmith","player_choice":"Rummage","floor":2.0,"gold_loss":0.0,"damage_taken":0.0,"relics_obtained":["WarpedTongs"],"cards_obtained":["Pain"]},{"damage_healed":0.0,"max_hp_gain":0.0,"max_hp_loss":0.0,"gold_gain":0.0,"event_name":"Upgrade Shrine","player_choice":"Upgraded","floor":5.0,"gold_loss":0.0,"damage_taken":0.0,"cards_upgraded":["Searing Blow"]}],"is_beta":false,"boss_relics":[{"not_picked":["Ectoplasm","Fusion Hammer"],"picked":"Eternal Feather"}],"items_purged_floors":[10],"is_endless":false,"potions_floor_spawned":[3,11,12,14],"killed_by":"Shell Parasite","ascension_level":3}