{"gold_per_floor":[116,116,191,202,212,212,238,203,203,0,25,25,40,40,40,139,139,151,165,165,184,199,199,231,231,231,231,231,231,242,253,253,354,354,368,388,388,60,109,109,127,127,177,188,188,213,213,121,121,121],"floor_reached":51,"playtime":2368,"items_purged":[],"score":949,"play_id":"370290a1-0cd2-455a-8482-7abc67d1ffa6","local_time":"20190224194512","is_ascension_mode":true,"campfire_choices":[{"data":"Blizzard","floor":6,"key":"SMITH"},{"floor":12,"key":"REST"},{"floor":15,"key":"REST"},{"data":"Redo","floor":23,"key":"SMITH"},{"floor":25,"key":"REST"},{"floor":27,"key":"REST"},{"floor":32,"key":"REST"},{"data":"Seek","floor":40,"key":"SMITH"},{"data":"Reboot","floor":42,"key":"SMITH"},{"floor":49,"key":"REST"}],"neow_cost":"NONE","seed_source_timestamp":584917448065533,"circlet_count":0,"master_deck":["Zap","Blizzard+1","Auto Shields","Cold Snap","Leap+1","Thunder Strike","Chill+1","Buffer+1","Reboot+1","Cold Snap","Cold Snap","Self Repair+1","Steam Power","Electrodynamics+1","Double Energy","Rebound+1","Go for the Eyes","Genetic Algorithm","Blizzard","Cold Snap","Redo+1","Necronomicurse","Rebound+1","Seek+1","Coolheaded+1","Coolheaded+1","Defragment+1","Compile Driver+1","Capacitor+1"],"relics":["Busted Crown","Prayer Wheel","Bottled Flame","Toy Ornithopter","Frozen Egg 2","Matryoshka","Pandora\u0027s Box","Bag of Preparation","Pear","Kunai","Necronomicon","Nuclear Battery","Cables","Turnip","Smiling Mask","Strawberry","War Paint"],"potions_floor_usage":[16,16,16,31,33,33,33,39,46,50],"damage_taken":[{"damage":0,"enemies":"Jaw Worm","floor":1,"turns":3},{"damage":0,"enemies":"2 Louse","floor":4,"turns":3},{"damage":2,"enemies":"Small Slimes","floor":5,"turns":3},{"damage":34,"enemies":"Lagavulin","floor":7,"turns":6},{"damage":22,"enemies":"Gremlin Nob","floor":11,"turns":5},{"damage":0,"enemies":"Looter","floor":13,"turns":3},{"damage":9,"enemies":"The Guardian","floor":16,"turns":14},{"damage":0,"enemies":"Spheric Guardian","floor":18,"turns":3},{"damage":9,"enemies":"2 Thieves","floor":19,"turns":3},{"damage":4,"enemies":"Shelled Parasite and Fungi","floor":21,"turns":6},{"damage":33,"enemies":"Snake Plant","floor":22,"turns":5},{"damage":26,"enemies":"Gremlin Leader","floor":24,"turns":5},{"damage":0,"enemies":"Centurion and Healer","floor":30,"turns":4},{"damage":12,"enemies":"Snecko","floor":31,"turns":3},{"damage":51,"enemies":"Automaton","floor":33,"turns":10},{"damage":0,"enemies":"3 Darklings","floor":35,"turns":4},{"damage":1,"enemies":"3 Shapes","floor":36,"turns":1},{"damage":12,"enemies":"2 Orb Walkers","floor":39,"turns":5},{"damage":4,"enemies":"Sphere and 2 Shapes","floor":41,"turns":4},{"damage":0,"enemies":"Spire Growth","floor":44,"turns":4},{"damage":48,"enemies":"Giant Head","floor":46,"turns":9},{"damage":20,"enemies":"Donu and Deca","floor":50,"turns":7}],"seed_played":"4199283067401311550","potions_obtained":[{"floor":1,"key":"FearPotion"},{"floor":11,"key":"SkillPotion"},{"floor":13,"key":"Poison Potion"},{"floor":21,"key":"FearPotion"},{"floor":22,"key":"Explosive Potion"},{"floor":24,"key":"EssenceOfSteel"},{"floor":31,"key":"AttackPotion"},{"floor":35,"key":"FearPotion"},{"floor":36,"key":"Regen Potion"}],"is_trial":false,"path_per_floor":["M","?","?","M","M","R","E","?","T","$","E","R","M","T","R","B",null,"M","M","?","M","M","R","E","R","T","R","?","?","M","M","R","B",null,"M","M","?","$","?","R","M","R","T","M","T","E","?","$","R","B",null],"character_chosen":"DEFECT","items_purchased":["Toy Ornithopter","Cables","Defragment+1","PowerPotion","Capacitor+1","AttackPotion"],"campfire_rested":6,"item_purchase_floors":[10,38,38,38,48,48],"current_hp_per_floor":[68,68,57,57,55,55,21,39,39,39,17,39,39,39,61,67,73,73,74,74,75,52,52,26,48,58,83,67,51,61,54,81,44,79,79,78,78,78,81,81,85,85,92,92,92,57,57,57,84,79],"gold":121,"neow_bonus":"BOSS_RELIC","is_prod":false,"is_daily":false,"chose_seed":false,"campfire_upgraded":4,"win_rate":0,"timestamp":1551059112,"path_taken":["M","?","?","M","M","R","E","?","T","$","E","R","M","?","R","BOSS","M","M","?","M","M","R","E","R","T","R","?","?","M","M","R","BOSS","M","M","?","$","?","R","M","R","T","M","?","E","?","$","R","BOSS"],"build_version":"2019-01-23","purchased_purges":0,"victory":true,"max_hp_per_floor":[75,75,75,75,75,75,75,75,75,75,75,75,75,75,75,75,75,75,75,75,75,75,75,75,75,85,85,85,90,90,90,90,90,90,90,90,85,85,85,85,85,85,92,92,92,92,92,92,92,92],"card_choices":[{"not_picked":[],"picked":"Blizzard","floor":1},{"not_picked":[],"picked":"Ball Lightning","floor":4},{"not_picked":[],"picked":"Cold Snap","floor":5},{"not_picked":[],"picked":"Leap","floor":7},{"not_picked":[],"picked":"Thunder Strike","floor":11},{"not_picked":[],"picked":"Chill","floor":13},{"not_picked":["Sweeping Beam"],"picked":"SKIP","floor":13},{"not_picked":[],"picked":"Buffer+1","floor":16},{"not_picked":["Genetic Algorithm"],"picked":"SKIP","floor":18},{"not_picked":["Beam Cell"],"picked":"SKIP","floor":18},{"not_picked":[],"picked":"Rebound+1","floor":19},{"not_picked":["Force Field+1"],"picked":"SKIP","floor":19},{"not_picked":[],"picked":"Blizzard","floor":21},{"not_picked":["Conserve Battery"],"picked":"SKIP","floor":21},{"not_picked":[],"picked":"Cold Snap","floor":22},{"not_picked":[],"picked":"Redo","floor":22},{"not_picked":["Go for the Eyes"],"picked":"SKIP","floor":24},{"not_picked":[],"picked":"Rebound+1","floor":30},{"not_picked":["Hologram"],"picked":"SKIP","floor":30},{"not_picked":["Hello World+1"],"picked":"SKIP","floor":31},{"not_picked":["Heatsinks+1"],"picked":"SKIP","floor":31},{"not_picked":[],"picked":"Seek","floor":33},{"not_picked":[],"picked":"Coolheaded+1","floor":35},{"not_picked":["Hologram"],"picked":"SKIP","floor":35},{"not_picked":[],"picked":"Coolheaded+1","floor":36},{"not_picked":["Sweeping Beam+1"],"picked":"SKIP","floor":36},{"not_picked":[],"picked":"Compile Driver+1","floor":39},{"not_picked":["Reprogram"],"picked":"SKIP","floor":41},{"not_picked":["Streamline"],"picked":"SKIP","floor":41},{"not_picked":["Sweeping Beam"],"picked":"SKIP","floor":44},{"not_picked":["BootSequence+1"],"picked":"SKIP","floor":44},{"not_picked":["Go for the Eyes"],"picked":"SKIP","floor":46}],"player_experience":556496,"relics_obtained":[{"floor":7,"key":"Prayer Wheel"},{"floor":9,"key":"Bottled Flame"},{"floor":11,"key":"Frozen Egg 2"},{"floor":14,"key":"Matryoshka"},{"floor":24,"key":"Bag of Preparation"},{"floor":26,"key":"Pear"},{"floor":26,"key":"Kunai"},{"floor":28,"key":"Necronomicon"},{"floor":39,"key":"Turnip"},{"floor":43,"key":"Smiling Mask"},{"floor":43,"key":"Strawberry"},{"floor":46,"key":"War Paint"}],"event_choices":[{"damage_healed":0,"gold_gain":0,"cards_transformed":["Strike_B"],"player_choice":"Change","damage_taken":0,"max_hp_gain":0,"max_hp_loss":0,"event_name":"Living Wall","floor":2,"gold_loss":0,"cards_obtained":["Auto Shields"]},{"damage_healed":0,"gold_gain":75,"player_choice":"Gather Gold","damage_taken":11,"max_hp_gain":0,"max_hp_loss":0,"event_name":"World of Goop","floor":3,"gold_loss":0},{"damage_healed":18,"gold_gain":0,"player_choice":"Healed","damage_taken":0,"max_hp_gain":0,"max_hp_loss":0,"event_name":"The Cleric","floor":8,"gold_loss":35},{"damage_healed":0,"gold_gain":0,"cards_transformed":["Dualcast","Ball Lightning"],"player_choice":"Became Test Subject","damage_taken":0,"max_hp_gain":0,"max_hp_loss":0,"event_name":"Drug Dealer","floor":20,"gold_loss":0,"cards_obtained":["Go for the Eyes","Genetic Algorithm"]},{"damage_healed":0,"gold_gain":0,"player_choice":"Obtained Book","damage_taken":16,"max_hp_gain":0,"max_hp_loss":0,"event_name":"Cursed Tome","floor":28,"gold_loss":0},{"damage_healed":0,"gold_gain":0,"player_choice":"Shed Blood","damage_taken":21,"max_hp_gain":5,"max_hp_loss":0,"event_name":"Forgotten Altar","floor":29,"gold_loss":0},{"damage_healed":0,"gold_gain":0,"player_choice":"Max HP","damage_taken":0,"max_hp_gain":0,"max_hp_loss":5,"event_name":"Winding Halls","floor":37,"gold_loss":0},{"damage_healed":0,"gold_gain":0,"player_choice":"Fight","damage_taken":0,"max_hp_gain":0,"max_hp_loss":0,"event_name":"Mysterious Sphere","floor":39,"gold_loss":0},{"damage_healed":0,"gold_gain":0,"player_choice":"Ignored","damage_taken":0,"max_hp_gain":0,"max_hp_loss":0,"event_name":"Tomb of Lord Red Mask","floor":47,"gold_loss":0}],"is_beta":false,"boss_relics":[{"not_picked":["Black Star","Tiny House"],"picked":"Pandora\u0027s Box"},{"not_picked":["Coffee Dripper","Sozu"],"picked":"Nuclear Battery"}],"items_purged_floors":[],"is_endless":false,"potions_floor_spawned":[1,11,13,21,22,24,31,35,36],"ascension_level":6}