{"gold_per_floor":[111,6,6,6,20,20,55,67,103,115,143,193,205,238,250,386,398,424,454,466,492,504,554,566,578,637,673,710,722,765,876,888,1019,1031,1067,647,666,680,694,694,694,728,728,728,747,806,821,841,841,841],"floor_reached":50,"playtime":2440,"items_purged":["Strike_B"],"score":572,"play_id":"49a88d2a-ac10-4d9d-850c-f7e9d065a24d","local_time":"20180813020739","is_ascension_mode":false,"campfire_choices":[{"data":"Static Discharge","floor":6,"key":"SMITH"},{"floor":10,"key":"REST"},{"floor":15,"key":"REST"},{"data":"Zap","floor":24,"key":"SMITH"},{"data":"Static Discharge","floor":29,"key":"SMITH"},{"floor":32,"key":"REST"},{"floor":40,"key":"REST"},{"floor":49,"key":"REST"}],"neow_cost":"","seed_source_timestamp":1949537236034768,"circlet_count":0,"master_deck":["Strike_B+1","Strike_B+1","Defend_B","Defend_B","Defend_B","Defend_B","Zap+1","Dualcast","Static Discharge+1","Defragment+1","Steam","Ball Lightning","Electrodynamics","Defragment","Conserve Battery","Genetic Algorithm","Capacitor","Static Discharge+1","Defragment","Amplify","White Noise+1","Dramatic Entrance","Doubt","Reprogram+1"],"relics":["Cracked Core","Golden Idol","MawBank","Bag of Preparation","Bird Faced Urn","Velvet Choker","Torii","Regal Pillow","Bronze Scales","Whetstone","Nuclear Battery","Ancient Tea Set","Juzu Bracelet","Shuriken","Pear","Gambling Chip"],"potions_floor_usage":[7,16,23,23,30,33,38,39,47,47,50],"damage_taken":[{"damage":1,"enemies":"Cultist","floor":1,"turns":3},{"damage":0,"enemies":"2 Louse","floor":5,"turns":3},{"damage":12,"enemies":"Lagavulin","floor":7,"turns":5},{"damage":7,"enemies":"Jaw Worm","floor":11,"turns":2},{"damage":24,"enemies":"Gremlin Nob","floor":12,"turns":3},{"damage":13,"enemies":"2 Fungi Beasts","floor":14,"turns":3},{"damage":32,"enemies":"The Guardian","floor":16,"turns":8},{"damage":10,"enemies":"Chosen","floor":18,"turns":4},{"damage":9,"enemies":"Spheric Guardian","floor":19,"turns":3},{"damage":15,"enemies":"Snecko","floor":21,"turns":4},{"damage":22,"enemies":"Slavers","floor":23,"turns":3},{"damage":12,"enemies":"3 Cultists","floor":27,"turns":3},{"damage":13,"enemies":"Centurion and Healer","floor":28,"turns":3},{"damage":13,"enemies":"Book of Stabbing","floor":30,"turns":3},{"damage":25,"enemies":"Collector","floor":33,"turns":7},{"damage":16,"enemies":"Orb Walker","floor":35,"turns":3},{"damage":0,"enemies":"3 Shapes","floor":37,"turns":4},{"damage":17,"enemies":"Spire Growth","floor":38,"turns":4},{"damage":38,"enemies":"Transient","floor":39,"turns":5},{"damage":79,"enemies":"Nemesis","floor":42,"turns":7},{"damage":32,"enemies":"4 Shapes","floor":45,"turns":4},{"damage":18,"floor":46,"turns":4},{"damage":46,"enemies":"Spire Growth","floor":47,"turns":4},{"damage":10,"enemies":"3 Darklings","floor":48,"turns":3},{"damage":110,"enemies":"Awakened One","floor":50,"turns":5}],"seed_played":"2347417154188335562","potions_obtained":[{"floor":5,"key":"SpeedPotion"},{"floor":12,"key":"Block Potion"},{"floor":16,"key":"EssenceOfSteel"},{"floor":21,"key":"SkillPotion"},{"floor":28,"key":"Poison Potion"},{"floor":30,"key":"Fire Potion"},{"floor":33,"key":"PowerPotion"},{"floor":45,"key":"SpeedPotion"},{"floor":46,"key":"Fire Potion"},{"floor":48,"key":"PowerPotion"}],"is_trial":false,"path_per_floor":["M","$","?","?","M","R","E","?","T","R","M","E","?","M","R","B",null,"M","M","?","M","?","E","R","?","T","M","M","R","E","?","R","B",null,"M","$","M","M","M","R","?","E","T","?","M","?","M","M","R"],"character_chosen":"DEFECT","items_purchased":["Defragment","Steam","Ancient Tea Set","Juzu Bracelet","Block Potion"],"campfire_rested":5,"item_purchase_floors":[2,2,36,36,36],"current_hp_per_floor":[74,74,56,56,56,56,44,49,49,73,66,42,42,33,57,29,80,72,67,67,58,58,44,44,44,44,40,35,35,32,32,71,60,80,65,65,79,69,45,80,80,13,23,90,71,67,37,37,79,0],"gold":841,"neow_bonus":"","is_prod":false,"is_daily":false,"chose_seed":false,"campfire_upgraded":3,"win_rate":0.0,"timestamp":1534151259,"path_taken":["M","$","?","?","M","R","E","?","T","R","?","E","?","M","R","BOSS","M","M","?","?","?","E","R","?","T","?","M","R","E","?","R","BOSS","M","$","M","M","M","R","?","E","T","?","M","?","M","M","R","BOSS"],"build_version":"2018-08-09","purchased_purges":1,"victory":false,"max_hp_per_floor":[75,75,75,75,75,75,75,80,80,80,80,80,80,80,80,80,80,80,80,80,80,80,80,80,80,80,80,80,80,80,80,80,80,80,80,80,80,80,80,80,80,80,90,90,90,90,90,90,90,90],"card_choices":[{"not_picked":["Barrage","Compile Driver"],"picked":"Static Discharge","floor":1},{"not_picked":["Leap","Hologram"],"picked":"Ball Lightning","floor":5},{"not_picked":["Go for the Eyes","Buffer","Auto Shields"],"picked":"SKIP","floor":7},{"not_picked":["Chill","Sweeping Beam","Scrape"],"picked":"SKIP","floor":11},{"not_picked":["Leap","Steam Power","Steam"],"picked":"SKIP","floor":12},{"not_picked":["Sweeping Beam","Sunder","Leap"],"picked":"SKIP","floor":14},{"not_picked":["Machine Learning","Thunder Strike"],"picked":"Electrodynamics","floor":16},{"not_picked":["Beam Cell","Compile Driver","Fusion"],"picked":"SKIP","floor":18},{"not_picked":["Coolheaded","Leap+1"],"picked":"Defragment","floor":19},{"not_picked":["Turbo","Cold Snap+1"],"picked":"Conserve Battery","floor":21},{"not_picked":["Beam Cell","BootSequence"],"picked":"Genetic Algorithm","floor":23},{"not_picked":["Sweeping Beam","Genetic Algorithm"],"picked":"Capacitor","floor":27},{"not_picked":["Ball Lightning","Hello World+1"],"picked":"Static Discharge","floor":28},{"not_picked":["Rebound","Chill"],"picked":"Defragment","floor":30},{"not_picked":["Creative AI","Buffer"],"picked":"Amplify","floor":33},{"not_picked":["Beam Cell","Hologram+1","Ball Lightning+1"],"picked":"SKIP","floor":35},{"not_picked":["Redo","Rebound","Steam+1"],"picked":"SKIP","floor":37},{"not_picked":["Sunder","Heatsinks+1"],"picked":"White Noise+1","floor":38},{"not_picked":["Sweeping Beam+1","Turbo","Rebound+1"],"picked":"SKIP","floor":39},{"not_picked":["FTL+1","Barrage+1","Chill+1"],"picked":"SKIP","floor":42},{"not_picked":["Consume+1","Streamline+1"],"picked":"Reprogram+1","floor":45},{"not_picked":["Rebound","Beam Cell","Doom and Gloom+1"],"picked":"SKIP","floor":47},{"not_picked":["Heatsinks","Leap","Reprogram+1"],"picked":"SKIP","floor":48}],"player_experience":84954,"relics_obtained":[{"floor":7,"key":"MawBank"},{"floor":9,"key":"Bag of Preparation"},{"floor":12,"key":"Bird Faced Urn"},{"floor":23,"key":"Regal Pillow"},{"floor":26,"key":"Bronze Scales"},{"floor":30,"key":"Whetstone"},{"floor":42,"key":"Shuriken"},{"floor":43,"key":"Pear"},{"floor":46,"key":"Gambling Chip"}],"event_choices":[{"event_name":"Golden Idol","player_choice":"Take Damage","floor":3,"damage_taken":0},{"event_name":"Liars Game","player_choice":"disagreed","floor":4,"damage_taken":0},{"event_name":"Big Fish","player_choice":"Donut","floor":8,"damage_taken":0},{"event_name":"Upgrade Shrine","player_choice":"Upgraded","floor":13,"damage_taken":0},{"event_name":"Ghosts","player_choice":"Ignored","floor":20,"damage_taken":0},{"event_name":"The Mausoleum","player_choice":"Yes","floor":22,"damage_taken":0},{"event_name":"Purifier","player_choice":"One Purge","floor":25,"damage_taken":0},{"event_name":"Nest","player_choice":"Stole From Cult","floor":31,"damage_taken":0},{"event_name":"Match and Keep!","player_choice":"1 cards matched","floor":41,"damage_taken":0},{"event_name":"MindBloom","player_choice":"Heal","floor":44,"damage_taken":0},{"event_name":"Mysterious Sphere","player_choice":"Fight","floor":46,"damage_taken":0}],"is_beta":false,"boss_relics":[{"not_picked":["Calling Bell","Pandora\u0027s Box"],"picked":"Velvet Choker"},{"not_picked":["FrozenCore","Snecko Eye"],"picked":"Nuclear Battery"}],"items_purged_floors":[36],"is_endless":false,"potions_floor_spawned":[5,12,16,21,28,30,33,45,46,48],"killed_by":"Awakened One","ascension_level":0}