{"gold_per_floor":[110,129,149,166,166,166,183,183,183,194,205,233,233,7,7,108,108,119,145,244,20,37,66,66,93,93,103,134,134],"floor_reached":29,"playtime":1760,"items_purged":["Strike_B"],"score":285,"play_id":"4c8497a0-d551-4690-802a-c164c033f810","local_time":"20180630150744","is_ascension_mode":false,"campfire_choices":[{"data":"Redo","floor":6,"key":"SMITH"},{"data":"Defragment","floor":8,"key":"SMITH"},{"data":"Melter","floor":13,"key":"SMITH"},{"floor":15,"key":"REST"},{"floor":24,"key":"REST"}],"neow_cost":"","seed_source_timestamp":0,"circlet_count":0,"master_deck":["Strike_B+1","Strike_B+1","Defend_B","Defend_B","Defend_B","Defend_B","Zap","Dualcast","Melter+1","Redo+1","Conserve Battery","Auto Shields","Defragment+1","Fission","Chill","Rip and Tear","Loop+1","Conserve Battery","Stack","All For One","Defragment+1","Capacitor+1","Panache+1","Compile Driver","Storm+1","BootSequence+1","Aggregate","Steam+1","Double Energy"],"special_seed":0,"relics":["Cracked Core","Whetstone","Letter Opener","Frozen Egg 2","Sozu","Red Mask","Centennial Puzzle","Orichalcum","Question Card","Ice Cream"],"potions_floor_usage":[12,16,16,19],"damage_taken":[{"damage":0,"enemies":"2 Louse","floor":1,"turns":2},{"damage":0,"enemies":"Small Slimes","floor":2,"turns":2},{"damage":11,"enemies":"Jaw Worm","floor":3,"turns":2},{"damage":2,"enemies":"2 Fungi Beasts","floor":4,"turns":3},{"damage":0,"enemies":"Large Slime","floor":7,"turns":3},{"damage":8,"enemies":"Exordium Thugs","floor":10,"turns":4},{"damage":3,"enemies":"Lots of Slimes","floor":11,"turns":3},{"damage":8,"enemies":"3 Sentries","floor":12,"turns":6},{"damage":47,"enemies":"Hexaghost","floor":16,"turns":10},{"damage":0,"enemies":"2 Thieves","floor":18,"turns":4},{"damage":23,"floor":19,"turns":4},{"damage":4,"enemies":"Chosen","floor":22,"turns":5},{"damage":29,"enemies":"Slavers","floor":23,"turns":5},{"damage":13,"enemies":"Book of Stabbing","floor":25,"turns":5},{"damage":9,"enemies":"Snake Plant","floor":27,"turns":4},{"damage":9,"enemies":"Gremlin Leader","floor":28,"turns":5},{"damage":11,"enemies":"Cultist and Chosen","floor":29,"turns":4}],"seed_played":"2423856847293380612","potions_obtained":[{"floor":1,"key":"Dexterity Potion"},{"floor":7,"key":"Regen Potion"},{"floor":12,"key":"AttackPotion"},{"floor":16,"key":"SpeedPotion"}],"is_trial":false,"path_per_floor":["M","M","M","M","?","R","M","R","T","M","M","E","R","$","R","B",null,"M","?","?","$","M","E","R","E","T","M","E"],"character_chosen":"DEFECT","items_purchased":["Loop+1","Conserve Battery","Stack","Panache+1","Compile Driver"],"campfire_rested":2,"item_purchase_floors":[14,14,14,21,21],"current_hp_per_floor":[75,75,64,62,55,55,55,55,55,47,44,51,51,51,73,26,75,75,52,52,52,48,19,41,28,28,19,10,0],"gold":134,"neow_bonus":"","is_prod":false,"is_daily":false,"chose_seed":false,"campfire_upgraded":3,"win_rate":0.0,"timestamp":1530392864,"path_taken":["M","M","M","M","?","R","M","R","T","M","M","E","R","?","R","BOSS","M","?","?","$","?","E","R","E","T","M","E","M"],"build_version":"2018-06-28","purchased_purges":1,"victory":false,"max_hp_per_floor":[75,75,75,75,75,75,75,75,75,75,75,75,75,75,75,75,75,75,75,75,75,75,75,75,75,75,75,75,75],"card_choices":[{"not_picked":["Static Discharge","Turbo"],"picked":"Melter","floor":1},{"not_picked":["Skim","Static Discharge"],"picked":"Redo","floor":2},{"not_picked":["Ball Lightning","Streamline"],"picked":"Conserve Battery","floor":3},{"not_picked":["Aggregate","Hello World"],"picked":"Auto Shields","floor":4},{"not_picked":["Turbo","Undo"],"picked":"Defragment","floor":7},{"not_picked":["Go for the Eyes","Hologram"],"picked":"Fission","floor":10},{"not_picked":["Conserve Battery","Blizzard"],"picked":"Chill","floor":11},{"not_picked":["Chill","Barrage"],"picked":"Rip and Tear","floor":12},{"not_picked":["Amplify","Reboot"],"picked":"All For One","floor":16},{"not_picked":["Turbo","Gash"],"picked":"Defragment+1","floor":18},{"not_picked":["Conserve Battery","Turbo"],"picked":"Capacitor+1","floor":19},{"not_picked":["Redo","Streamline"],"picked":"Storm+1","floor":22},{"not_picked":["Blizzard+1","Ball Lightning"],"picked":"BootSequence+1","floor":23},{"not_picked":["Meteor Strike","Melter"],"picked":"Aggregate","floor":25},{"not_picked":["Loop+1","Reprogram","Lockon"],"picked":"Steam+1","floor":27},{"not_picked":["Reinforced Body","Doom and Gloom+1","Cold Snap+1"],"picked":"Double Energy","floor":28}],"player_experience":40572,"relics_obtained":[{"floor":9,"key":"Letter Opener"},{"floor":12,"key":"Frozen Egg 2"},{"floor":19,"key":"Red Mask"},{"floor":23,"key":"Centennial Puzzle"},{"floor":25,"key":"Orichalcum"},{"floor":26,"key":"Question Card"},{"floor":28,"key":"Ice Cream"}],"event_choices":[{"event_name":"Golden Wing","player_choice":"Card Removal","floor":5,"damage_taken":0},{"event_name":"Masked Bandits","player_choice":"Fought over 119 gold","floor":19,"damage_taken":0},{"event_name":"Nest","player_choice":"Stole From Cult","floor":20,"damage_taken":0}],"boss_relics":[{"not_picked":["Philosopher\u0027s Stone","Ectoplasm"],"picked":"Sozu"}],"items_purged_floors":[14],"is_endless":false,"potions_floor_spawned":[1,7,12,16,19,25,27],"killed_by":"Cultist and Chosen","ascension_level":0}