{"gold_per_floor":[114,114,68,36,49,49,124,152,152,152,167,179,214,236,248,359,371],"floor_reached":17,"playtime":344,"items_purged":[],"score":253,"play_id":"a0bbc486-bdb2-4d99-8f33-0ea7f96b6a38","local_time":"20190204234549","daily_mods":["Vintage"],"is_ascension_mode":false,"campfire_choices":[{"data":"Flex","floor":6,"key":"SMITH"},{"floor":10,"key":"REST"},{"floor":12,"key":"REST"},{"floor":15,"key":"DIG"}],"neow_cost":"","seed_source_timestamp":88463410790908,"circlet_count":0,"master_deck":["Strike_R","Strike_R","Strike_R","Strike_R","Defend_R","Defend_R","Bash","Flex+1","Clash","Fiend Fire","Sentinel+1","Feed+1","Burning Pact+1"],"relics":["Unceasing Top","Red Skull","Art of War","Tiny Chest","Centennial Puzzle","Smiling Mask","Ice Cream","MawBank","Anchor","Shovel","Bird Faced Urn","Astrolabe"],"potions_floor_usage":[14,16,16],"damage_taken":[{"damage":8,"enemies":"2 Louse","floor":1,"turns":2},{"damage":0,"enemies":"Small Slimes","floor":5,"turns":3},{"damage":20,"enemies":"Gremlin Nob","floor":8,"turns":4},{"damage":0,"enemies":"Cultist","floor":11,"turns":2},{"damage":17,"enemies":"Large Slime","floor":14,"turns":6},{"damage":29,"enemies":"Slime Boss","floor":16,"turns":7}],"seed_played":"5453893785999228254","potions_obtained":[{"floor":5,"key":"Strength Potion"},{"floor":11,"key":"Regen Potion"},{"floor":14,"key":"Energy Potion"}],"is_trial":true,"path_per_floor":["M","?","$","?","M","R","?","E","T","R","M","R","T","M","R","B",null],"character_chosen":"IRONCLAD","items_purchased":["Flex"],"campfire_rested":2,"item_purchase_floors":[3],"current_hp_per_floor":[72,54,54,54,54,54,43,23,23,47,47,71,71,54,54,40,80],"gold":371,"neow_bonus":"","is_prod":false,"is_daily":false,"chose_seed":false,"campfire_upgraded":1,"win_rate":0,"timestamp":1549345549,"path_taken":["M","?","$","?","?","R","?","E","T","R","M","R","?","M","R","BOSS"],"build_version":"2019-01-23","purchased_purges":0,"victory":false,"max_hp_per_floor":[80,80,80,80,80,80,80,80,80,80,80,80,80,80,80,80,80],"card_choices":[{"not_picked":["Shrug It Off","Wild Strike"],"picked":"Clash","floor":8},{"not_picked":["Offering","Reaper"],"picked":"Fiend Fire","floor":16}],"player_experience":453537,"relics_obtained":[{"floor":1,"key":"Red Skull"},{"floor":5,"key":"Centennial Puzzle"},{"floor":8,"key":"Smiling Mask"},{"floor":9,"key":"Ice Cream"},{"floor":11,"key":"MawBank"},{"floor":13,"key":"Anchor"},{"floor":14,"key":"Shovel"},{"floor":15,"key":"Bird Faced Urn"}],"event_choices":[{"damage_healed":0,"gold_gain":0,"player_choice":"Success","damage_taken":18,"relics_obtained":["Art of War"],"max_hp_gain":0,"max_hp_loss":0,"event_name":"Scrap Ooze","floor":2,"gold_loss":0},{"damage_healed":0,"gold_gain":0,"player_choice":"Paid Gold","damage_taken":0,"relics_obtained":["Tiny Chest"],"max_hp_gain":0,"max_hp_loss":0,"event_name":"WeMeetAgain","floor":4,"gold_loss":62},{"damage_healed":0,"gold_gain":75,"player_choice":"Gather Gold","damage_taken":11,"max_hp_gain":0,"max_hp_loss":0,"event_name":"World of Goop","floor":7,"gold_loss":0}],"is_beta":false,"boss_relics":[{"not_picked":["Cursed Key","Calling Bell"],"picked":"Astrolabe"}],"items_purged_floors":[],"is_endless":true,"potions_floor_spawned":[5,11,14],"ascension_level":0}