{"path_per_floor":["M","$","M","?","?","M","R","E","T","M","E","R","M","?","R","B",null,"M","?","$","M","M","E","?","R","T","E","?","M","M","M","R","B",null,"M","M","$","M","?","R","?","M","T","M","R","M","M","?","R","B"],"character_chosen":"IRONCLAD","items_purchased":["Whetstone","Bottled Flame"],"gold_per_floor":[111,36,55,5,5,25,25,59,83,95,128,128,141,141,141,269,269,284,284,37,58,77,110,110,110,110,154,154,173,198,218,218,349,349,362,387,1,17,17,17,17,35,35,55,55,71,94,0,0,0],"floor_reached":51,"campfire_rested":2,"playtime":1846,"current_hp_per_floor":[80,80,78,78,78,76,76,61,61,54,30,69,62,62,62,7,80,61,61,61,48,61,29,29,68,68,61,45,75,68,76,76,19,80,80,74,74,52,47,47,47,73,73,65,65,80,72,72,72,28],"items_purged":["Strike_R","Injury","Strike_R"],"gold":0,"score":701,"play_id":"d35ad1fb-b57d-4b5d-9e79-0c31e3a5e429","local_time":"20180428041224","is_prod":false,"is_daily":false,"chose_seed":false,"is_ascension_mode":false,"campfire_upgraded":6,"timestamp":1524881544,"path_taken":["M","$","M","?","?","M","R","E","T","?","E","R","?","?","R","BOSS","M","?","$","M","M","E","?","R","T","E","?","M","M","?","R","BOSS","M","M","$","M","?","R","?","M","T","?","R","?","M","?","R","BOSS"],"build_version":"2018-04-26v2","seed_source_timestamp":245245814070997,"purchased_purges":5,"victory":true,"master_deck":["Strike_R+1","Strike_R+1","Defend_R+1","Defend_R+1","Defend_R+1","Bash+1","Intimidate+1","Reaper+1","Intimidate","Inflame+1","Searing Blow+2","Offering","Impervious","Panacea","Necronomicurse","Reaper","Shockwave+1","Blind+1","Deep Breath","Thunderclap+1","Rampage+1"],"max_hp_per_floor":[80,80,80,80,80,80,80,80,80,80,80,80,80,80,80,80,80,80,80,80,80,80,80,80,80,80,80,80,80,80,80,80,80,80,80,80,80,80,80,80,80,80,80,80,80,80,80,80,80,80],"relics":["Burning Blood","Pen Nib","Regal Pillow","Happy Flower","Golden Idol","Lizard Tail","Whetstone","Bird Faced Urn","Oddly Smooth Stone","Shuriken","Necronomicon","Runic Pyramid","Bottled Flame","Bottled Tornado","Red Mask"],"card_choices":[{"not_picked":["Reckless Charge","Disarm"],"picked":"Intimidate","floor":1},{"not_picked":["Spot Weakness","Uppercut"],"picked":"Reaper","floor":8},{"not_picked":["Body Slam","Warcry"],"picked":"Intimidate","floor":10},{"not_picked":["Double Tap","Bludgeon"],"picked":"Inflame","floor":11},{"not_picked":["True Grit","Clash"],"picked":"Searing Blow","floor":13},{"not_picked":["Impervious","Reaper"],"picked":"Offering","floor":16},{"not_picked":["Infernal Blade","Clash"],"picked":"Thunderclap","floor":18},{"not_picked":["True Grit","Warcry"],"picked":"Impervious","floor":23},{"not_picked":["Brutality","Impervious"],"picked":"Reaper","floor":33},{"not_picked":["Pommel Strike","Rampage"],"picked":"Shockwave","floor":35},{"not_picked":["Enlightenment","Secret Technique"],"picked":"Blind","floor":39},{"not_picked":["Blind","Panacea"],"picked":"Deep Breath","floor":39},{"not_picked":["Headbutt","Perfected Strike"],"picked":"Thunderclap","floor":42},{"not_picked":["Rage","Perfected Strike"],"picked":"Rampage","floor":46}],"player_experience":1873,"potions_floor_usage":[8,8,16,23,27,27,33,42,50,50],"damage_taken":[{"damage":4,"enemies":"Small Slimes","floor":1,"turns":4},{"damage":8,"enemies":"Jaw Worm","floor":3,"turns":2},{"damage":8,"enemies":"2 Louse","floor":6,"turns":3},{"damage":21,"enemies":"Lagavulin","floor":8,"turns":6},{"damage":13,"enemies":"Blue Slaver","floor":10,"turns":3},{"damage":42,"enemies":"3 Sentries","floor":11,"turns":9},{"damage":17,"enemies":"Exordium Wildlife","floor":13,"turns":5},{"damage":70,"enemies":"Hexaghost","floor":16,"turns":11},{"damage":25,"enemies":"2 Thieves","floor":18,"turns":3},{"damage":19,"enemies":"Shell Parasite","floor":21,"turns":4},{"damage":13,"enemies":"Centurion and Healer","floor":22,"turns":4},{"damage":45,"enemies":"Book of Stabbing","floor":23,"turns":6},{"damage":29,"enemies":"Slavers","floor":27,"turns":5},{"damage":8,"enemies":"Cultist and Chosen","floor":29,"turns":4},{"damage":24,"enemies":"Slaver and Parasite","floor":30,"turns":4},{"damage":14,"enemies":"Centurion and Healer","floor":31,"turns":4},{"damage":75,"enemies":"Automaton","floor":33,"turns":9},{"damage":14,"enemies":"3 Darklings","floor":35,"turns":5},{"damage":35,"enemies":"Flame Bruiser 1 Orb","floor":36,"turns":4},{"damage":77,"enemies":"4 Shapes","floor":38,"turns":5},{"damage":16,"enemies":"Spire Growth","floor":42,"turns":3},{"damage":44,"enemies":"Flame Bruiser 2 Orb","floor":44,"turns":6},{"damage":24,"enemies":"3 Darklings","floor":46,"turns":3},{"damage":52,"enemies":"4 Shapes","floor":47,"turns":5},{"damage":98,"enemies":"Donu and Deca","floor":50,"turns":9}],"event_choices":[{"event_name":"The Cleric","player_choice":"Card Removal","floor":4,"damage_taken":0},{"event_name":"Living Wall","player_choice":"Forget","floor":5,"damage_taken":0},{"event_name":"Golden Idol","player_choice":"Take Wound","floor":14,"damage_taken":0},{"event_name":"Back to Basics","player_choice":"Simplicity","floor":19,"damage_taken":0},{"event_name":"Match and Keep!","player_choice":"1 cards matched","floor":24,"damage_taken":0},{"event_name":"Cursed Tome","player_choice":"Obtained Book","floor":28,"damage_taken":0},{"event_name":"SensoryStone","player_choice":"Memory 2","floor":39,"damage_taken":0},{"event_name":"Tomb of Lord Red Mask","player_choice":"Paid","floor":48,"damage_taken":0}],"boss_relics":[{"not_picked":["Philosopher\u0027s Stone","Ectoplasm"],"picked":"Lizard Tail"},{"not_picked":["Runic Dome","Sozu"],"picked":"Runic Pyramid"}],"potions_floor_spawned":[1,3,10,18,21,23,31,35,44,46],"seed_played":"-890316706239349435","ascension_level":0,"is_trial":false}