{"gold_per_floor":[116,3,3,3,27,60,60,93,93,93],"floor_reached":10,"playtime":405,"items_purged":[],"score":89,"play_id":"369fd002-8796-4dc4-b905-5eda3c2c36dd","local_time":"20190225130228","is_ascension_mode":true,"campfire_choices":[{"floor":7,"key":"REST"}],"neow_cost":"NONE","seed_source_timestamp":649168944298168,"circlet_count":0,"master_deck":["Defend_G","Defend_G","Defend_G","Defend_G","Defend_G","Strike_G","Strike_G","Strike_G","Strike_G","Strike_G","Survivor","Neutralize","Endless Agony","Infinite Blades","Finisher","Injury","Quick Slash","Leg Sweep","Reflex"],"relics":["HoveringKite","Gambling Chip","Golden Idol","The Courier","Bag of Marbles","Girya"],"potions_floor_usage":[6],"damage_taken":[{"damage":16,"enemies":"Jaw Worm","floor":1,"turns":5},{"damage":0,"enemies":"Small Slimes","floor":5,"turns":5},{"damage":22,"enemies":"Lagavulin","floor":6,"turns":6},{"damage":38,"enemies":"Gremlin Nob","floor":8,"turns":6},{"damage":0,"enemies":"Lagavulin","floor":10,"turns":3}],"seed_played":"-6481457925182981802","potions_obtained":[{"floor":1,"key":"Fire Potion"},{"floor":8,"key":"LiquidBronze"}],"is_trial":false,"path_per_floor":["M","$","?","?","M","E","R","E","T","E"],"character_chosen":"THE_SILENT","items_purchased":["Infinite Blades","Finisher"],"campfire_rested":1,"item_purchase_floors":[2,2],"current_hp_per_floor":[54,54,42,42,42,20,41,3,3,3],"gold":93,"neow_bonus":"BOSS_RELIC","is_prod":false,"is_daily":false,"chose_seed":false,"campfire_upgraded":0,"win_rate":0,"timestamp":1551121348,"path_taken":["M","$","?","?","M","E","R","E","T","E"],"build_version":"2019-01-23","purchased_purges":0,"victory":false,"max_hp_per_floor":[70,70,70,70,70,70,70,70,70,70],"card_choices":[{"not_picked":["Calculated Gamble","Poisoned Stab"],"picked":"Endless Agony","floor":1},{"not_picked":["Slice","Outmaneuver"],"picked":"Quick Slash","floor":5},{"not_picked":["Distraction","Catalyst"],"picked":"Leg Sweep","floor":6},{"not_picked":["Expertise","Sucker Punch"],"picked":"Reflex","floor":8}],"player_experience":561890,"relics_obtained":[{"floor":6,"key":"The Courier"},{"floor":8,"key":"Bag of Marbles"},{"floor":9,"key":"Girya"}],"event_choices":[{"damage_healed":0,"gold_gain":0,"player_choice":"Success","damage_taken":12,"relics_obtained":["Gambling Chip"],"max_hp_gain":0,"max_hp_loss":0,"event_name":"Scrap Ooze","floor":3,"gold_loss":0},{"damage_healed":0,"gold_gain":0,"player_choice":"Take Wound","damage_taken":0,"relics_obtained":["Golden Idol"],"max_hp_gain":0,"max_hp_loss":0,"event_name":"Golden Idol","floor":4,"gold_loss":0,"cards_obtained":["Injury"]}],"is_beta":false,"boss_relics":[],"items_purged_floors":[],"is_endless":false,"potions_floor_spawned":[1,8],"killed_by":"Lagavulin","ascension_level":4}