{"gold_per_floor":[112,60,75,5,180,212,212,212,212,239,263,263,283,303,303,398,398,415,490,490,504,43,43],"floor_reached":23,"playtime":643,"items_purged":[],"score":196,"play_id":"4b8a94f4-827e-44d0-89eb-37598f911f3c","local_time":"20181201194326","is_ascension_mode":false,"campfire_choices":[{"data":"Redo","floor":8,"key":"SMITH"},{"floor":15,"key":"REST"}],"neow_cost":"NONE","seed_source_timestamp":1279795632672636,"circlet_count":0,"master_deck":["Strike_B","Strike_B","Strike_B","Strike_B","Defend_B","Defend_B","Defend_B","Defend_B","Zap+1","Dualcast","Cold Snap","Cold Snap","Leap","Loop","Redo+1","Sunder","Seek","Doom and Gloom","Echo Form","Hologram","Necronomicurse","Conserve Battery"],"relics":["Cracked Core","Pear","Blue Candle","Bag of Marbles","Smiling Mask","Spirit Poop","Nuclear Battery","Bottled Tornado","Necronomicon","Runic Capacitor","Mercury Hourglass"],"potions_floor_usage":[],"damage_taken":[{"damage":0,"enemies":"2 Louse","floor":1,"turns":2},{"damage":0,"enemies":"Small Slimes","floor":3,"turns":2},{"damage":28,"enemies":"Gremlin Nob","floor":6,"turns":5},{"damage":22,"enemies":"Lagavulin","floor":10,"turns":7},{"damage":9,"enemies":"Jaw Worm","floor":13,"turns":2},{"damage":0,"enemies":"Large Slime","floor":14,"turns":4},{"damage":55,"enemies":"The Guardian","floor":16,"turns":9},{"damage":5,"enemies":"Chosen","floor":18,"turns":4},{"damage":12,"enemies":"3 Byrds","floor":21,"turns":3},{"damage":55,"enemies":"Gremlin Leader","floor":23,"turns":6}],"seed_played":"91567752005800202","potions_obtained":[{"floor":1,"key":"Energy Potion"},{"floor":10,"key":"Explosive Potion"},{"floor":14,"key":"Strength Potion"},{"floor":18,"key":"Fire Potion"}],"is_trial":false,"path_per_floor":["M","$","M","$","?","E","?","R","T","E","T","?","M","M","R","B",null,"M","T","?","M","$","E"],"character_chosen":"DEFECT","items_purchased":["Cold Snap","Loop","Runic Capacitor","Mercury Hourglass"],"campfire_rested":1,"item_purchase_floors":[2,4,22,22],"current_hp_per_floor":[75,75,75,75,75,57,85,85,85,63,63,63,54,54,79,24,85,80,80,64,52,52,0],"gold":43,"neow_bonus":"UPGRADE_CARD","is_prod":false,"is_daily":false,"chose_seed":false,"campfire_upgraded":1,"win_rate":0.0,"timestamp":1543715006,"path_taken":["M","$","M","$","?","E","?","R","T","E","?","?","M","M","R","BOSS","M","?","?","M","$","E"],"build_version":"2018-11-15","purchased_purges":0,"victory":false,"max_hp_per_floor":[75,75,75,75,75,85,85,85,85,85,85,85,85,85,85,85,85,85,85,85,85,85,85],"card_choices":[{"not_picked":["Recycle","Barrage"],"picked":"Cold Snap","floor":1},{"not_picked":["Heatsinks","Stack"],"picked":"Leap","floor":3},{"not_picked":["Compile Driver","Reprogram"],"picked":"Redo","floor":6},{"not_picked":["Darkness","Beam Cell"],"picked":"Sunder","floor":10},{"not_picked":["Stack","Streamline"],"picked":"Seek","floor":13},{"not_picked":["Beam Cell","Barrage"],"picked":"Doom and Gloom","floor":14},{"not_picked":["Amplify","All For One"],"picked":"Echo Form","floor":16},{"not_picked":["Force Field+1","Scrape"],"picked":"Hologram","floor":18},{"not_picked":["Gash","Rebound"],"picked":"Conserve Battery","floor":21}],"player_experience":98520,"relics_obtained":[{"floor":6,"key":"Pear"},{"floor":9,"key":"Blue Candle"},{"floor":10,"key":"Bag of Marbles"},{"floor":11,"key":"Smiling Mask"},{"floor":19,"key":"Bottled Tornado"},{"floor":20,"key":"Necronomicon"}],"event_choices":[{"damage_healed":0,"gold_gain":175,"player_choice":"AGREE","damage_taken":0,"max_hp_gain":0,"max_hp_loss":0,"event_name":"Liars Game","floor":5,"gold_loss":0,"cards_obtained":["Doubt"]},{"damage_healed":28,"gold_gain":0,"player_choice":"Banana","damage_taken":0,"max_hp_gain":0,"max_hp_loss":0,"event_name":"Big Fish","floor":7,"gold_loss":0},{"cards_removed":["Doubt"],"damage_healed":0,"gold_gain":0,"player_choice":"Offered Curse","damage_taken":0,"relics_obtained":["Spirit Poop"],"max_hp_gain":0,"max_hp_loss":0,"event_name":"Bonfire Elementals","floor":12,"gold_loss":0},{"damage_healed":0,"gold_gain":0,"player_choice":"Obtained Book","damage_taken":16,"max_hp_gain":0,"max_hp_loss":0,"event_name":"Cursed Tome","floor":20,"gold_loss":0}],"is_beta":false,"boss_relics":[{"not_picked":["Calling Bell","Lizard Tail"],"picked":"Nuclear Battery"}],"items_purged_floors":[],"is_endless":false,"potions_floor_spawned":[1,10,14,16,18],"killed_by":"Gremlin Leader","ascension_level":0}