{"path_per_floor":["M","T","?","M","$","R","E","M","T","E","R","M","R","?","R","B",null,"M","M","?","M","M","E","R","E","T","R","M","E","M"],"character_chosen":"THE_SILENT","items_purchased":["After Image","Outmaneuver"],"gold_per_floor":[111,111,186,199,4,4,37,51,51,77,77,91,91,91,91,190,190,204,222,272,292,302,331,331,659,659,659,679,711,729,729],"floor_reached":31,"campfire_rested":2,"playtime":2816,"current_hp_per_floor":[58,58,47,46,46,46,26,26,26,24,24,24,24,21,42,41,63,63,62,62,62,54,27,48,32,32,32,32,4,2,0],"items_purged":[],"gold":729,"score":397,"play_id":"bf6b8ab1-df0d-49bd-aa1c-508955534698","local_time":"20180320031050","is_prod":false,"is_daily":false,"is_ascension_mode":true,"campfire_upgraded":1,"timestamp":1521540650,"path_taken":["M","?","?","M","?","R","E","?","T","E","R","?","R","?","R","BOSS","M","M","?","M","M","E","R","E","T","R","M","E","M","M"],"build_version":"2018-03-19","purchased_purges":0,"victory":false,"master_deck":["Defend_G","Defend_G","Defend_G","Defend_G","Defend_G","Strike_G","Strike_G","Survivor","Neutralize+1","Endless Agony","Dodge and Roll","After Image","Outmaneuver","Backflip","Dagger Throw","Dash","Cloak And Dagger","Tools of the Trade","Prepared","Prepared","Slice","Outmaneuver","Noxious Fumes","Accuracy","Deflect","Backflip+1"],"max_hp_per_floor":[70,70,70,70,70,70,70,70,70,70,70,70,70,70,70,70,70,70,70,70,70,70,70,70,70,70,70,70,70,70,70],"relics":["Ring of the Snake","Calipers","Dodecahedron","Mercury Hourglass","Peace Pipe","Gambling Chip","Sozu","Ancient Tea Set","Old Coin","Toolbox","Anchor"],"card_choices":[{"not_picked":["Bane","Poisoned Stab"],"picked":"Endless Agony","floor":1},{"not_picked":["Calculated Gamble","Backstab"],"picked":"Dodge and Roll","floor":4},{"not_picked":["Dagger Spray","Dodge and Roll"],"picked":"Backflip","floor":7},{"not_picked":["Poisoned Stab","Underhanded Strike"],"picked":"Dagger Throw","floor":8},{"not_picked":["Bouncing Flask","Night Terror"],"picked":"Dash","floor":10},{"not_picked":["Dodge and Roll","Bane"],"picked":"Cloak And Dagger","floor":12},{"not_picked":["Unload","Storm of Steel"],"picked":"Tools of the Trade","floor":16},{"not_picked":["Crippling Poison","Bane"],"picked":"Prepared","floor":18},{"not_picked":["Crippling Poison","Poisoned Stab"],"picked":"Prepared","floor":19},{"not_picked":["Crippling Poison","Heel Hook"],"picked":"Slice","floor":21},{"not_picked":["Distraction","Dagger Spray"],"picked":"Outmaneuver","floor":22},{"not_picked":["Bouncing Flask","Deadly Poison"],"picked":"Noxious Fumes","floor":23},{"not_picked":["Poisoned Stab","Calculated Gamble"],"picked":"Accuracy","floor":25},{"not_picked":["Deadly Poison","Poisoned Stab"],"picked":"Deflect","floor":28},{"not_picked":["Expertise","Setup"],"picked":"Backflip","floor":30}],"player_experience":172554,"potions_floor_usage":[16,21,25],"damage_taken":[{"damage":5,"enemies":"Cultist","floor":1,"turns":5},{"damage":1,"enemies":"Small Slimes","floor":4,"turns":5},{"damage":20,"enemies":"3 Sentries","floor":7,"turns":16},{"damage":0,"enemies":"2 Louse","floor":8,"turns":4},{"damage":2,"enemies":"Lagavulin","floor":10,"turns":8},{"damage":0,"enemies":"2 Fungi Beasts","floor":12,"turns":3},{"damage":1,"enemies":"The Guardian","floor":16,"turns":16},{"damage":0,"enemies":"Shell Parasite","floor":18,"turns":8},{"damage":1,"enemies":"3 Byrds","floor":19,"turns":6},{"damage":0,"enemies":"Slaver and Parasite","floor":21,"turns":9},{"damage":8,"enemies":"Snake Plant","floor":22,"turns":8},{"damage":27,"enemies":"Slavers","floor":23,"turns":10},{"damage":16,"enemies":"Gremlin Leader","floor":25,"turns":12},{"damage":0,"enemies":"Snecko","floor":28,"turns":7},{"damage":28,"enemies":"Slavers","floor":29,"turns":8},{"damage":2,"enemies":"Centurion and Healer","floor":30,"turns":12},{"damage":3,"enemies":"Sentry and Sphere","floor":31,"turns":3}],"event_choices":[{"event_name":"World of Goop","player_choice":"Gather Gold","floor":3,"damage_taken":0},{"event_name":"Scrap Ooze","player_choice":"success","floor":14,"damage_taken":3},{"event_name":"The Joust","player_choice":"Bet on Murderer","floor":20,"damage_taken":0}],"boss_relics":[{"not_picked":["Tiny House","Velvet Choker"],"picked":"Sozu"}],"potions_floor_spawned":[1,10,12,18,21,23],"seed_played":"-7375589901237076649","killed_by":"Sentry and Sphere","ascension_level":6,"is_trial":false}