{"gold_per_floor":[115,115,129,129,139,171,190,210,236,248,42,68,68,85,85,188,188,188,188,188,188,188,188,188,188],"floor_reached":25,"playtime":2762,"items_purged":[],"score":256,"play_id":"6cbda768-cc39-4849-8a3b-f232c6f53a7d","local_time":"20190319204120","is_ascension_mode":true,"campfire_choices":[{"floor":10,"key":"REST"},{"data":"Rage","floor":15,"key":"SMITH"},{"floor":24,"key":"REST"}],"neow_cost":"NONE","seed_source_timestamp":466795472797,"circlet_count":0,"master_deck":["Strike_R","Strike_R","Strike_R","Strike_R","Strike_R","Defend_R","Defend_R","Defend_R","Defend_R","Bash","Dramatic Entrance","Anger","Rage+1","Headbutt","Sever Soul","Armaments","Metallicize","Infernal Blade","Regret","Shrug It Off","Barricade","Twin Strike","Flame Barrier","Perfected Strike","Cleave","Juggernaut"],"relics":["Burning Blood","Bottled Lightning","MawBank","Boot","Vajra","Orichalcum","Ectoplasm","Enchiridion","Du-Vu Doll"],"potions_floor_usage":[7,16,21,23,23],"damage_taken":[{"damage":2,"enemies":"2 Louse","floor":1,"turns":2},{"damage":1,"enemies":"Cultist","floor":3,"turns":3},{"damage":2,"enemies":"Jaw Worm","floor":5,"turns":3},{"damage":32,"enemies":"Lagavulin","floor":6,"turns":9},{"damage":3,"enemies":"Exordium Wildlife","floor":7,"turns":3},{"damage":7,"enemies":"3 Louse","floor":8,"turns":3},{"damage":11,"enemies":"Gremlin Nob","floor":12,"turns":3},{"damage":10,"enemies":"Large Slime","floor":14,"turns":4},{"damage":34,"enemies":"Hexaghost","floor":16,"turns":9},{"damage":4,"enemies":"Chosen","floor":18,"turns":5},{"damage":26,"enemies":"Shell Parasite","floor":20,"turns":6},{"damage":38,"enemies":"Snecko","floor":21,"turns":5},{"damage":2,"enemies":"Slavers","floor":23,"turns":3},{"damage":45,"enemies":"Book of Stabbing","floor":25,"turns":5}],"seed_played":"3884160231739259771","potions_obtained":[{"floor":5,"key":"GamblersBrew"},{"floor":6,"key":"Block Potion"},{"floor":14,"key":"FearPotion"},{"floor":18,"key":"Swift Potion"},{"floor":21,"key":"SpeedPotion"}],"is_trial":false,"path_per_floor":["?","?","M","$","?","?","?"],"character_chosen":"IRONCLAD","items_purchased":["Metallicize","Boot"],"campfire_rested":2,"item_purchase_floors":[11,11],"current_hp_per_floor":[80,80,80,80,80,54,57,56,56,80,80,75,75,71,71,43,80,80,80,60,28,12,16,40,0],"gold":188,"neow_bonus":"RANDOM_COLORLESS","is_prod":false,"is_daily":false,"chose_seed":false,"campfire_upgraded":1,"win_rate":0,"timestamp":1553024480,"path_taken":["M","?","M","?","M","E","M","?","T","R","?","E","?","M","R","BOSS","M","?","M","M","?","E","R","E"],"build_version":"2019-01-23","purchased_purges":0,"victory":false,"max_hp_per_floor":[80,80,80,80,80,80,80,80,80,80,80,80,80,80,80,80,80,80,80,80,80,80,80,80,80],"card_choices":[{"not_picked":["Havoc","Flex"],"picked":"Anger","floor":1},{"not_picked":["True Grit","Wild Strike"],"picked":"Power Through","floor":3},{"not_picked":["Iron Wave","Heavy Blade"],"picked":"Rage","floor":5},{"not_picked":["Sentinel","Corruption"],"picked":"Headbutt","floor":6},{"not_picked":["Reckless Charge","Fiend Fire"],"picked":"Sever Soul","floor":7},{"not_picked":["Sword Boomerang","Clothesline"],"picked":"Armaments","floor":8},{"not_picked":["Reckless Charge","Shockwave"],"picked":"Infernal Blade","floor":12},{"not_picked":["Disarm","Clash"],"picked":"Shrug It Off","floor":14},{"not_picked":["Juggernaut","Brutality"],"picked":"Barricade","floor":16},{"not_picked":["Thunderclap","Havoc+1"],"picked":"Twin Strike","floor":18},{"not_picked":["Wild Strike","Pommel Strike"],"picked":"Perfected Strike","floor":20},{"not_picked":["Heavy Blade+1","Anger"],"picked":"Cleave","floor":21},{"not_picked":["Wild Strike","True Grit+1"],"picked":"Juggernaut","floor":23}],"player_experience":125104,"relics_obtained":[{"floor":6,"key":"Bottled Lightning"},{"floor":9,"key":"MawBank"},{"floor":12,"key":"Vajra"},{"floor":22,"key":"Enchiridion"},{"floor":23,"key":"Du-Vu Doll"}],"event_choices":[{"damage_healed":0,"gold_gain":0,"player_choice":"Leave","damage_taken":0,"max_hp_gain":0,"max_hp_loss":0,"event_name":"The Cleric","floor":2,"gold_loss":0},{"cards_removed":["Power Through"],"damage_healed":0,"gold_gain":0,"player_choice":"Offered Uncommon","damage_taken":0,"max_hp_gain":0,"max_hp_loss":0,"event_name":"Bonfire Elementals","floor":4,"gold_loss":0},{"damage_healed":0,"gold_gain":0,"player_choice":"Box","damage_taken":0,"relics_obtained":["Orichalcum"],"max_hp_gain":0,"max_hp_loss":0,"event_name":"Big Fish","floor":13,"gold_loss":0,"cards_obtained":["Regret"]},{"damage_healed":0,"gold_gain":0,"player_choice":"Read","damage_taken":0,"max_hp_gain":0,"max_hp_loss":0,"event_name":"The Library","floor":19,"gold_loss":0,"cards_obtained":["Flame Barrier"]},{"damage_healed":0,"gold_gain":0,"player_choice":"Obtained Book","damage_taken":16,"max_hp_gain":0,"max_hp_loss":0,"event_name":"Cursed Tome","floor":22,"gold_loss":0}],"is_beta":false,"boss_relics":[{"not_picked":["Velvet Choker","Black Blood"],"picked":"Ectoplasm"}],"items_purged_floors":[],"is_endless":false,"potions_floor_spawned":[5,6,14,18,21],"killed_by":"Book of Stabbing","ascension_level":2}