{"gold_per_floor":[116,130,150,150,150,176,176,176,176,12,12,25,59,111,111,214,214,226,236,252,268,268,293,293,322,322,86,86,117,131,56,56,161,161,179,279,279,296,314,346,346,366,366,366,396,396,410,437,449,461],"floor_reached":50,"playtime":3520,"items_purged":["Strike_B","Hello World"],"score":1149,"play_id":"fa4a8133-5c95-4453-a31b-c22a594a982b","local_time":"20190404172819","is_ascension_mode":true,"campfire_choices":[{"data":"Jack Of All Trades","floor":11,"key":"SMITH"},{"data":"Zap","floor":15,"key":"SMITH"},{"data":"Self Repair","floor":24,"key":"SMITH"},{"data":"Double Energy","floor":32,"key":"SMITH"},{"data":"Creative AI","floor":41,"key":"SMITH"},{"data":"Seek","floor":49,"key":"SMITH"}],"neow_cost":"NONE","seed_source_timestamp":27110881016141,"circlet_count":0,"master_deck":["AscendersBane","Zap+1","Dualcast+1","Steam","Conserve Battery","Capacitor","Go for the Eyes+1","Jack Of All Trades+1","Sweeping Beam+1","Beam Cell+1","Machine Learning","Chill","White Noise","Biased Cognition","Self Repair+1","FTL+1","Tempest","Reprogram","Glacier+1","Beam Cell+1","Scrape+1","Double Energy+1","Conserve Battery","Dark Shackles","FTL+1","Creative AI+1","Redo+1","BootSequence+1","Dark Shackles","Flash of Steel+1","Deep Breath","FTL+1","Reinforced Body+1","Multi-Cast","Conserve Battery","Seek+1"],"relics":["Cracked Core","NeowsBlessing","Thread and Needle","Molten Egg 2","Meat on the Bone","Unceasing Top","Dodecahedron","Pandora\u0027s Box","Sundial","Pen Nib","Blood Vial","Ornamental Fan","Ancient Tea Set","Nuclear Battery","Gambling Chip","The Courier","Bottled Tornado","Bottled Flame","Potion Belt","MawBank"],"potions_floor_usage":[6,13,19,23,25,29,50,50,50],"damage_taken":[{"damage":0,"enemies":"Jaw Worm","floor":1,"turns":1},{"damage":0,"enemies":"Small Slimes","floor":2,"turns":1},{"damage":0,"enemies":"Cultist","floor":3,"turns":1},{"damage":42,"enemies":"Gremlin Nob","floor":6,"turns":6},{"damage":9,"enemies":"Blue Slaver","floor":12,"turns":4},{"damage":7,"enemies":"3 Sentries","floor":13,"turns":8},{"damage":0,"enemies":"2 Fungi Beasts","floor":14,"turns":4},{"damage":39,"enemies":"Hexaghost","floor":16,"turns":15},{"damage":0,"enemies":"3 Byrds","floor":18,"turns":4},{"damage":8,"enemies":"Chosen","floor":19,"turns":3},{"damage":21,"enemies":"Shelled Parasite and Fungi","floor":20,"turns":5},{"damage":1,"enemies":"Snake Plant","floor":21,"turns":6},{"damage":14,"enemies":"Slavers","floor":23,"turns":6},{"damage":56,"enemies":"Gremlin Leader","floor":25,"turns":8},{"damage":19,"enemies":"Slavers","floor":29,"turns":9},{"damage":19,"enemies":"Centurion and Healer","floor":30,"turns":3},{"damage":0,"enemies":"Automaton","floor":33,"turns":6},{"damage":0,"enemies":"3 Darklings","floor":35,"turns":3},{"damage":0,"enemies":"Mind Bloom Boss Battle","floor":36,"turns":4},{"damage":0,"enemies":"3 Shapes","floor":38,"turns":3},{"damage":0,"enemies":"Jaw Worm Horde","floor":39,"turns":3},{"damage":0,"enemies":"Nemesis","floor":40,"turns":6},{"damage":0,"enemies":"3 Darklings","floor":42,"turns":5},{"damage":0,"enemies":"Reptomancer","floor":45,"turns":3},{"damage":41,"enemies":"4 Shapes","floor":47,"turns":5},{"damage":22,"enemies":"Nemesis","floor":48,"turns":7},{"damage":62,"enemies":"Time Eater","floor":50,"turns":11}],"seed_played":"5783799458506051460","potions_obtained":[{"floor":3,"key":"SkillPotion"},{"floor":12,"key":"GamblersBrew"},{"floor":16,"key":"Poison Potion"},{"floor":18,"key":"LiquidBronze"},{"floor":20,"key":"Regen Potion"},{"floor":23,"key":"AttackPotion"},{"floor":25,"key":"FearPotion"},{"floor":29,"key":"Swift Potion"},{"floor":36,"key":"GamblersBrew"},{"floor":45,"key":"FocusPotion"},{"floor":48,"key":"Swift Potion"}],"is_trial":false,"path_per_floor":["M","M","M","?","?","E","?","?","T","$","R","M","E","M","R","B",null,"M","M","M","M","?","E","R","E","T","$","?","E","M","?","R","B",null,"M","?","?","M","M","E","R","M","T","T","E","?","M","E","R","B"],"character_chosen":"DEFECT","items_purchased":["Bandage Up","Conserve Battery","Dark Shackles"],"campfire_rested":0,"item_purchase_floors":[10,27,27],"current_hp_per_floor":[68,68,68,53,50,8,8,8,8,8,8,15,24,40,40,17,61,72,67,57,67,67,64,64,34,34,34,34,58,55,55,55,71,74,75,75,65,71,75,75,75,75,75,75,75,75,56,58,58,0],"gold":461,"neow_bonus":"THREE_ENEMY_KILL","is_prod":false,"is_daily":false,"chose_seed":false,"campfire_upgraded":6,"win_rate":0,"timestamp":1554424099,"path_taken":["M","M","M","?","?","E","?","?","T","$","R","M","E","M","R","BOSS","M","M","?","M","?","E","R","E","T","$","?","E","M","?","R","BOSS","M","?","?","M","M","E","R","M","T","?","E","?","M","E","R","BOSS"],"build_version":"2019-01-23","purchased_purges":2,"victory":false,"max_hp_per_floor":[75,75,75,75,75,75,75,75,75,75,75,75,75,75,75,75,75,75,75,75,75,75,75,75,75,75,75,75,75,75,75,75,75,75,75,75,75,75,75,75,75,75,75,75,75,75,75,75,75,75],"card_choices":[{"not_picked":["Gash","Compile Driver"],"picked":"Steam","floor":1},{"not_picked":["Steam","Coolheaded"],"picked":"Conserve Battery","floor":2},{"not_picked":["Coolheaded","Gash"],"picked":"Capacitor","floor":3},{"not_picked":["Heatsinks","Gash"],"picked":"Go for the Eyes","floor":6},{"not_picked":["Capacitor","Genetic Algorithm"],"picked":"Sweeping Beam+1","floor":12},{"not_picked":["Static Discharge","Redo"],"picked":"Glacier","floor":13},{"not_picked":["Compile Driver+1","Blizzard+1"],"picked":"Beam Cell+1","floor":14},{"not_picked":["Buffer","Fission"],"picked":"Machine Learning","floor":16},{"not_picked":["Barrage+1","Lockon+1"],"picked":"Reprogram","floor":18},{"not_picked":["Hologram","Leap"],"picked":"Glacier+1","floor":19},{"not_picked":["Steam Power","Coolheaded","Leap"],"picked":"SKIP","floor":20},{"not_picked":["Aggregate","Ball Lightning+1"],"picked":"Beam Cell+1","floor":21},{"not_picked":["Hologram","Gash+1"],"picked":"Scrape+1","floor":23},{"not_picked":["Gash+1","Redo"],"picked":"Double Energy","floor":25},{"not_picked":["Steam Power","Compile Driver+1","Stack"],"picked":"SKIP","floor":29},{"not_picked":["Hologram","Ball Lightning+1"],"picked":"FTL+1","floor":30},{"not_picked":["Biased Cognition","Thunder Strike+1"],"picked":"Creative AI","floor":33},{"not_picked":["Ball Lightning+1","Streamline+1"],"picked":"Redo+1","floor":35},{"not_picked":["Chaos+1","Hologram+1"],"picked":"BootSequence+1","floor":36},{"not_picked":["Dramatic Entrance+1","Swift Strike+1"],"picked":"Dark Shackles","floor":37},{"not_picked":["Dramatic Entrance+1","Forethought"],"picked":"Flash of Steel+1","floor":37},{"not_picked":["Good Instincts","Violence"],"picked":"Deep Breath","floor":37},{"not_picked":["Sweeping Beam+1","Rip and Tear+1"],"picked":"FTL+1","floor":38},{"not_picked":["Blizzard+1","Heatsinks"],"picked":"Reinforced Body+1","floor":39},{"not_picked":["Blizzard+1","Sweeping Beam+1"],"picked":"Multi-Cast","floor":40},{"not_picked":["Hologram","Capacitor"],"picked":"Conserve Battery","floor":42},{"not_picked":["Streamline+1","Gash+1","Cold Snap+1"],"picked":"SKIP","floor":45},{"not_picked":["Leap","Compile Driver+1","Doom and Gloom+1"],"picked":"SKIP","floor":47},{"not_picked":["Loop","Stack+1"],"picked":"Seek","floor":48}],"player_experience":307493,"relics_obtained":[{"floor":6,"key":"Molten Egg 2"},{"floor":9,"key":"Unceasing Top"},{"floor":13,"key":"Dodecahedron"},{"floor":23,"key":"Sundial"},{"floor":25,"key":"Pen Nib"},{"floor":26,"key":"Blood Vial"},{"floor":29,"key":"Ancient Tea Set"},{"floor":36,"key":"Gambling Chip"},{"floor":40,"key":"The Courier"},{"floor":43,"key":"Bottled Tornado"},{"floor":44,"key":"Bottled Flame"},{"floor":45,"key":"Potion Belt"},{"floor":48,"key":"MawBank"}],"event_choices":[{"damage_healed":0,"gold_gain":0,"player_choice":"Entered Light","damage_taken":15,"max_hp_gain":0,"max_hp_loss":0,"event_name":"Shining Light","floor":4,"gold_loss":0,"cards_upgraded":["Dualcast","Defend_B"]},{"damage_healed":0,"gold_gain":0,"player_choice":"Success","damage_taken":3,"relics_obtained":["Thread and Needle"],"max_hp_gain":0,"max_hp_loss":0,"event_name":"Scrap Ooze","floor":5,"gold_loss":0},{"damage_healed":0,"gold_gain":0,"player_choice":"Searched \u00271\u0027 times","damage_taken":0,"relics_obtained":["Meat on the Bone"],"max_hp_gain":0,"max_hp_loss":0,"event_name":"Dead Adventurer","floor":7,"gold_loss":0},{"damage_healed":0,"gold_gain":0,"player_choice":"1 cards matched","damage_taken":0,"max_hp_gain":0,"max_hp_loss":0,"event_name":"Match and Keep!","floor":8,"gold_loss":0,"cards_obtained":["Jack Of All Trades"]},{"damage_healed":0,"gold_gain":0,"player_choice":"Ignored","damage_taken":0,"max_hp_gain":0,"max_hp_loss":0,"event_name":"Vampires","floor":22,"gold_loss":0},{"damage_healed":0,"gold_gain":0,"player_choice":"Opened","damage_taken":0,"relics_obtained":["Ornamental Fan"],"max_hp_gain":0,"max_hp_loss":0,"event_name":"The Mausoleum","floor":28,"gold_loss":0},{"cards_removed":["Glacier"],"damage_healed":0,"gold_gain":0,"player_choice":"Gave Gold","damage_taken":0,"max_hp_gain":0,"max_hp_loss":0,"event_name":"Beggar","floor":31,"gold_loss":75},{"damage_healed":0,"gold_gain":0,"player_choice":"Fight","damage_taken":0,"max_hp_gain":0,"max_hp_loss":0,"event_name":"MindBloom","floor":36,"gold_loss":0},{"damage_healed":0,"gold_gain":0,"player_choice":"Memory 3","damage_taken":10,"max_hp_gain":0,"max_hp_loss":0,"event_name":"SensoryStone","floor":37,"gold_loss":0},{"cards_removed":["Bandage Up"],"damage_healed":0,"gold_gain":0,"player_choice":"Removed Skill","damage_taken":0,"max_hp_gain":0,"max_hp_loss":0,"event_name":"Falling","floor":46,"gold_loss":0}],"is_beta":false,"boss_relics":[{"not_picked":["Calling Bell","Snecko Eye"],"picked":"Pandora\u0027s Box"},{"not_picked":["Tiny House","Runic Pyramid"],"picked":"Nuclear Battery"}],"items_purged_floors":[10,27],"is_endless":false,"potions_floor_spawned":[3,12,16,18,20,23,25,29,36,38,42,45,48],"killed_by":"Time Eater","ascension_level":11}