{"gold_per_floor":[118,134,149,74,74,74,104,124,124,139,158,191,191,208,208,313,313,324,334,344,356,356,416,416,429,429,39,39,56,56,56,56,159,159,176,176,176,276,15,15,29,46,46,66,83,47,47,67,67,67],"floor_reached":51,"playtime":2851,"items_purged":["Regret"],"score":658,"play_id":"6b0598ae-c661-4dcd-8dec-9cb37385126d","local_time":"20190325011715","is_ascension_mode":false,"campfire_choices":[{"data":"Juggernaut","floor":6.0,"key":"SMITH"},{"data":"Armaments","floor":13.0,"key":"SMITH"},{"data":"Perfected Strike","floor":15.0,"key":"SMITH"},{"data":"Perfected Strike","floor":24.0,"key":"SMITH"},{"floor":28.0,"key":"REST"},{"data":"Offering","floor":30.0,"key":"SMITH"},{"data":"Disarm","floor":32.0,"key":"SMITH"},{"data":"Iron Wave","floor":40.0,"key":"PURGE"},{"floor":47.0,"key":"REST"},{"data":"Heavy Blade","floor":49.0,"key":"SMITH"}],"neow_cost":"CURSE","seed_source_timestamp":884788513075418,"circlet_count":0,"master_deck":["Strike_R+1","Strike_R+1","Strike_R+1","Strike_R+1","Strike_R+1","Defend_R+1","Defend_R+1","Defend_R+1","Armaments+1","Perfected Strike+1","Juggernaut+1","Perfected Strike+1","Disarm+1","Pommel Strike","Iron Wave","Twin Strike","Headbutt","Offering+1","Ghostly Armor+1","Twin Strike","Twin Strike","Swift Strike","Clash","Shrug It Off","Wild Strike+1","Rupture+1","Perfected Strike","True Grit+1","Disarm","Heavy Blade+1"],"special_seed":0,"relics":["Black Blood","Nunchaku","Bottled Lightning","Magic Flower","Pocketwatch","Tiny Chest","Bag of Preparation","Brimstone","Empty Cage","Peace Pipe","Matryoshka","Happy Flower","Meat on the Bone"],"potions_floor_usage":[50,50,50],"damage_taken":[{"damage":9.0,"enemies":"Cultist","floor":1.0,"turns":4.0},{"damage":1.0,"enemies":"2 Louse","floor":2.0,"turns":3.0},{"damage":0.0,"enemies":"Small Slimes","floor":3.0,"turns":3.0},{"damage":25.0,"enemies":"3 Sentries","floor":7.0,"turns":8.0},{"damage":5.0,"enemies":"Looter","floor":8.0,"turns":2.0},{"damage":11.0,"enemies":"Red Slaver","floor":10.0,"turns":4.0},{"damage":5.0,"enemies":"3 Louse","floor":11.0,"turns":3.0},{"damage":15.0,"enemies":"Gremlin Nob","floor":12.0,"turns":4.0},{"damage":0.0,"enemies":"Exordium Thugs","floor":14.0,"turns":4.0},{"damage":24.0,"enemies":"The Guardian","floor":16.0,"turns":9.0},{"damage":16.0,"enemies":"Spheric Guardian","floor":18.0,"turns":3.0},{"damage":22.0,"enemies":"3 Byrds","floor":19.0,"turns":5.0},{"damage":16.0,"enemies":"Sentry and Sphere","floor":20.0,"turns":3.0},{"damage":15.0,"enemies":"Centurion and Healer","floor":21.0,"turns":5.0},{"damage":45.0,"enemies":"Slavers","floor":23.0,"turns":7.0},{"damage":22.0,"enemies":"Shelled Parasite and Fungi","floor":25.0,"turns":4.0},{"damage":0.0,"enemies":"Snake Plant","floor":29.0,"turns":2.0},{"damage":28.0,"enemies":"Collector","floor":33.0,"turns":6.0},{"damage":7.0,"enemies":"3 Shapes","floor":35.0,"turns":4.0},{"damage":29.0,"enemies":"Mind Bloom Boss Battle","floor":38.0,"turns":6.0},{"damage":0.0,"enemies":"Orb Walker","floor":41.0,"turns":2.0},{"damage":6.0,"enemies":"Transient","floor":42.0,"turns":5.0},{"damage":9.0,"enemies":"Spire Growth","floor":44.0,"turns":4.0},{"damage":36.0,"enemies":"4 Shapes","floor":45.0,"turns":5.0},{"damage":40.0,"enemies":"3 Darklings","floor":48.0,"turns":3.0},{"damage":81,"enemies":"Donu and Deca","floor":50,"turns":7}],"seed_played":"4779295255219608418","potions_obtained":[{"floor":7.0,"key":"BloodPotion"},{"floor":10.0,"key":"SpeedPotion"},{"floor":11.0,"key":"Swift Potion"},{"floor":12.0,"key":"EssenceOfSteel"},{"floor":16.0,"key":"Explosive Potion"},{"floor":19.0,"key":"Fire Potion"},{"floor":20.0,"key":"Ancient Potion"},{"floor":29.0,"key":"BloodPotion"},{"floor":33.0,"key":"Swift Potion"},{"floor":35.0,"key":"Regen Potion"},{"floor":45.0,"key":"Weak Potion"},{"floor":48.0,"key":"SteroidPotion"}],"is_trial":false,"path_per_floor":["M","M","M","$","?","R","E","M","T","M","M","E","R","M","R","B",null,"M","M","M","M","?","E","R","M","T","$","R","M","R","?","R","B",null,"M","?","?","?","$","R","M","M","T","M","M","$","R","M","R","B",null],"character_chosen":"IRONCLAD","items_purchased":["Brimstone","Twin Strike","Swift Strike","Fire Potion","Matryoshka","Disarm"],"campfire_rested":2,"item_purchase_floors":[27,27,27,27,39,46],"current_hp_per_floor":[77,80,80,80,80,80,61,70,70,68,72,66,66,75,75,60,80,79,72,71,71,71,41,41,34,34,34,58,73,73,73,73,60,80,80,80,80,80,80,80,80,80,80,80,59,59,80,73,73,37],"gold":67,"neow_bonus":"ONE_RARE_RELIC","is_prod":false,"is_daily":false,"chose_seed":false,"campfire_upgraded":7,"win_rate":0,"timestamp":1553501835,"path_taken":["M","M","M","$","?","R","E","M","T","M","M","E","R","M","R","BOSS","M","?","M","M","?","E","R","M","T","$","R","M","R","?","R","BOSS","M","?","?","?","$","R","M","M","T","M","M","$","R","M","R","BOSS"],"build_version":"2019-01-23","purchased_purges":1,"victory":true,"max_hp_per_floor":[80,80,80,80,80,80,80,80,80,80,80,80,80,80,80,80,80,80,80,80,80,80,80,80,80,80,80,80,80,80,80,80,80,80,80,80,80,80,80,80,80,80,80,80,80,80,80,80,80,80],"card_choices":[{"not_picked":["Warcry","Thunderclap"],"picked":"Armaments","floor":1.0},{"not_picked":["Armaments","Pommel Strike"],"picked":"Perfected Strike","floor":2.0},{"not_picked":["Blood for Blood","Clothesline"],"picked":"Iron Wave","floor":3.0},{"not_picked":["Clothesline","Feel No Pain"],"picked":"Perfected Strike","floor":7.0},{"not_picked":["Demon Form","Bloodletting"],"picked":"Disarm","floor":8.0},{"not_picked":["Headbutt","Power Through"],"picked":"Pommel Strike","floor":10.0},{"not_picked":["Sword Boomerang","Hemokinesis"],"picked":"Iron Wave","floor":11.0},{"not_picked":["Infernal Blade","True Grit"],"picked":"Twin Strike","floor":12.0},{"not_picked":["Whirlwind","Heavy Blade"],"picked":"Headbutt","floor":14.0},{"not_picked":["Reaper","Impervious"],"picked":"Offering","floor":16.0},{"not_picked":["Pummel","Rupture"],"picked":"Uppercut","floor":18.0},{"not_picked":["Sword Boomerang","Iron Wave"],"picked":"Ghostly Armor+1","floor":19.0},{"not_picked":["Evolve","Combust"],"picked":"Twin Strike","floor":20.0},{"not_picked":["Anger","Armaments+1","Carnage"],"picked":"SKIP","floor":21.0},{"not_picked":["Warcry","Heavy Blade"],"picked":"Iron Wave","floor":23.0},{"not_picked":["Combust","Armaments+1","Second Wind"],"picked":"SKIP","floor":25.0},{"not_picked":["Infernal Blade","Havoc"],"picked":"Clash","floor":29.0},{"not_picked":["Combust","Iron Wave+1"],"picked":"Shrug It Off","floor":35.0},{"not_picked":["Feel No Pain","Bloodletting+1"],"picked":"Wild Strike+1","floor":41.0},{"not_picked":["True Grit+1","Power Through"],"picked":"Rupture+1","floor":42.0},{"not_picked":["Searing Blow","Sever Soul"],"picked":"Perfected Strike","floor":44.0},{"not_picked":["Thunderclap","Clothesline+1"],"picked":"True Grit+1","floor":45.0},{"not_picked":["Pummel+1","Power Through"],"picked":"Heavy Blade","floor":48.0}],"player_experience":217582,"relics_obtained":[{"floor":7.0,"key":"Bottled Lightning"},{"floor":9.0,"key":"Magic Flower"},{"floor":12.0,"key":"Pocketwatch"},{"floor":23.0,"key":"Tiny Chest"},{"floor":26.0,"key":"Bag of Preparation"},{"floor":38.0,"key":"Peace Pipe"},{"floor":43.0,"key":"Happy Flower"},{"floor":43.0,"key":"Meat on the Bone"}],"event_choices":[{"damage_healed":0.0,"max_hp_gain":0.0,"max_hp_loss":0.0,"gold_gain":0.0,"cards_transformed":["Defend_R"],"event_name":"Transmorgrifier","player_choice":"Transformed","floor":5.0,"gold_loss":0.0,"damage_taken":0.0,"cards_obtained":["Juggernaut"]},{"damage_healed":0.0,"max_hp_gain":0.0,"max_hp_loss":0.0,"gold_gain":0.0,"event_name":"Ghosts","player_choice":"Ignored","floor":22.0,"gold_loss":0.0,"damage_taken":0.0},{"damage_healed":0.0,"max_hp_gain":0.0,"max_hp_loss":0.0,"gold_gain":0.0,"event_name":"Back to Basics","player_choice":"Simplicity","floor":31.0,"gold_loss":0.0,"damage_taken":0.0,"cards_upgraded":["Strike_R","Strike_R","Strike_R","Strike_R","Strike_R","Defend_R","Defend_R","Defend_R"]},{"damage_healed":0.0,"max_hp_gain":0.0,"max_hp_loss":0.0,"gold_gain":0.0,"event_name":"SensoryStone","player_choice":"Memory 1","floor":36.0,"gold_loss":0.0,"damage_taken":0.0},{"cards_removed":["Uppercut"],"damage_healed":0.0,"max_hp_gain":0.0,"max_hp_loss":0.0,"gold_gain":0.0,"event_name":"Falling","player_choice":"Removed Attack","floor":37.0,"gold_loss":0.0,"damage_taken":0.0},{"damage_healed":0.0,"max_hp_gain":0.0,"max_hp_loss":0.0,"gold_gain":0.0,"event_name":"MindBloom","player_choice":"Fight","floor":38.0,"gold_loss":0.0,"damage_taken":0.0}],"is_beta":false,"boss_relics":[{"not_picked":["Cursed Key","Runic Pyramid"],"picked":"Black Blood"},{"not_picked":["Runic Dome","Busted Crown"],"picked":"Empty Cage"}],"items_purged_floors":[4],"is_endless":false,"potions_floor_spawned":[7,10,11,12,16,19,20,29,33,35,45,48],"ascension_level":0}