{"path_per_floor":["M","?","?","M","M","E","R","E","T","M","M","?","M","M","R","B",null,"M","$","?","?","M","R","E","R","T","M","M","T","R","E","R","B",null,"M","?","$","?","M","R","M","M","T","$"],"character_chosen":"THE_SILENT","items_purchased":["Kunai","Noxious Fumes","Deadly Poison","Letter Opener"],"gold_per_floor":[109,109,109,127,137,164,164,189,215,234,245,304,320,332,332,432,432,452,44,44,44,55,55,117,117,117,133,145,172,172,203,203,304,304,320,320,73,73,90,90,106,120,120,20],"floor_reached":45,"campfire_rested":5,"playtime":1874,"current_hp_per_floor":[70,70,70,70,68,48,69,55,55,50,50,36,32,32,53,33,70,66,66,66,53,52,52,41,63,63,54,31,31,53,43,43,55,75,46,46,46,37,36,58,37,4,4,4],"items_purged":["Strike_G","Strike_G"],"gold":20,"score":415,"play_id":"ef825d6b-8477-4db1-a570-455331f90af5","is_prod":false,"is_daily":false,"is_ascension_mode":false,"campfire_upgraded":2,"path_taken":["M","?","?","M","M","E","R","E","T","M","M","?","M","M","R","BOSS","M","$","?","?","M","R","E","R","T","M","M","?","R","E","R","BOSS","M","?","$","?","M","R","M","M","T","$","M"],"build_version":"2018-02-12-PROD1","purchased_purges":2,"victory":false,"master_deck":["Defend_G","Defend_G","Defend_G","Defend_G","Strike_G","Survivor","Neutralize","Calculated Gamble","Dramatic Entrance","Poisoned Stab","Poisoned Stab","Heel Hook","Noxious Fumes","Infinite Blades+1","Accuracy","Quick Slash","A Thousand Cuts+1","Sucker Punch+1","Noxious Fumes","Deadly Poison","Predator+1","Accuracy","Parasite","Blade Dance","Cloak And Dagger","Regret","Envenom","Madness","Madness","Deadly Poison","Adrenaline","Parasite"],"max_hp_per_floor":[70,70,70,70,70,70,70,70,70,70,70,70,70,70,70,70,70,70,70,70,75,75,75,75,75,75,75,75,75,75,75,75,75,75,75,75,75,75,75,75,75,75,75,75],"relics":["Ring of the Snake","Orichalcum","Ninja Scroll","Lantern","Pantograph","Cursed Key","Kunai","Tiny Chest","Bag of Marbles","Ancient Tea Set","Happy Flower","The Specimen","Letter Opener","Ginger"],"card_choices":[{"not_picked":["Masterful Stab","Bouncing Flask"],"picked":"Calculated Gamble"},{"not_picked":["Malaise","Dagger Throw"],"picked":"Poisoned Stab"},{"not_picked":["Doppelganger","Endless Agony"],"picked":"Poisoned Stab"},{"not_picked":["Distraction","Dagger Throw"],"picked":"Heel Hook"},{"not_picked":["Backflip","Well Laid Plans"],"picked":"Noxious Fumes"},{"not_picked":["Blade Dance","Terror"],"picked":"Infinite Blades"},{"not_picked":["Bane","Underhanded Strike"],"picked":"Accuracy"},{"not_picked":["Endless Agony","Sucker Punch"],"picked":"Quick Slash"},{"not_picked":["Bullet Time","Tactician"],"picked":"A Thousand Cuts"},{"not_picked":["Slice","Reflex"],"picked":"Sucker Punch"},{"not_picked":["Dagger Spray","Eviscerate"],"picked":"Predator"},{"not_picked":["Backstab","Bane"],"picked":"Accuracy"},{"not_picked":["Caltrops","Choke"],"picked":"Blade Dance"},{"not_picked":["Predator","Adrenaline"],"picked":"Cloak And Dagger"},{"not_picked":["Doppelganger","Venomology"],"picked":"Envenom"},{"not_picked":["Footwork","Sucker Punch"],"picked":"Deadly Poison"},{"not_picked":["Sucker Punch","Outmaneuver"],"picked":"Adrenaline"}],"player_experience":86680,"potions_floor_usage":[6,12,12,22,24,41,41],"damage_taken":[{"damage":0,"enemies":"2 Louse","floor":1,"turns":4},{"damage":0,"enemies":"Cultist","floor":4,"turns":5},{"damage":2,"enemies":"Small Slimes","floor":5,"turns":3},{"damage":20,"enemies":"3 Sentries","floor":6,"turns":7},{"damage":14,"enemies":"Gremlin Nob","floor":8,"turns":5},{"damage":5,"enemies":"Exordium Wildlife","floor":10,"turns":2},{"damage":0,"enemies":"3 Louse","floor":11,"turns":3},{"damage":14,"enemies":"Lagavulin Event","floor":12,"turns":5},{"damage":4,"enemies":"Exordium Thugs","floor":13,"turns":4},{"damage":0,"enemies":"Looter","floor":14,"turns":1},{"damage":37,"enemies":"Hexaghost","floor":16,"turns":8},{"damage":4,"enemies":"Chosen","floor":18,"turns":3},{"damage":1,"enemies":"Shell Parasite","floor":22,"turns":3},{"damage":11,"enemies":"Gremlin Leader","floor":24,"turns":5},{"damage":9,"enemies":"Chosen and Byrds","floor":27,"turns":4},{"damage":23,"enemies":"Snake Plant","floor":28,"turns":3},{"damage":10,"enemies":"Slavers","floor":31,"turns":4},{"damage":13,"enemies":"Champ","floor":33,"turns":9},{"damage":29,"enemies":"3 Darklings","floor":35,"turns":6},{"damage":1,"enemies":"Orb Walker","floor":39,"turns":2},{"damage":21,"enemies":"4 Shapes","floor":41,"turns":4},{"damage":33,"enemies":"3 Darklings","floor":42,"turns":4},{"damage":10,"enemies":"Sphere and 2 Shapes","floor":45,"turns":3}],"event_choices":[{"event_name":"The Lab","player_choice":"Got Potions","floor":2,"damage_taken":0},{"event_name":"Match and Keep!","player_choice":"1 cards matched","floor":3,"damage_taken":0},{"event_name":"Dead Adventurer","player_choice":"Searched \u00272\u0027 times","floor":12,"damage_taken":0},{"event_name":"Wheel of Change","player_choice":"Card Removal","floor":20,"damage_taken":0},{"event_name":"Forgotten Altar","player_choice":"Shed Blood","floor":21,"damage_taken":0},{"event_name":"Winding Halls","player_choice":"Embrace Madness","floor":38,"damage_taken":0}],"boss_relics":[{"not_picked":["Eternal Feather","Runic Pyramid"],"picked":"Cursed Key"},{"not_picked":["Orrery","Calling Bell"],"picked":"The Specimen"}],"potions_floor_spawned":[1,8,10,11,22,33,35,39],"seed_played":"7119235965091958893","killed_by":"Sphere and 2 Shapes","ascension_level":0,"is_trial":false}