{"gold_per_floor":[110,125,50,0,0,0,25,25,74,74,74,93,93,114,114,245,245,258,258,258,10,21,21],"floor_reached":23,"playtime":699,"items_purged":["Strike_R"],"score":233,"play_id":"7b18fe51-7664-4ad3-8fed-b50d05fa1234","local_time":"20181104124715","is_ascension_mode":true,"campfire_choices":[{"data":"Anger","floor":6,"key":"SMITH"},{"data":"Rage","floor":11,"key":"SMITH"},{"data":"Burning Pact","floor":13,"key":"SMITH"},{"data":"Bash","floor":15,"key":"SMITH"}],"neow_cost":"NONE","seed_source_timestamp":210551630612598,"circlet_count":0,"master_deck":["Defend_R","Defend_R","Defend_R","Bash+1","Anger+1","Headbutt","Rage+1","Burning Pact+1","Anger","Brutality","Whirlwind+1","Exhume+1","Juggernaut+1","Shrug It Off+1","Fire Breathing","Blood for Blood","Metallicize+1"],"relics":["Burning Blood","NeowsBlessing","Question Card","Juzu Bracelet","Bloody Idol","Astrolabe","Strange Spoon"],"potions_floor_usage":[14,16],"damage_taken":[{"damage":0,"enemies":"Small Slimes","floor":1,"turns":1},{"damage":0,"enemies":"2 Louse","floor":2,"turns":1},{"damage":0,"enemies":"3 Sentries","floor":7,"turns":1},{"damage":0,"enemies":"Jaw Worm","floor":12,"turns":3},{"damage":9,"enemies":"Blue Slaver","floor":14,"turns":3},{"damage":25,"enemies":"Hexaghost","floor":16,"turns":8},{"damage":2,"enemies":"3 Byrds","floor":18,"turns":3},{"damage":36,"enemies":"Spheric Guardian","floor":22,"turns":4},{"damage":53,"enemies":"Gremlin Leader","floor":23,"turns":5}],"seed_played":"5175092863380934526","potions_obtained":[{"floor":2,"key":"SteroidPotion"},{"floor":12,"key":"Weak Potion"},{"floor":16,"key":"Energy Potion"},{"floor":18,"key":"Energy Potion"},{"floor":22,"key":"SkillPotion"}],"is_trial":false,"path_per_floor":["M","M","$","?","?","R","E","?","T","?","R","M","R","M","R","B",null,"M","?","?","$","M","E"],"character_chosen":"IRONCLAD","items_purchased":["Strange Spoon","Blood for Blood"],"campfire_rested":0,"item_purchase_floors":[21,21],"current_hp_per_floor":[80,80,80,80,80,80,80,73,73,53,53,59,59,56,56,37,80,80,80,80,80,55,2],"gold":21,"neow_bonus":"THREE_ENEMY_KILL","is_prod":false,"is_daily":false,"chose_seed":false,"campfire_upgraded":4,"win_rate":0,"timestamp":1541357235,"path_taken":["M","M","$","?","?","R","E","?","T","?","R","M","R","M","R","BOSS","M","?","?","$","M","E"],"build_version":"2018-11-01","purchased_purges":1,"victory":false,"max_hp_per_floor":[80,80,80,80,80,80,80,80,80,80,80,80,80,80,80,80,80,80,80,80,80,80,80],"card_choices":[{"not_picked":["Wild Strike","Rage"],"picked":"Anger","floor":1},{"not_picked":["Fire Breathing","Burning Pact"],"picked":"Headbutt","floor":2},{"not_picked":["Cleave","Evolve"],"picked":"Rage","floor":7},{"not_picked":["Body Slam","Heavy Blade","Whirlwind"],"picked":"Burning Pact","floor":12},{"not_picked":["Iron Wave","Headbutt","Fire Breathing"],"picked":"Anger","floor":14},{"not_picked":["Barricade","Fiend Fire","Berserk"],"picked":"Brutality","floor":16},{"not_picked":["Wild Strike","Twin Strike","Clash"],"picked":"Shrug It Off+1","floor":18},{"not_picked":["Wild Strike","Whirlwind","Shrug It Off"],"picked":"Metallicize+1","floor":22}],"player_experience":275494,"relics_obtained":[{"floor":7,"key":"Question Card"},{"floor":9,"key":"Juzu Bracelet"}],"event_choices":[{"cards_removed":["Strike_R"],"damage_healed":0,"gold_gain":0,"player_choice":"Card Removal","damage_taken":0,"max_hp_gain":0,"max_hp_loss":0,"event_name":"The Cleric","floor":4,"gold_loss":50},{"damage_healed":0,"gold_gain":0,"player_choice":"Ignored","damage_taken":0,"max_hp_gain":0,"max_hp_loss":0,"event_name":"Liars Game","floor":5,"gold_loss":0},{"cards_removed":["Strike_R"],"damage_healed":0,"gold_gain":0,"player_choice":"Card Removal","damage_taken":7,"max_hp_gain":0,"max_hp_loss":0,"event_name":"Golden Wing","floor":8,"gold_loss":0},{"damage_healed":0,"gold_gain":0,"player_choice":"Take Damage","damage_taken":20,"relics_obtained":["Golden Idol"],"max_hp_gain":0,"max_hp_loss":0,"event_name":"Golden Idol","floor":10,"gold_loss":0},{"damage_healed":0,"gold_gain":0,"player_choice":"Gave Idol","damage_taken":0,"relics_obtained":["Bloody Idol"],"max_hp_gain":0,"max_hp_loss":0,"event_name":"Forgotten Altar","floor":19,"relics_lost":["Golden Idol"],"gold_loss":0},{"damage_healed":0,"gold_gain":0,"player_choice":"Read","damage_taken":0,"max_hp_gain":0,"max_hp_loss":0,"event_name":"The Library","floor":20,"gold_loss":0,"cards_obtained":["Fire Breathing"]}],"is_beta":false,"boss_relics":[{"not_picked":["Runic Cube","Runic Dome"],"picked":"Astrolabe"}],"items_purged_floors":[3],"is_endless":false,"potions_floor_spawned":[2,12,16,18,22],"killed_by":"Gremlin Leader","ascension_level":2}