{"gold_per_floor":[110,110,122,197,209,236,2,31,55,68,68,53],"floor_reached":12,"playtime":944,"items_purged":[],"score":92,"play_id":"0a8709fc-abdf-41b2-8248-0ad9548c43f4","local_time":"20190314202433","is_ascension_mode":true,"campfire_choices":[],"neow_cost":"NONE","seed_source_timestamp":4272202646926,"circlet_count":0,"master_deck":["Strike_B","Strike_B","Strike_B","Strike_B","Defend_B","Defend_B","Defend_B","Defend_B","Zap","Dualcast","Redo","Meteor Strike","Zap","Force Field","Sunder","Steam Power","Hologram+1","Static Discharge","Doom and Gloom"],"relics":["Cracked Core","Oddly Smooth Stone","MawBank","Mummified Hand","Happy Flower","Centennial Puzzle"],"potions_floor_usage":[6,8,10],"damage_taken":[{"damage":0,"enemies":"Cultist","floor":1,"turns":3},{"damage":0,"enemies":"Jaw Worm","floor":3,"turns":3},{"damage":0,"enemies":"Small Slimes","floor":5,"turns":2},{"damage":32,"enemies":"3 Sentries","floor":6,"turns":8},{"damage":31,"enemies":"Lagavulin","floor":8,"turns":7},{"damage":0,"enemies":"Looter","floor":10,"turns":1},{"damage":4,"enemies":"Exordium Thugs","floor":12,"turns":1}],"seed_played":"-9142070736858149176","potions_obtained":[{"floor":3,"key":"PowerPotion"},{"floor":6,"key":"SkillPotion"},{"floor":8,"key":"AttackPotion"}],"is_trial":false,"path_per_floor":["?","M","?","$","?"],"character_chosen":"DEFECT","items_purchased":["Mummified Hand"],"campfire_rested":0,"item_purchase_floors":[7],"current_hp_per_floor":[75,75,75,64,64,32,32,1,1,1,1,0],"gold":53,"neow_bonus":"RANDOM_COMMON_RELIC","is_prod":false,"is_daily":false,"chose_seed":false,"campfire_upgraded":0,"win_rate":1,"timestamp":1552591473,"path_taken":["M","?","?","?","M","E","?","E","T","M","?","M"],"build_version":"2019-01-23","purchased_purges":0,"victory":false,"max_hp_per_floor":[75,75,75,75,75,75,75,75,75,75,75,75],"card_choices":[{"not_picked":["Hologram","Melter"],"picked":"Redo","floor":1},{"not_picked":["Ball Lightning","Turbo"],"picked":"Sunder","floor":3},{"not_picked":["Leap","Gash"],"picked":"Steam Power","floor":5},{"not_picked":["Rebound","Barrage"],"picked":"Hologram","floor":6},{"not_picked":["Rebound","Auto Shields"],"picked":"Static Discharge","floor":8},{"not_picked":["Cold Snap","Coolheaded"],"picked":"Doom and Gloom","floor":10}],"player_experience":87538,"relics_obtained":[{"floor":6,"key":"MawBank"},{"floor":8,"key":"Happy Flower"},{"floor":9,"key":"Centennial Puzzle"}],"event_choices":[{"damage_healed":0,"gold_gain":0,"player_choice":"3 cards matched","damage_taken":0,"max_hp_gain":0,"max_hp_loss":0,"event_name":"Match and Keep!","floor":2,"gold_loss":0,"cards_obtained":["Meteor Strike","Zap","Force Field"]},{"damage_healed":0,"gold_gain":75,"player_choice":"Gather Gold","damage_taken":11,"max_hp_gain":0,"max_hp_loss":0,"event_name":"World of Goop","floor":4,"gold_loss":0},{"damage_healed":0,"gold_gain":0,"player_choice":"Grow","damage_taken":0,"max_hp_gain":0,"max_hp_loss":0,"event_name":"Living Wall","floor":11,"gold_loss":0,"cards_upgraded":["Hologram"]}],"is_beta":false,"boss_relics":[],"items_purged_floors":[],"is_endless":false,"potions_floor_spawned":[3,6,8],"killed_by":"Exordium Thugs","ascension_level":1}