{"gold_per_floor":[110,35,35,35,55,83,83,93,140,158,175,175,60,110,110,206,206,224,274,274,85,161,161,174,174,198,248,265,280,330],"floor_reached":30,"playtime":971,"items_purged":["Injury"],"score":288,"play_id":"bcf2c592-1ab0-49b6-9ed5-9941ccea90a6","local_time":"20181103023327","is_ascension_mode":true,"campfire_choices":[{"floor":7,"key":"REST"},{"floor":15,"key":"REST"},{"floor":23,"key":"REST"},{"floor":25,"key":"REST"}],"neow_cost":"CURSE","seed_source_timestamp":83451447232816,"circlet_count":0,"master_deck":["Zap","Dualcast","Echo Form","Loop","Leap","Ball Lightning","Stack","Capacitor","Auto Shields","Static Discharge","Leap","Cold Snap+1","Reboot","Sweeping Beam","Rebound","Steam","Beam Cell+1","Compile Driver","Storm+1","Streamline","Redo","Loop+1","Loop+1","Amplify","Biased Cognition+1","Hello World+1","Ball Lightning","Fusion"],"relics":["Cracked Core","DataDisk","Dream Catcher","SsserpentHead","Frozen Egg 2","Pandora\u0027s Box","Omamori","Lantern","Whetstone"],"potions_floor_usage":[6,10,16,20,24,28,30],"damage_taken":[{"damage":10,"enemies":"Cultist","floor":1,"turns":4},{"damage":15,"enemies":"2 Louse","floor":5,"turns":3},{"damage":21,"enemies":"Lagavulin","floor":6,"turns":6},{"damage":12,"enemies":"Jaw Worm","floor":8,"turns":3},{"damage":12,"enemies":"3 Louse","floor":10,"turns":3},{"damage":20,"enemies":"Exordium Thugs","floor":11,"turns":4},{"damage":9,"enemies":"Hexaghost","floor":16,"turns":11},{"damage":8,"enemies":"Spheric Guardian","floor":18,"turns":5},{"damage":0,"enemies":"2 Thieves","floor":20,"turns":1},{"damage":47,"enemies":"Centurion and Healer","floor":24,"turns":6},{"damage":18,"enemies":"3 Cultists","floor":28,"turns":4},{"damage":18,"enemies":"Chosen and Byrds","floor":29,"turns":3},{"damage":23,"enemies":"Centurion and Healer","floor":30,"turns":1}],"seed_played":"-6885756485693835695","potions_obtained":[{"floor":1,"key":"SteroidPotion"},{"floor":6,"key":"Fire Potion"},{"floor":11,"key":"Explosive Potion"},{"floor":18,"key":"PowerPotion"},{"floor":19,"key":"SmokeBomb"},{"floor":19,"key":"SkillPotion"},{"floor":24,"key":"Strength Potion"},{"floor":29,"key":"Regen Potion"}],"is_trial":false,"path_per_floor":["M","$","?","?","M","E","R","M","T","M","M","?","$","T","R","B",null,"M","?","M","$","T","R","M","R","T","T","M","M","M"],"character_chosen":"DEFECT","items_purchased":["Static Discharge","Leap","Loop+1","Amplify"],"campfire_rested":4,"item_purchase_floors":[13,13,21,21],"current_hp_per_floor":[65,65,65,65,50,29,51,39,39,27,7,7,7,7,29,20,61,53,53,53,53,53,75,28,50,50,50,32,14,0],"gold":330,"neow_bonus":"THREE_RARE_CARDS","is_prod":false,"is_daily":false,"chose_seed":false,"campfire_upgraded":0,"win_rate":0,"timestamp":1541230407,"path_taken":["M","$","?","?","M","E","R","M","T","M","?","?","$","?","R","BOSS","M","?","M","$","?","R","M","R","T","?","M","M","?"],"build_version":"2018-11-01","purchased_purges":1,"victory":false,"max_hp_per_floor":[75,75,75,75,75,75,75,75,75,75,75,75,75,75,75,75,75,75,75,75,75,75,75,75,75,75,75,75,75,75],"card_choices":[{"not_picked":["Multi-Cast","Hyperbeam"],"picked":"Echo Form","floor":0},{"not_picked":["Chaos","Consume"],"picked":"Loop","floor":1},{"not_picked":["Gash","Steam"],"picked":"Leap","floor":5},{"not_picked":["Reprogram","FTL"],"picked":"Ball Lightning","floor":6},{"not_picked":["Rebound","Reinforced Body"],"picked":"Stack","floor":8},{"not_picked":["Storm","Hello World"],"picked":"Capacitor","floor":10},{"not_picked":["Streamline","Go for the Eyes"],"picked":"Auto Shields","floor":11},{"not_picked":["Steam","Consume"],"picked":"Cold Snap","floor":15},{"not_picked":["All For One","Meteor Strike"],"picked":"Reboot","floor":16},{"not_picked":["Ball Lightning","Stack"],"picked":"Loop+1","floor":18},{"not_picked":["Go for the Eyes+1","Steam"],"picked":"Biased Cognition+1","floor":23},{"not_picked":["Aggregate+1","Rebound","Recycle+1"],"picked":"SKIP","floor":24},{"not_picked":["Leap+1","Go for the Eyes"],"picked":"Hello World+1","floor":25},{"not_picked":["Coolheaded","Rip and Tear"],"picked":"Ball Lightning","floor":28},{"not_picked":["Rebound","Reprogram"],"picked":"Fusion","floor":29}],"player_experience":259734,"relics_obtained":[{"floor":6,"key":"DataDisk"},{"floor":9,"key":"Dream Catcher"},{"floor":14,"key":"Frozen Egg 2"},{"floor":22,"key":"Omamori"},{"floor":26,"key":"Lantern"},{"floor":27,"key":"Whetstone"}],"event_choices":[{"damage_healed":0,"gold_gain":0,"player_choice":"Leave","damage_taken":0,"max_hp_gain":0,"max_hp_loss":0,"event_name":"The Cleric","floor":3,"gold_loss":0},{"damage_healed":0,"gold_gain":0,"player_choice":"Ignored","damage_taken":0,"max_hp_gain":0,"max_hp_loss":0,"event_name":"Shining Light","floor":4,"gold_loss":0},{"damage_healed":0,"gold_gain":0,"player_choice":"Trade","damage_taken":0,"relics_obtained":["SsserpentHead"],"max_hp_gain":0,"max_hp_loss":0,"event_name":"FaceTrader","floor":12,"gold_loss":0},{"damage_healed":0,"gold_gain":0,"player_choice":"Got Potions","damage_taken":0,"max_hp_gain":0,"max_hp_loss":0,"event_name":"Lab","floor":19,"gold_loss":0}],"is_beta":false,"boss_relics":[{"not_picked":["Coffee Dripper","Velvet Choker"],"picked":"Pandora\u0027s Box"}],"items_purged_floors":[2],"is_endless":false,"potions_floor_spawned":[1,6,11,18,24,29],"killed_by":"Centurion and Healer","ascension_level":5}