{"gold_per_floor":[112,131,147,147,97,97,122,122,201,218,238,238,253,263,263,263],"floor_reached":16,"playtime":494,"items_purged":[],"score":104,"play_id":"bd268609-0166-4138-a62c-6152c07b8838","local_time":"20181020172813","is_ascension_mode":false,"campfire_choices":[{"data":"Ball Lightning","floor":6,"key":"SMITH"},{"data":"Creative AI","floor":12,"key":"SMITH"},{"floor":15,"key":"REST"}],"neow_cost":"NONE","seed_source_timestamp":691731832744913,"circlet_count":0,"master_deck":["Strike_B","Strike_B","Defend_B","Defend_B+1","Defend_B","Defend_B+1","Zap","Dualcast","Ball Lightning+1","Ball Lightning","Static Discharge","Creative AI+1","White Noise"],"relics":["Cracked Core","Ancient Tea Set","Dream Catcher","Mummified Hand"],"potions_floor_usage":[7,13,16],"damage_taken":[{"damage":2,"enemies":"2 Louse","floor":1,"turns":3},{"damage":5,"enemies":"Small Slimes","floor":2,"turns":3},{"damage":8,"enemies":"Jaw Worm","floor":3,"turns":3},{"damage":14,"enemies":"Gremlin Nob","floor":7,"turns":3},{"damage":0,"enemies":"Exordium Wildlife","floor":10,"turns":2},{"damage":0,"enemies":"3 Louse","floor":11,"turns":3},{"damage":21,"enemies":"Gremlin Gang","floor":13,"turns":4},{"damage":0,"enemies":"2 Fungi Beasts","floor":14,"turns":2},{"damage":38,"enemies":"Slime Boss","floor":16,"turns":5}],"seed_played":"-1071642811144895011","potions_obtained":[{"floor":2,"key":"GamblersBrew"},{"floor":7,"key":"Poison Potion"},{"floor":14,"key":"Explosive Potion"}],"is_trial":false,"path_per_floor":["M","M","M","?","?","R","E","?","T","M","M","R","M","M","R"],"character_chosen":"DEFECT","items_purchased":[],"campfire_rested":1,"item_purchase_floors":[],"current_hp_per_floor":[73,68,60,60,60,60,46,31,31,31,31,31,10,10,32,0],"gold":263,"neow_bonus":"RANDOM_COMMON_RELIC","is_prod":false,"is_daily":false,"chose_seed":false,"campfire_upgraded":2,"win_rate":0.0,"timestamp":1540081693,"path_taken":["M","M","M","?","?","R","E","?","T","M","M","R","M","M","R","BOSS"],"build_version":"2018-10-18","purchased_purges":0,"victory":false,"max_hp_per_floor":[75,75,75,75,75,75,75,75,75,75,75,75,75,75,75,75],"card_choices":[{"not_picked":["Turbo","Leap"],"picked":"Ball Lightning","floor":1},{"not_picked":["Streamline","Double Energy","Cold Snap"],"picked":"SKIP","floor":2},{"not_picked":["Blizzard","Beam Cell"],"picked":"Ball Lightning","floor":3},{"not_picked":["Hologram","Barrage","Fusion"],"picked":"SKIP","floor":7},{"not_picked":["Rebound","Sweeping Beam"],"picked":"Static Discharge","floor":10},{"not_picked":["Skim","Barrage"],"picked":"Creative AI","floor":11},{"not_picked":["Compile Driver","Rebound","Scrape"],"picked":"SKIP","floor":13},{"not_picked":["Hologram","Streamline","Compile Driver"],"picked":"SKIP","floor":14},{"not_picked":["Lockon","Turbo"],"picked":"White Noise","floor":15}],"player_experience":104683,"relics_obtained":[{"floor":7,"key":"Dream Catcher"},{"floor":9,"key":"Mummified Hand"}],"event_choices":[{"cards_removed":["Strike_B"],"damage_healed":0,"gold_gain":0,"player_choice":"Forget","damage_taken":0,"max_hp_gain":0,"max_hp_loss":0,"event_name":"Living Wall","floor":4,"gold_loss":0},{"cards_removed":["Strike_B"],"damage_healed":0,"gold_gain":0,"player_choice":"Card Removal","damage_taken":0,"max_hp_gain":0,"max_hp_loss":0,"event_name":"The Cleric","floor":5,"gold_loss":50},{"damage_healed":0,"gold_gain":0,"player_choice":"Entered Light","damage_taken":15,"max_hp_gain":0,"max_hp_loss":0,"event_name":"Shining Light","floor":8,"gold_loss":0,"cards_upgraded":["Defend_B","Defend_B"]}],"is_beta":false,"boss_relics":[],"items_purged_floors":[],"is_endless":false,"potions_floor_spawned":[2,7,14],"killed_by":"Slime Boss","ascension_level":0}