{"gold_per_floor":[116,136,60,60,60,93,93,117,147,37,62,95,95,111,111,240,240,253,277,277],"floor_reached":20,"playtime":651,"items_purged":["Strike_B"],"score":272,"play_id":"97133a95-cc66-4230-9e7e-9a77e2f43f68","local_time":"20190129013946","is_ascension_mode":true,"campfire_choices":[{"data":"Streamline","floor":7,"key":"SMITH"},{"data":"Double Energy","floor":13,"key":"SMITH"},{"floor":15,"key":"REST"}],"neow_cost":"NONE","seed_source_timestamp":206060306020160,"circlet_count":0,"master_deck":["Strike_B","Strike_B","Strike_B","Defend_B","Defend_B","Defend_B","Defend_B","Zap","Dualcast","Hello World","Capacitor","Streamline+1","Capacitor","Loop","Gash","Double Energy+1","Loop","Echo Form","Loop","Glacier"],"relics":["Cracked Core","NeowsBlessing","Golden Idol","Symbiotic Virus","Tiny Chest","Bottled Tornado","White Beast Statue"],"potions_floor_usage":[11,11,16,19],"damage_taken":[{"damage":0,"enemies":"Small Slimes","floor":1,"turns":1},{"damage":0,"enemies":"Jaw Worm","floor":2,"turns":1},{"damage":0,"enemies":"Lagavulin","floor":6,"turns":1},{"damage":1,"enemies":"Cultist","floor":8,"turns":3},{"damage":1,"enemies":"Large Slime","floor":11,"turns":5},{"damage":33,"enemies":"3 Sentries","floor":12,"turns":5},{"damage":11,"enemies":"Looter","floor":14,"turns":2},{"damage":41,"enemies":"Hexaghost","floor":16,"turns":8},{"damage":26,"enemies":"Spheric Guardian","floor":18,"turns":4},{"damage":27,"enemies":"2 Thieves","floor":19,"turns":3},{"damage":17,"enemies":"Colosseum Slavers","floor":20,"turns":1}],"seed_played":"-3864025688677478183","potions_obtained":[{"floor":1,"key":"SteroidPotion"},{"floor":2,"key":"SkillPotion"},{"floor":8,"key":"PowerPotion"},{"floor":18,"key":"Weak Potion"},{"floor":19,"key":"PowerPotion"}],"is_trial":false,"path_per_floor":["M","M","$","?","?","E","R","M","T","$","M","E","R","M","R","B",null,"M","M","?"],"character_chosen":"DEFECT","items_purchased":["Capacitor","Loop"],"campfire_rested":1,"item_purchase_floors":[3,10],"current_hp_per_floor":[68,68,68,50,85,85,85,84,84,84,83,50,50,39,64,23,70,44,17,0],"gold":277,"neow_bonus":"THREE_ENEMY_KILL","is_prod":false,"is_daily":false,"chose_seed":false,"campfire_upgraded":2,"win_rate":0,"timestamp":1548747586,"path_taken":["M","M","$","?","?","E","R","M","T","$","?","E","R","M","R","BOSS","M","M","?"],"build_version":"2019-01-23","purchased_purges":1,"victory":false,"max_hp_per_floor":[75,75,75,75,85,85,85,85,85,85,85,85,85,85,85,85,85,85,85,85],"card_choices":[{"not_picked":["Skim","Coolheaded"],"picked":"Hello World","floor":1},{"not_picked":["Go for the Eyes","Barrage"],"picked":"Fission","floor":2},{"not_picked":["Beam Cell","BootSequence"],"picked":"Streamline","floor":6},{"not_picked":["Stack","Undo"],"picked":"Capacitor","floor":8},{"not_picked":["Sunder","BootSequence"],"picked":"Gash","floor":11},{"not_picked":["Barrage","Go for the Eyes"],"picked":"Double Energy","floor":12},{"not_picked":["Skim","Streamline"],"picked":"Loop","floor":14},{"not_picked":["Creative AI","All For One"],"picked":"Echo Form","floor":16},{"not_picked":["Fusion+1","Sweeping Beam"],"picked":"Loop","floor":18},{"not_picked":["Sweeping Beam","Undo+1"],"picked":"Glacier","floor":19}],"player_experience":366757,"relics_obtained":[{"floor":6,"key":"Symbiotic Virus"},{"floor":9,"key":"Tiny Chest"},{"floor":12,"key":"Bottled Tornado"}],"event_choices":[{"damage_healed":0,"gold_gain":0,"player_choice":"Take Damage","damage_taken":18,"relics_obtained":["Golden Idol"],"max_hp_gain":0,"max_hp_loss":0,"event_name":"Golden Idol","floor":4,"gold_loss":0},{"cards_removed":["Fission"],"damage_healed":25,"gold_gain":0,"player_choice":"Offered Rare","damage_taken":0,"max_hp_gain":10,"max_hp_loss":0,"event_name":"Bonfire Elementals","floor":5,"gold_loss":0},{"damage_healed":0,"gold_gain":0,"player_choice":"Fight","damage_taken":0,"max_hp_gain":0,"max_hp_loss":0,"event_name":"Colosseum","floor":20,"gold_loss":0}],"is_beta":false,"boss_relics":[{"not_picked":["Coffee Dripper","Eternal Feather"],"picked":"White Beast Statue"}],"items_purged_floors":[10],"is_endless":false,"potions_floor_spawned":[1,2,8,18,19],"killed_by":"Colosseum Slavers","ascension_level":6}