{"gold_per_floor":[118,118,44,64,64,103,103,128,178,217,59,59,100,123,123,123],"floor_reached":16,"playtime":731,"items_purged":["Strike_B"],"score":142,"play_id":"58a63551-7529-41c1-b2ba-448e4b58ffab","local_time":"20180707014256","is_ascension_mode":true,"campfire_choices":[{"floor":7,"key":"REST"},{"data":"Zap","floor":12,"key":"SMITH"},{"data":"Redo","floor":15,"key":"SMITH"}],"neow_cost":"","seed_source_timestamp":536118838726337,"circlet_count":0,"master_deck":["Strike_B","Strike_B","Defend_B","Defend_B","Defend_B","Defend_B","Zap+1","Dualcast","Leap","Self Repair","Coolheaded","Redo+1","Steam","Chill","Beam Cell","BootSequence","Conserve Battery","Hologram"],"relics":["Cracked Core","Golden Idol","Vajra","Potion Belt","Orichalcum","Strawberry"],"potions_floor_usage":[6],"damage_taken":[{"damage":11,"enemies":"2 Louse","floor":1,"turns":3},{"damage":7,"enemies":"Jaw Worm","floor":4,"turns":4},{"damage":29,"enemies":"3 Sentries","floor":6,"turns":12},{"damage":1,"enemies":"Small Slimes","floor":8,"turns":3},{"damage":31,"enemies":"Gremlin Nob","floor":10,"turns":5},{"damage":12,"enemies":"3 Sentries","floor":13,"turns":13},{"damage":0,"enemies":"Looter","floor":14,"turns":3},{"damage":31,"enemies":"Hexaghost","floor":16,"turns":9}],"seed_played":"-537137970603243091","potions_obtained":[{"floor":4,"key":"GamblersBrew"},{"floor":13,"key":"Dexterity Potion"}],"is_trial":false,"path_per_floor":["M","?","$","M","?","E","R","M","T","E","$","R","E","M","R"],"character_chosen":"DEFECT","items_purchased":["Self Repair","Beam Cell","BootSequence"],"campfire_rested":1,"item_purchase_floors":[3,11,11],"current_hp_per_floor":[64,46,46,46,39,17,39,45,45,21,21,21,23,30,30,0],"gold":123,"neow_bonus":"","is_prod":false,"is_daily":false,"chose_seed":false,"campfire_upgraded":2,"win_rate":0,"timestamp":1530952976,"path_taken":["M","?","$","M","?","E","R","M","T","E","$","R","E","M","R","BOSS"],"build_version":"2018-07-05","purchased_purges":1,"victory":false,"max_hp_per_floor":[75,75,75,75,75,75,75,75,75,75,75,75,82,82,82,82],"card_choices":[{"not_picked":["Double Energy","Stack"],"picked":"Leap","floor":1},{"not_picked":["Barrage","Stack"],"picked":"Coolheaded","floor":4},{"not_picked":["Tempest","Lockon"],"picked":"Redo","floor":6},{"not_picked":["Coolheaded","Compile Driver"],"picked":"Steam","floor":8},{"not_picked":["Rebound","Ball Lightning"],"picked":"Chill","floor":10},{"not_picked":["Stack","Meteor Strike"],"picked":"Conserve Battery","floor":13},{"not_picked":["Stack","Redo"],"picked":"Hologram","floor":14}],"player_experience":256509,"relics_obtained":[{"floor":6,"key":"Vajra"},{"floor":9,"key":"Potion Belt"},{"floor":10,"key":"Orichalcum"},{"floor":13,"key":"Strawberry"}],"event_choices":[{"event_name":"Golden Idol","player_choice":"Take Damage","floor":2,"damage_taken":0},{"event_name":"Golden Wing","player_choice":"Card Removal","floor":5,"damage_taken":0}],"boss_relics":[],"items_purged_floors":[11],"is_endless":false,"potions_floor_spawned":[4,13],"killed_by":"Hexaghost","ascension_level":4}