{"gold_per_floor":[116,141,91,102,64,64,97,97,97,97,111,59,59,75,75,173,173,186,202,88,88,19,19,39,39,64,163,183,211,211,270,270,370,370,381,105,205,218,233,233,233,62,62,62,77,77,36,36,36,36],"floor_reached":50,"playtime":3745,"items_purged":["Strike_R","Parasite"],"score":550,"play_id":"b22e35ef-e6c4-4fef-9113-4118e49e8d2f","local_time":"20190324122057","is_ascension_mode":true,"campfire_choices":[{"data":"Metallicize","floor":6.0,"key":"SMITH"},{"data":"Immolate","floor":8.0,"key":"SMITH"},{"data":"True Grit","floor":10.0,"key":"SMITH"},{"data":"Armaments","floor":13.0,"key":"SMITH"},{"data":"Bash","floor":15.0,"key":"SMITH"},{"data":"Metallicize","floor":23.0,"key":"SMITH"},{"data":"True Grit","floor":25.0,"key":"SMITH"},{"floor":30.0,"key":"REST"},{"floor":32.0,"key":"REST"},{"floor":40.0,"key":"REST"},{"data":"Iron Wave","floor":46.0,"key":"SMITH"},{"floor":49.0,"key":"REST"}],"neow_cost":"NONE","seed_source_timestamp":838090465337611,"circlet_count":0,"master_deck":["Strike_R+1","Strike_R+1","Strike_R+1","Defend_R+1","Defend_R+1","Defend_R+1","Defend_R+1","Bash+1","Pommel Strike","True Grit+1","Headbutt","Metallicize+1","Immolate+1","Bloodletting","True Grit+1","Metallicize","Metallicize+1","Iron Wave+1","Armaments+1","Reaper","Body Slam","Rage","Battle Trance","Metallicize","Berserk","Ghostly Armor+1","Headbutt","Barricade","Demon Form","Anger+1","Shrug It Off","Whirlwind","Wild Strike+1","Madness","Madness","Metallicize","Flex+1","Hemokinesis"],"special_seed":0,"relics":["Orrery","Vajra","Regal Pillow","Ice Cream","Black Star","Pen Nib","FossilizedHelix","Charon\u0027s Ashes","Tiny Chest","Pear","Lizard Tail","Paper Frog","Champion Belt","Ornamental Fan","Bird Faced Urn"],"potions_floor_usage":[],"damage_taken":[{"damage":0.0,"enemies":"Cultist","floor":1.0,"turns":2.0},{"damage":5.0,"enemies":"Small Slimes","floor":4.0,"turns":2.0},{"damage":6.0,"enemies":"Gremlin Nob","floor":7.0,"turns":3.0},{"damage":2.0,"enemies":"Jaw Worm","floor":11.0,"turns":3.0},{"damage":0.0,"enemies":"Blue Slaver","floor":14.0,"turns":3.0},{"damage":44.0,"enemies":"Hexaghost","floor":16.0,"turns":15.0},{"damage":7.0,"enemies":"Shell Parasite","floor":18.0,"turns":8.0},{"damage":25.0,"enemies":"3 Byrds","floor":19.0,"turns":8.0},{"damage":7.0,"enemies":"Snake Plant","floor":24.0,"turns":7.0},{"damage":18.0,"enemies":"Centurion and Healer","floor":28.0,"turns":3.0},{"damage":32.0,"enemies":"Book of Stabbing","floor":29.0,"turns":9.0},{"damage":22.0,"enemies":"Slavers","floor":31.0,"turns":4.0},{"damage":30.0,"enemies":"Automaton","floor":33.0,"turns":15.0},{"damage":12.0,"enemies":"Orb Walker","floor":35.0,"turns":5.0},{"damage":14.0,"enemies":"Mind Bloom Boss Battle","floor":37.0,"turns":11.0},{"damage":0.0,"enemies":"3 Shapes","floor":38.0,"turns":3.0},{"damage":68.0,"enemies":"Writhing Mass","floor":39.0,"turns":7.0},{"damage":0.0,"enemies":"3 Darklings","floor":44.0,"turns":2.0},{"damage":27.0,"enemies":"Jaw Worm Horde","floor":45.0,"turns":4.0},{"damage":83,"enemies":"Awakened One","floor":50,"turns":7}],"seed_played":"1525343002497066351","potions_obtained":[{"floor":4.0,"key":"AttackPotion"},{"floor":16.0,"key":"Regen Potion"},{"floor":18.0,"key":"GamblersBrew"},{"floor":19.0,"key":"SkillPotion"},{"floor":24.0,"key":"AttackPotion"},{"floor":29.0,"key":"Dexterity Potion"},{"floor":37.0,"key":"AttackPotion"},{"floor":39.0,"key":"SmokeBomb"}],"is_trial":false,"path_per_floor":["M","T","?","M","$","R","E","R","T","R","M","$","R","M","R","B",null,"M","M","$","?","$","R","M","R","T","?","M","E","R","E","R","B",null,"M","$","?","M","M","R","?","$","T","M","M","R","$","T","R","B"],"character_chosen":"IRONCLAD","items_purchased":["Metallicize","Armaments","Battle Trance","Metallicize","Paper Frog","Shrug It Off","Metallicize","Hemokinesis"],"campfire_rested":4,"item_purchase_floors":[5,12,20,22,36,36,42,47],"current_hp_per_floor":[80,80,80,75,75,75,69,69,69,69,67,67,67,67,67,28,80,73,68,68,68,68,68,66,66,66,66,48,21,60,48,90,60,90,78,78,64,64,45,87,76,76,76,87,65,65,65,65,87,4],"gold":36,"neow_bonus":"BOSS_RELIC","is_prod":false,"is_daily":false,"chose_seed":false,"campfire_upgraded":8,"win_rate":0,"timestamp":1553455257,"path_taken":["M","?","?","M","$","R","E","R","T","R","M","?","R","M","R","BOSS","M","M","$","?","$","R","M","R","T","?","M","E","R","E","R","BOSS","M","$","?","M","M","R","?","?","T","M","M","R","$","?","R","BOSS"],"build_version":"2019-01-23","purchased_purges":2,"victory":false,"max_hp_per_floor":[80,80,80,80,80,80,80,80,80,80,80,80,80,80,80,80,80,80,80,80,80,80,80,80,80,80,80,80,80,80,90,90,90,90,90,90,90,90,90,90,90,87,87,87,87,87,87,87,87,87],"card_choices":[{"not_picked":["Pummel","Warcry"],"picked":"Pommel Strike","floor":0.0},{"not_picked":["Feel No Pain","Corruption"],"picked":"True Grit","floor":0.0},{"not_picked":["Flex","Thunderclap"],"picked":"Headbutt","floor":0.0},{"not_picked":["Flex","Clash"],"picked":"Metallicize","floor":0.0},{"not_picked":["Flex","Uppercut"],"picked":"Immolate","floor":0.0},{"not_picked":["Whirlwind","Anger"],"picked":"Bloodletting","floor":1.0},{"not_picked":["Wild Strike","Second Wind"],"picked":"True Grit","floor":4.0},{"not_picked":["Evolve","Entrench"],"picked":"Metallicize","floor":7.0},{"not_picked":["Second Wind","Perfected Strike"],"picked":"Iron Wave","floor":11.0},{"not_picked":["True Grit","Body Slam"],"picked":"Reaper","floor":14.0},{"not_picked":["Pummel+1","Iron Wave"],"picked":"Body Slam","floor":18.0},{"not_picked":["Ghostly Armor","Armaments"],"picked":"Rage","floor":19.0},{"not_picked":["True Grit","Shockwave"],"picked":"Berserk","floor":24.0},{"not_picked":["Heavy Blade","Armaments"],"picked":"Ghostly Armor+1","floor":28.0},{"not_picked":["Reckless Charge","Clothesline"],"picked":"Headbutt","floor":29.0},{"not_picked":["Iron Wave","Dual Wield"],"picked":"Barricade","floor":31.0},{"not_picked":["Double Tap","Exhume"],"picked":"Demon Form","floor":33.0},{"not_picked":["Searing Blow","Fire Breathing+1"],"picked":"Anger+1","floor":35.0},{"not_picked":["Twin Strike","Clothesline"],"picked":"Whirlwind","floor":37.0},{"not_picked":["Clash","Clothesline"],"picked":"Wild Strike+1","floor":38.0},{"not_picked":["True Grit","Fiend Fire","Intimidate"],"picked":"SKIP","floor":39.0},{"not_picked":["Cleave+1","Headbutt+1"],"picked":"Flex+1","floor":45.0}],"player_experience":208364,"relics_obtained":[{"floor":2.0,"key":"Vajra"},{"floor":7.0,"key":"Regal Pillow"},{"floor":9.0,"key":"Ice Cream"},{"floor":26.0,"key":"Pen Nib"},{"floor":29.0,"key":"FossilizedHelix"},{"floor":29.0,"key":"Charon\u0027s Ashes"},{"floor":31.0,"key":"Tiny Chest"},{"floor":31.0,"key":"Pear"},{"floor":37.0,"key":"Champion Belt"},{"floor":43.0,"key":"Ornamental Fan"},{"floor":48.0,"key":"Bird Faced Urn"}],"event_choices":[{"cards_removed":["Strike_R"],"damage_healed":0.0,"max_hp_gain":0.0,"max_hp_loss":0.0,"gold_gain":0.0,"event_name":"The Cleric","player_choice":"Card Removal","floor":3.0,"gold_loss":50.0,"damage_taken":0.0},{"damage_healed":0.0,"max_hp_gain":0.0,"max_hp_loss":0.0,"gold_gain":0.0,"event_name":"Back to Basics","player_choice":"Simplicity","floor":21.0,"gold_loss":0.0,"damage_taken":0.0,"cards_upgraded":["Strike_R","Strike_R","Strike_R","Defend_R","Defend_R","Defend_R","Defend_R"]},{"damage_healed":0.0,"max_hp_gain":0.0,"max_hp_loss":0.0,"gold_gain":99.0,"event_name":"Nest","player_choice":"Stole From Cult","floor":27.0,"gold_loss":0.0,"damage_taken":0.0},{"damage_healed":0.0,"max_hp_gain":0.0,"max_hp_loss":0.0,"gold_gain":0.0,"event_name":"MindBloom","player_choice":"Fight","floor":37.0,"gold_loss":0.0,"damage_taken":0.0},{"damage_healed":0.0,"max_hp_gain":0.0,"max_hp_loss":0.0,"gold_gain":0.0,"event_name":"Winding Halls","player_choice":"Embrace Madness","floor":41.0,"gold_loss":0.0,"damage_taken":11.0,"cards_obtained":["Madness","Madness"]}],"is_beta":false,"boss_relics":[{"not_picked":["Ectoplasm","Snecko Eye"],"picked":"Black Star"},{"not_picked":["Tiny House","Empty Cage"],"picked":"Lizard Tail"}],"items_purged_floors":[20,42],"is_endless":false,"potions_floor_spawned":[4,16,18,19,24,29,37,39],"killed_by":"Awakened One","ascension_level":1}