{"gold_per_floor":[117,117,129,129,140,172,172,201,201,201,234,234],"floor_reached":12,"playtime":427,"items_purged":[],"score":125,"play_id":"c85dd5f5-95bd-48b8-a1f9-dc2d702a856d","local_time":"20190207031822","is_ascension_mode":true,"campfire_choices":[{"floor":7,"key":"REST"},{"floor":10,"key":"REST"}],"neow_cost":"NONE","seed_source_timestamp":134477156496740,"circlet_count":0,"master_deck":["Strike_B","Strike_B","Strike_B","Defend_B","Defend_B","Defend_B","Defend_B","Zap+1","Dualcast","Capacitor","Genetic Algorithm","Undo","Melter","Loop","Skim"],"relics":["Cracked Core","NeowsBlessing","Torii","Turnip","Ice Cream","Incense Burner"],"potions_floor_usage":[6],"damage_taken":[{"damage":0,"enemies":"Jaw Worm","floor":1,"turns":1},{"damage":0,"enemies":"Cultist","floor":3,"turns":1},{"damage":0,"enemies":"2 Louse","floor":5,"turns":1},{"damage":58,"enemies":"Gremlin Nob","floor":6,"turns":6},{"damage":28,"enemies":"Lagavulin","floor":8,"turns":9},{"damage":21,"enemies":"3 Sentries","floor":11,"turns":8},{"damage":0,"enemies":"Lots of Slimes","floor":12,"turns":1}],"seed_played":"-6741743516540134238","potions_obtained":[{"floor":3,"key":"Block Potion"}],"is_trial":false,"path_per_floor":["M","?","M","?","M","E","R","E","T","R","E","M"],"character_chosen":"DEFECT","items_purchased":[],"campfire_rested":2,"item_purchase_floors":[],"current_hp_per_floor":[68,68,68,68,68,10,32,4,4,26,5,5],"gold":234,"neow_bonus":"THREE_ENEMY_KILL","is_prod":false,"is_daily":false,"chose_seed":false,"campfire_upgraded":0,"win_rate":0,"timestamp":1549531102,"path_taken":["M","?","?","?","?","E","R","E","T","R","E","M"],"build_version":"2019-01-23","purchased_purges":0,"victory":false,"max_hp_per_floor":[75,75,75,75,75,75,75,75,75,75,75,75],"card_choices":[{"not_picked":["Redo","Go for the Eyes"],"picked":"Capacitor","floor":1},{"not_picked":["Ball Lightning","Conserve Battery"],"picked":"Genetic Algorithm","floor":3},{"not_picked":["Stack","Barrage"],"picked":"Undo","floor":5},{"not_picked":["Aggregate","Rebound"],"picked":"Melter","floor":6},{"not_picked":["Storm","Heatsinks"],"picked":"Loop","floor":8},{"not_picked":["Force Field","Sweeping Beam"],"picked":"Skim","floor":11}],"player_experience":461562,"relics_obtained":[{"floor":6,"key":"Torii"},{"floor":8,"key":"Turnip"},{"floor":9,"key":"Ice Cream"},{"floor":11,"key":"Incense Burner"}],"event_choices":[{"cards_removed":["Strike_B"],"damage_healed":0,"gold_gain":0,"player_choice":"Offered Basic","damage_taken":0,"max_hp_gain":0,"max_hp_loss":0,"event_name":"Bonfire Elementals","floor":2,"gold_loss":0},{"damage_healed":0,"gold_gain":0,"player_choice":"Upgraded","damage_taken":0,"max_hp_gain":0,"max_hp_loss":0,"event_name":"Upgrade Shrine","floor":4,"gold_loss":0,"cards_upgraded":["Zap"]}],"is_beta":false,"boss_relics":[],"items_purged_floors":[],"is_endless":false,"potions_floor_spawned":[3],"killed_by":"Lots of Slimes","ascension_level":6}