{"gold_per_floor":[116,116,116,136,155,189,203,203,230,1,1,14,33,43,43,43],"floor_reached":16,"playtime":461,"items_purged":["Strike_R+1"],"score":104,"play_id":"6c49f38a-b381-474b-91d5-efca81370c1f","local_time":"20190404035000","is_ascension_mode":false,"campfire_choices":[{"data":"Heavy Blade","floor":8,"key":"SMITH"},{"data":"Armaments","floor":11,"key":"SMITH"},{"data":"Demon Form","floor":15,"key":"SMITH"}],"neow_cost":"NONE","seed_source_timestamp":742519422199720,"circlet_count":0,"master_deck":["Strike_R","Strike_R","Strike_R","Defend_R","Defend_R","Defend_R","Bash+1","Perfected Strike","Predator","Inflame","Armaments+1","Heavy Blade+1","Heavy Blade","Anger","Demon Form+1"],"relics":["Burning Blood","NeowsBlessing","Omamori","Anchor","Whetstone"],"potions_floor_usage":[14,16,16],"damage_taken":[{"damage":0,"enemies":"Small Slimes","floor":1,"turns":1},{"damage":0,"enemies":"2 Louse","floor":4,"turns":1},{"damage":0,"enemies":"Cultist","floor":5,"turns":1},{"damage":37,"enemies":"Lagavulin","floor":6,"turns":9},{"damage":23,"enemies":"Exordium Wildlife","floor":7,"turns":5},{"damage":8,"enemies":"2 Fungi Beasts","floor":12,"turns":4},{"damage":2,"enemies":"Blue Slaver","floor":13,"turns":3},{"damage":9,"enemies":"Exordium Thugs","floor":14,"turns":4},{"damage":32,"enemies":"The Guardian","floor":16,"turns":5}],"seed_played":"8031629066343073787","potions_obtained":[{"floor":4,"key":"FearPotion"},{"floor":5,"key":"Block Potion"},{"floor":13,"key":"Dexterity Potion"}],"is_trial":false,"path_per_floor":["M","?","?","M","M","E","M","R","T","$","R","M","M","M","R","B"],"character_chosen":"IRONCLAD","items_purchased":["Whetstone"],"campfire_rested":0,"item_purchase_floors":[10],"current_hp_per_floor":[80,73,73,79,80,49,32,32,32,32,32,30,34,31,31,0],"gold":43,"neow_bonus":"THREE_ENEMY_KILL","is_prod":false,"is_daily":false,"chose_seed":false,"campfire_upgraded":3,"win_rate":0,"timestamp":1554371400,"path_taken":["M","?","?","M","M","E","M","R","T","$","R","M","M","?","R","BOSS"],"build_version":"2019-01-23","purchased_purges":1,"victory":false,"max_hp_per_floor":[80,80,80,80,80,80,80,80,80,80,80,80,80,80,80,80],"card_choices":[{"not_picked":["Armaments","Bloodletting"],"picked":"Perfected Strike","floor":1},{"not_picked":["Dual Wield","Iron Wave"],"picked":"Inflame","floor":4},{"not_picked":["Rage","Sword Boomerang"],"picked":"Armaments","floor":5},{"not_picked":["Battle Trance","True Grit","Havoc"],"picked":"SKIP","floor":6},{"not_picked":["Inflame","Feel No Pain"],"picked":"Heavy Blade","floor":7},{"not_picked":["Havoc","Corruption"],"picked":"Heavy Blade","floor":12},{"not_picked":["Thunderclap","Armaments"],"picked":"Anger","floor":13},{"not_picked":["Clothesline","Iron Wave"],"picked":"Demon Form","floor":14}],"player_experience":171888,"relics_obtained":[{"floor":6,"key":"Omamori"},{"floor":9,"key":"Anchor"}],"event_choices":[{"cards_removed":["Defend_R"],"damage_healed":0,"gold_gain":0,"player_choice":"Card Removal","damage_taken":7,"max_hp_gain":0,"max_hp_loss":0,"event_name":"Golden Wing","floor":2,"gold_loss":0},{"cards_removed":["Strike_R"],"damage_healed":0,"gold_gain":0,"player_choice":"Took Card","damage_taken":0,"max_hp_gain":0,"max_hp_loss":0,"event_name":"NoteForYourself","floor":3,"gold_loss":0,"cards_obtained":["Predator"]}],"is_beta":false,"boss_relics":[],"items_purged_floors":[10],"is_endless":false,"potions_floor_spawned":[4,5,13],"killed_by":"The Guardian","ascension_level":0}