{"gold_per_floor":[118,138,138,65,82,112,129,146,223,6,38,48,48,67,67,162,162,173,173,228,246,246],"floor_reached":22,"playtime":957,"items_purged":[],"score":257,"play_id":"6a7454ba-cf0a-4414-a9d0-64555aeb034b","local_time":"20181103054536","is_ascension_mode":true,"campfire_choices":[{"data":"Loop","floor":13,"key":"SMITH"},{"floor":15,"key":"REST"}],"neow_cost":"NONE","seed_source_timestamp":94994462798251,"circlet_count":0,"master_deck":["Strike_B","Strike_B","Strike_B","Strike_B","Defend_B","Defend_B","Defend_B","Defend_B","Zap","Dualcast","Stack","Compile Driver","Skim","Zap","Coolheaded","Cold Snap","Doom and Gloom","Self Repair","White Noise","Ball Lightning","Ball Lightning","Immolate","Loop+1","Hologram","Bullet Time","Spot Weakness"],"relics":["Cracked Core","NeowsBlessing","Symbiotic Virus","Singing Bowl","PrismaticShard","Ice Cream","Black Star","Bag of Marbles"],"potions_floor_usage":[7,8,14,16],"damage_taken":[{"damage":0,"enemies":"Cultist","floor":1,"turns":1},{"damage":0,"enemies":"2 Louse","floor":2,"turns":1},{"damage":0,"enemies":"Jaw Worm","floor":5,"turns":1},{"damage":14,"enemies":"Gremlin Nob","floor":6,"turns":3},{"damage":24,"enemies":"Exordium Wildlife","floor":7,"turns":4},{"damage":0,"enemies":"Red Slaver","floor":8,"turns":3},{"damage":24,"enemies":"Lagavulin","floor":11,"turns":5},{"damage":0,"enemies":"Lots of Slimes","floor":12,"turns":1},{"damage":18,"enemies":"Large Slime","floor":14,"turns":3},{"damage":7,"enemies":"The Guardian","floor":16,"turns":8},{"damage":15,"enemies":"Spheric Guardian","floor":18,"turns":4},{"damage":36,"enemies":"Shell Parasite","floor":21,"turns":5},{"damage":45,"enemies":"Sentry and Sphere","floor":22,"turns":5}],"seed_played":"2405159455541008182","potions_obtained":[{"floor":2,"key":"Regen Potion"},{"floor":6,"key":"LiquidBronze"},{"floor":12,"key":"Fruit Juice"},{"floor":14,"key":"Weak Potion"},{"floor":18,"key":"FocusPotion"},{"floor":21,"key":"FairyPotion"}],"is_trial":false,"path_per_floor":["M","M","?","$","M","E","M","M","T","$","E","M","R","M","R","B",null,"M","?","T","M","M"],"character_chosen":"DEFECT","items_purchased":["Coolheaded","Cold Snap","PrismaticShard","Ball Lightning"],"campfire_rested":1,"item_purchase_floors":[4,4,10,10],"current_hp_per_floor":[68,68,68,68,68,54,37,49,49,49,32,32,32,19,43,43,71,63,63,63,36,0],"gold":246,"neow_bonus":"THREE_ENEMY_KILL","is_prod":false,"is_daily":false,"chose_seed":false,"campfire_upgraded":1,"win_rate":0,"timestamp":1541241936,"path_taken":["M","?","?","$","M","E","M","M","T","$","E","?","R","M","R","BOSS","M","?","?","M","?"],"build_version":"2018-11-01","purchased_purges":0,"victory":false,"max_hp_per_floor":[75,75,75,75,75,75,75,75,75,75,75,75,75,80,80,80,80,80,80,80,82,82],"card_choices":[{"not_picked":["Barrage","Rip and Tear"],"picked":"Stack","floor":1},{"not_picked":["Heatsinks","Leap"],"picked":"Compile Driver","floor":2},{"not_picked":["Steam","Compile Driver"],"picked":"Doom and Gloom","floor":5},{"not_picked":["Rebound","Meteor Strike"],"picked":"Self Repair","floor":6},{"not_picked":["Hologram","Rebound"],"picked":"White Noise","floor":7},{"not_picked":["Auto Shields","Beam Cell"],"picked":"Ball Lightning","floor":8},{"not_picked":["Panacea","Go for the Eyes"],"picked":"Immolate","floor":11},{"not_picked":["Entrench","Rage"],"picked":"Loop","floor":12},{"not_picked":["Reckless Charge","Blade Dance"],"picked":"Hologram","floor":14},{"not_picked":["Impervious","Thinking Ahead"],"picked":"Bullet Time","floor":16},{"not_picked":["Dramatic Entrance+1","True Grit"],"picked":"Spot Weakness","floor":18},{"not_picked":["Heavy Blade","Rebound","Thunderclap"],"picked":"Singing Bowl","floor":21}],"player_experience":267114,"relics_obtained":[{"floor":6,"key":"Symbiotic Virus"},{"floor":9,"key":"Singing Bowl"},{"floor":11,"key":"Ice Cream"},{"floor":20,"key":"Bag of Marbles"}],"event_choices":[{"damage_healed":0,"gold_gain":0,"player_choice":"2 cards matched","damage_taken":0,"max_hp_gain":0,"max_hp_loss":0,"event_name":"Match and Keep!","floor":3,"gold_loss":0,"cards_obtained":["Skim","Zap"]},{"damage_healed":0,"gold_gain":0,"player_choice":"Ignored","damage_taken":0,"max_hp_gain":0,"max_hp_loss":0,"event_name":"Vampires","floor":19,"gold_loss":0}],"is_beta":false,"boss_relics":[{"not_picked":["Fusion Hammer","Sozu"],"picked":"Black Star"}],"items_purged_floors":[],"is_endless":false,"potions_floor_spawned":[2,6,12,14,18,21],"killed_by":"Sentry and Sphere","ascension_level":6}