{"gold_per_floor":[109,120,137,155,155,155,170,180,180,192,192],"floor_reached":11,"playtime":541,"items_purged":[],"score":69,"play_id":"8882f6eb-8c3f-4bff-a13c-afe55aafc029","local_time":"20190409141619","is_ascension_mode":false,"campfire_choices":[{"floor":6,"key":"REST"}],"neow_cost":"PERCENT_DAMAGE","seed_source_timestamp":1211959971763898,"circlet_count":0,"master_deck":["Strike_R","Strike_R","Strike_R","Strike_R","Defend_R","Defend_R","Defend_R","Defend_R","Bash","Barricade","Disarm","Armaments","Carnage","Body Slam","Spot Weakness","Ghostly Armor"],"relics":["Burning Blood","Shuriken"],"potions_floor_usage":[11,11],"damage_taken":[{"damage":4,"enemies":"2 Louse","floor":1,"turns":3},{"damage":22,"enemies":"Cultist","floor":2,"turns":6},{"damage":10,"enemies":"Jaw Worm","floor":3,"turns":5},{"damage":28,"enemies":"Exordium Wildlife","floor":4,"turns":10},{"damage":4,"enemies":"Blue Slaver","floor":7,"turns":4},{"damage":5,"enemies":"Large Slime","floor":8,"turns":4},{"damage":17,"enemies":"Exordium Thugs","floor":10,"turns":5},{"damage":39,"enemies":"3 Sentries","floor":11,"turns":8}],"seed_played":"1613769660182873377","potions_obtained":[{"floor":1,"key":"Energy Potion"},{"floor":2,"key":"Dexterity Potion"},{"floor":3,"key":"GamblersBrew"}],"is_trial":false,"path_per_floor":["M","M","M","M","?","R","M","M","T","M","E"],"character_chosen":"IRONCLAD","items_purchased":[],"campfire_rested":1,"item_purchase_floors":[],"current_hp_per_floor":[58,42,38,16,16,40,42,43,43,32,0],"gold":192,"neow_bonus":"THREE_RARE_CARDS","is_prod":false,"is_daily":false,"chose_seed":false,"campfire_upgraded":0,"win_rate":0,"timestamp":1554840979,"path_taken":["M","M","M","M","?","R","M","M","T","?","E"],"build_version":"2019-01-23","purchased_purges":0,"victory":false,"max_hp_per_floor":[80,80,80,80,80,80,80,80,80,80,80],"card_choices":[{"not_picked":["Limit Break","Dark Embrace"],"picked":"Barricade","floor":0},{"not_picked":["Second Wind","Blood for Blood","Havoc"],"picked":"SKIP","floor":1},{"not_picked":["Hemokinesis","Clash"],"picked":"Disarm","floor":2},{"not_picked":["Infernal Blade","Burning Pact"],"picked":"Armaments","floor":3},{"not_picked":["Heavy Blade","Anger"],"picked":"Carnage","floor":4},{"not_picked":["Sword Boomerang","Clothesline"],"picked":"Body Slam","floor":7},{"not_picked":["Exhume","Reckless Charge"],"picked":"Spot Weakness","floor":8},{"not_picked":["Combust","Perfected Strike"],"picked":"Ghostly Armor","floor":10}],"player_experience":205477,"relics_obtained":[{"floor":9,"key":"Shuriken"}],"event_choices":[{"cards_removed":["Strike_R"],"damage_healed":0,"gold_gain":0,"player_choice":"Purged","damage_taken":0,"max_hp_gain":0,"max_hp_loss":0,"event_name":"Purifier","floor":5,"gold_loss":0}],"is_beta":false,"boss_relics":[],"items_purged_floors":[],"is_endless":false,"potions_floor_spawned":[1,2,3,7],"killed_by":"3 Sentries","ascension_level":0}