{"path_per_floor":["M","M","M","M","?","R","E","R","T","R","$","M","T","M","R"],"character_chosen":"DEFECT","items_purchased":["Beam Cell"],"gold_per_floor":[112,128,138,151,151,151,184,184,184,184,64,81,81,98,98,98],"floor_reached":16,"campfire_rested":3,"playtime":439,"item_purchase_floors":[11],"current_hp_per_floor":[67,64,57,53,53,53,22,44,44,66,66,54,64,53,78,0],"items_purged":["Strike_B"],"gold":98,"score":143,"play_id":"16be71bd-6755-4031-a3e3-922444e767f2","local_time":"20180529041817","is_prod":false,"is_daily":false,"chose_seed":false,"is_ascension_mode":true,"campfire_upgraded":1,"win_rate":0,"timestamp":1527560297,"campfire_choices":[{"data":"Zap","floor":6,"key":"SMITH"},{"floor":8,"key":"REST"},{"floor":10,"key":"REST"},{"floor":15,"key":"REST"}],"path_taken":["M","M","?","M","?","R","E","R","T","R","$","?","?","M","R","BOSS"],"build_version":"2018-05-27","seed_source_timestamp":0,"purchased_purges":1,"victory":false,"master_deck":["Strike_B","Strike_B","Strike_B","Defend_B","Defend_B","Defend_B","Defend_B","Zap+1","Dualcast","FTL","Gash","Fusion+1","Beam Cell","Defragment"],"max_hp_per_floor":[75,75,75,75,75,75,75,75,75,75,75,75,85,85,85,85],"relics":["Cracked Core","Happy Flower","Kunai","Pear"],"card_choices":[{"not_picked":["Hologram","Cold Snap"],"picked":"FTL","floor":1},{"not_picked":["Compile Driver","Redo","Streamline"],"picked":"SKIP","floor":2},{"not_picked":["Lockon","Hologram"],"picked":"Gash","floor":3},{"not_picked":["Streamline","Rebound"],"picked":"Fusion","floor":4},{"not_picked":["Cold Snap","Steam Power","Melter"],"picked":"SKIP","floor":7},{"not_picked":["Barrage","Scrape"],"picked":"Defragment","floor":12},{"not_picked":["Stack","Streamline","Sweeping Beam"],"picked":"SKIP","floor":14}],"player_experience":108612,"potions_floor_usage":[16],"damage_taken":[{"damage":1,"enemies":"Cultist","floor":1,"turns":3},{"damage":3,"enemies":"2 Louse","floor":2,"turns":2},{"damage":7,"enemies":"Jaw Worm","floor":3,"turns":3},{"damage":4,"enemies":"Red Slaver","floor":4,"turns":3},{"damage":31,"enemies":"3 Sentries","floor":7,"turns":8},{"damage":12,"enemies":"Exordium Wildlife","floor":12,"turns":3},{"damage":11,"enemies":"Large Slime","floor":14,"turns":6},{"damage":78,"enemies":"Hexaghost","floor":16,"turns":10}],"relics_obtained":[{"floor":7,"key":"Happy Flower"},{"floor":9,"key":"Kunai"},{"floor":13,"key":"Pear"}],"event_choices":[{"event_name":"Accursed Blacksmith","player_choice":"Forge","floor":5,"damage_taken":0}],"boss_relics":[],"items_purged_floors":[11],"potions_floor_spawned":[3,4,12],"seed_played":"-180325536097371238","killed_by":"Hexaghost","ascension_level":8,"potions_obtained":[{"floor":3,"key":"SpeedPotion"},{"floor":4,"key":"SmokeBomb"},{"floor":12,"key":"Explosive Potion"}],"is_trial":false}