{"path_per_floor":["M","?","M","?","M","R","M","M","T","?","E","M","R","M","R","B",null,"M","M","M","?","M","R","$","?","T","R","M","R","M","?","R","B",null,"M","?","M","?"],"character_chosen":"DEFECT","items_purchased":["Whetstone","Nova","Gash"],"gold_per_floor":[114,114,127,202,220,220,232,242,265,265,295,312,312,326,326,429,429,439,459,475,425,437,437,62,62,62,62,79,79,95,0,0,103,103,122,475,489,489,489],"floor_reached":39,"campfire_rested":5,"playtime":5777,"current_hp_per_floor":[72,72,71,60,62,62,53,17,17,17,26,25,47,44,66,27,75,54,49,30,30,2,24,24,75,75,75,41,63,36,36,58,26,75,57,30,28,19,0],"items_purged":["Strike_B"],"gold":489,"score":385,"play_id":"a7dfffdc-552b-4e0a-8a06-c8af93b5dff0","local_time":"20180502201046","is_prod":false,"is_daily":false,"chose_seed":false,"is_ascension_mode":false,"campfire_upgraded":2,"timestamp":1525284646,"path_taken":["M","?","M","?","M","R","?","?","T","?","E","M","R","M","R","BOSS","M","M","M","?","M","R","$","?","T","R","M","R","M","?","R","BOSS","M","?","M","?","M"],"build_version":"2018-05-01v2","seed_source_timestamp":211830197634581,"purchased_purges":1,"victory":false,"master_deck":["Strike_B","Strike_B+1","Strike_B","Defend_B","Defend_B","Defend_B","Defend_B","Zap+1","Dualcast","FTL+1","Capacitor+1","Self Repair","Skim","Go for the Eyes","Ball Lightning","Capacitor","Impulse","Cold Snap","Reboot","Reprieve","Force Field","Barrage","Cold Snap+1","Nova","Heatsinks+1","Chill","Amplify","Coolheaded+1","Chaos+1","Buffer+1","Madness","Madness"],"max_hp_per_floor":[75,75,75,75,75,75,75,75,75,75,75,75,75,75,75,75,75,75,75,75,75,75,75,75,75,75,75,75,75,75,75,75,75,75,75,75,75,75,75],"relics":["Cracked Core","Bronze Scales","Juzu Bracelet","Lizard Tail","Whetstone","Bottled Flame","Cursed Key","Old Coin"],"card_choices":[{"not_picked":["Blizzard","Darkness"],"picked":"FTL","floor":0},{"not_picked":["Sweeping Beam","Stack"],"picked":"Capacitor","floor":1},{"not_picked":["Darkness","Blizzard"],"picked":"Self Repair","floor":3},{"not_picked":["Undo","Axe Kick"],"picked":"Skim","floor":5},{"not_picked":["Melter","Auto Shields"],"picked":"Go for the Eyes","floor":7},{"not_picked":["Leap","Rebound"],"picked":"Ball Lightning","floor":8},{"not_picked":["Blaster","Leap"],"picked":"Capacitor","floor":11},{"not_picked":["Skim","Coolheaded"],"picked":"Impulse","floor":12},{"not_picked":["Ball Lightning","Hologram"],"picked":"Cold Snap","floor":14},{"not_picked":["Prime","Echo Form"],"picked":"Reboot","floor":16},{"not_picked":["Conserve Battery","Rebound"],"picked":"Reprieve","floor":18},{"not_picked":["Cold Snap","Stack"],"picked":"Force Field","floor":19},{"not_picked":["Capacitor","Go for the Eyes"],"picked":"Barrage","floor":20},{"not_picked":["Skim","Go for the Eyes"],"picked":"Cold Snap","floor":22},{"not_picked":["Leap","Aggregate"],"picked":"Heatsinks","floor":28},{"not_picked":["Buffer","Thunder Strike"],"picked":"Chill","floor":30},{"not_picked":["Nova","Thunder Strike"],"picked":"Amplify","floor":33},{"not_picked":["Streamline","Loop"],"picked":"Coolheaded","floor":35},{"not_picked":["Skim","Barrage"],"picked":"Chaos","floor":36},{"not_picked":["Turbo","Streamline"],"picked":"Buffer","floor":37}],"player_experience":21442,"potions_floor_usage":[7,11,11,14,16,33,33,33,36,36],"damage_taken":[{"damage":3,"enemies":"Jaw Worm","floor":1,"turns":4},{"damage":1,"enemies":"2 Louse","floor":3,"turns":3},{"damage":5,"enemies":"Small Slimes","floor":5,"turns":3},{"damage":16,"enemies":"Exordium Thugs","floor":7,"turns":4},{"damage":36,"enemies":"Gremlin Gang","floor":8,"turns":4},{"damage":7,"enemies":"Gremlin Nob","floor":11,"turns":4},{"damage":8,"enemies":"Blue Slaver","floor":12,"turns":4},{"damage":16,"enemies":"Red Slaver","floor":14,"turns":3},{"damage":46,"enemies":"Slime Boss","floor":16,"turns":11},{"damage":28,"enemies":"Shell Parasite","floor":18,"turns":6},{"damage":12,"enemies":"Chosen","floor":19,"turns":6},{"damage":26,"enemies":"Snake Plant","floor":20,"turns":5},{"damage":28,"enemies":"Snecko","floor":22,"turns":8},{"damage":41,"enemies":"3 Cultists","floor":28,"turns":5},{"damage":34,"enemies":"Slaver and Parasite","floor":30,"turns":5},{"damage":39,"enemies":"Collector","floor":33,"turns":13},{"damage":25,"enemies":"Orb Walker","floor":35,"turns":4},{"damage":34,"enemies":"Mysterious Sphere","floor":36,"turns":6},{"damage":52,"enemies":"Flame Bruiser 1 Orb","floor":37,"turns":7},{"damage":24,"enemies":"3 Darklings","floor":39,"turns":4}],"event_choices":[{"event_name":"Liars Game","player_choice":"disagreed","floor":2,"damage_taken":0},{"event_name":"World of Goop","player_choice":"Gather Gold","floor":4,"damage_taken":0},{"event_name":"The Lab","player_choice":"Got Potions","floor":10,"damage_taken":0},{"event_name":"The Joust","player_choice":"Bet on Owner","floor":21,"damage_taken":0},{"event_name":"Bonfire Elementals","player_choice":"UNCOMMON","floor":25,"damage_taken":0},{"event_name":"Masked Bandits","player_choice":"Paid Bandits 95 gold","floor":31,"damage_taken":0},{"event_name":"Mysterious Sphere","player_choice":"Fight","floor":36,"damage_taken":0},{"event_name":"Winding Halls","player_choice":"Embrace Madness","floor":38,"damage_taken":0}],"boss_relics":[{"not_picked":["Orrery","Runic Dome"],"picked":"Lizard Tail"},{"not_picked":["Snecko Eye","Black Star"],"picked":"Cursed Key"}],"potions_floor_spawned":[5,8,12,14,19,20,33,35],"seed_played":"-6610438782306743663","killed_by":"3 Darklings","ascension_level":0,"is_trial":false}