{"gold_per_floor":[111,111,131,151,76,76,92,122,168,193,193,212,227,4,4,99,99,110,38,38,50,50,79,79,105,105,105,154,182,14,40,40,145,145,156,167,214,214,3,3],"floor_reached":40,"playtime":15619,"items_purged":["Strike_B","Strike_B"],"score":676,"play_id":"01c9086d-43a0-46cf-9f65-67f0ae05f81e","local_time":"20190202055601","is_ascension_mode":true,"campfire_choices":[{"data":"Zap","floor":6,"key":"SMITH"},{"floor":15,"key":"REST"},{"data":"Dualcast","floor":24,"key":"SMITH"},{"data":"Defragment","floor":27,"key":"SMITH"},{"data":"Redo","floor":32,"key":"SMITH"}],"neow_cost":"NONE","seed_source_timestamp":887480228810048,"circlet_count":0,"master_deck":["Strike_B","Strike_B","Defend_B","Defend_B","Defend_B","Defend_B","Zap+1","Dualcast+1","Genetic Algorithm","Gash+1","Glacier","Redo+1","Self Repair","Go for the Eyes","Gash+1","Defragment+1","Static Discharge+1","Capacitor+1","Genetic Algorithm+1","Melter+1","Beam Cell","Reprogram","Cold Snap+1","All For One","Capacitor+1","Ball Lightning+1","Chill+1","Conserve Battery"],"relics":["FrozenCore","Bag of Marbles","Blue Candle","Centennial Puzzle","Oddly Smooth Stone","Cables","Happy Flower","DataDisk","Gremlin Horn","Prayer Wheel","Whetstone","Bottled Lightning","Pocketwatch","Nuclear Battery","Emotion Chip","Anchor"],"potions_floor_usage":[8,8,13,13,25,29,29,33],"damage_taken":[{"damage":5,"enemies":"Small Slimes","floor":1,"turns":3},{"damage":0,"enemies":"Cultist","floor":3,"turns":3},{"damage":1,"enemies":"2 Louse","floor":4,"turns":2},{"damage":0,"enemies":"Blue Slaver","floor":7,"turns":4},{"damage":36,"enemies":"Gremlin Nob","floor":8,"turns":6},{"damage":16,"enemies":"Lagavulin","floor":10,"turns":8},{"damage":0,"enemies":"Exordium Thugs","floor":12,"turns":5},{"damage":0,"enemies":"Large Slime","floor":13,"turns":5},{"damage":0,"enemies":"Hexaghost","floor":16,"turns":15},{"damage":10,"enemies":"2 Thieves","floor":18,"turns":5},{"damage":0,"enemies":"Chosen","floor":21,"turns":7},{"damage":17,"enemies":"Book of Stabbing","floor":23,"turns":8},{"damage":24,"enemies":"Slavers","floor":25,"turns":4},{"damage":2,"enemies":"Gremlin Leader","floor":29,"turns":6},{"damage":4,"enemies":"Book of Stabbing","floor":31,"turns":8},{"damage":15,"enemies":"Collector","floor":33,"turns":14},{"damage":6,"enemies":"Orb Walker","floor":35,"turns":4},{"damage":23,"enemies":"3 Darklings","floor":36,"turns":3},{"damage":37,"enemies":"2 Orb Walkers","floor":37,"turns":6},{"damage":37,"enemies":"Reptomancer","floor":40,"turns":2}],"seed_played":"-2155648849939784402","potions_obtained":[{"floor":1,"key":"Weak Potion"},{"floor":3,"key":"GamblersBrew"},{"floor":10,"key":"Block Potion"},{"floor":12,"key":"Regen Potion"},{"floor":13,"key":"Strength Potion"},{"floor":21,"key":"Swift Potion"},{"floor":23,"key":"FocusPotion"},{"floor":25,"key":"Dexterity Potion"},{"floor":31,"key":"Poison Potion"},{"floor":35,"key":"SteroidPotion"},{"floor":37,"key":"SpeedPotion"}],"is_trial":false,"path_per_floor":["M","?","M","M","$","R","M","E","T","E","?","M","M","$","R","B",null,"M","$","?","M","$","E","R","E","T","R","T","E","$","E","R","B",null,"M","M","?","?","$","E"],"character_chosen":"DEFECT","items_purchased":["Happy Flower","Defragment","Capacitor","Reprogram","Anchor","Conserve Battery"],"campfire_rested":1,"item_purchase_floors":[14,14,19,30,39,39],"current_hp_per_floor":[63,63,63,62,62,62,62,26,26,10,10,17,38,38,60,67,73,63,63,85,85,85,75,75,51,51,51,51,49,49,52,52,44,75,76,60,30,30,30,0],"gold":3,"neow_bonus":"RANDOM_COMMON_RELIC","is_prod":false,"is_daily":false,"chose_seed":false,"campfire_upgraded":4,"win_rate":0,"timestamp":1549083361,"path_taken":["M","?","?","M","$","R","M","E","T","E","?","?","?","?","R","BOSS","M","$","?","?","$","E","R","E","T","R","?","E","?","E","R","BOSS","M","M","?","?","$","E"],"build_version":"2019-01-23","purchased_purges":2,"victory":false,"max_hp_per_floor":[75,75,75,75,75,75,75,75,75,75,75,75,75,75,75,75,75,75,75,85,85,85,85,85,85,85,85,85,85,85,85,85,85,85,85,85,85,85,85,85],"card_choices":[{"not_picked":["Heatsinks","Chaos"],"picked":"Genetic Algorithm","floor":1},{"not_picked":["Streamline","Leap"],"picked":"Gash","floor":3},{"not_picked":["Reinforced Body","BootSequence"],"picked":"Glacier","floor":4},{"not_picked":["Skim","Ball Lightning"],"picked":"Redo","floor":7},{"not_picked":["Hologram","Compile Driver","Storm"],"picked":"SKIP","floor":8},{"not_picked":["Coolheaded","FTL"],"picked":"Self Repair","floor":10},{"not_picked":["Steam","Streamline"],"picked":"Go for the Eyes","floor":12},{"not_picked":["Recycle","Undo"],"picked":"Gash","floor":13},{"not_picked":["Seek","Machine Learning"],"picked":"Rainbow","floor":16},{"not_picked":["Hologram+1","Go for the Eyes"],"picked":"Static Discharge+1","floor":18},{"not_picked":["Cold Snap","Hologram"],"picked":"Genetic Algorithm+1","floor":21},{"not_picked":["Rebound","Ball Lightning"],"picked":"Melter+1","floor":23},{"not_picked":["Sunder","Go for the Eyes","Compile Driver"],"picked":"SKIP","floor":25},{"not_picked":["Stack","Meteor Strike"],"picked":"Beam Cell","floor":29},{"not_picked":["Coolheaded","Genetic Algorithm"],"picked":"Cold Snap+1","floor":31},{"not_picked":["Thunder Strike","Machine Learning"],"picked":"All For One","floor":33},{"not_picked":["Redo","Rebound"],"picked":"Capacitor+1","floor":35},{"not_picked":["Stack","Compile Driver+1","Aggregate+1"],"picked":"SKIP","floor":35},{"not_picked":["Recycle","Rebound+1"],"picked":"Ball Lightning+1","floor":36},{"not_picked":["Sweeping Beam","Turbo+1","Compile Driver+1"],"picked":"SKIP","floor":36},{"not_picked":["Ball Lightning","Coolheaded"],"picked":"Chill+1","floor":37}],"player_experience":175956,"relics_obtained":[{"floor":8,"key":"Blue Candle"},{"floor":9,"key":"Centennial Puzzle"},{"floor":10,"key":"Oddly Smooth Stone"},{"floor":11,"key":"Cables"},{"floor":23,"key":"DataDisk"},{"floor":25,"key":"Gremlin Horn"},{"floor":26,"key":"Prayer Wheel"},{"floor":28,"key":"Whetstone"},{"floor":29,"key":"Bottled Lightning"},{"floor":31,"key":"Pocketwatch"},{"floor":37,"key":"Emotion Chip"}],"event_choices":[{"damage_healed":0,"gold_gain":0,"player_choice":"Bought 0 Potions","damage_taken":0,"max_hp_gain":0,"max_hp_loss":0,"event_name":"The Woman in Blue","floor":2,"gold_loss":0},{"damage_healed":0,"gold_gain":0,"player_choice":"Relic","damage_taken":0,"max_hp_gain":0,"max_hp_loss":0,"event_name":"Wheel of Change","floor":11,"gold_loss":0},{"cards_removed":["Rainbow"],"damage_healed":12,"gold_gain":0,"player_choice":"Offered Rare","damage_taken":0,"max_hp_gain":10,"max_hp_loss":0,"event_name":"Bonfire Elementals","floor":20,"gold_loss":0},{"damage_healed":0,"gold_gain":0,"player_choice":"Fight","damage_taken":0,"max_hp_gain":0,"max_hp_loss":0,"event_name":"Mysterious Sphere","floor":37,"gold_loss":0},{"damage_healed":0,"gold_gain":0,"player_choice":"Upgraded","damage_taken":0,"max_hp_gain":0,"max_hp_loss":0,"event_name":"Upgrade Shrine","floor":38,"gold_loss":0,"cards_upgraded":["Capacitor"]}],"is_beta":false,"boss_relics":[{"not_picked":["Cursed Key","Empty Cage"],"picked":"FrozenCore"},{"not_picked":["Runic Pyramid","Calling Bell"],"picked":"Nuclear Battery"}],"items_purged_floors":[5,30],"is_endless":false,"potions_floor_spawned":[1,3,10,12,13,21,23,25,31,35,37],"killed_by":"Reptomancer","ascension_level":6}