{"gold_per_floor":[119,119,44,54,68,68,95,95,170,170,27,58,76,102,102,203,203,221,221,221,136,136],"floor_reached":22,"playtime":605,"items_purged":["Defend_B"],"score":260,"play_id":"0b2205d1-a2d7-4098-872c-f52d3a5d3ea2","local_time":"20181118145051","is_ascension_mode":true,"campfire_choices":[{"data":"Zap","floor":6,"key":"SMITH"},{"floor":8,"key":"REST"},{"floor":10,"key":"REST"},{"floor":15,"key":"REST"}],"neow_cost":"NONE","seed_source_timestamp":212672418576702,"circlet_count":0,"master_deck":["Strike_B","Strike_B","Strike_B","Defend_B","Defend_B","Defend_B","Zap+1","Dualcast","Melter","Beam Cell","Echo Form","Hologram","Go for the Eyes","Defragment","Thunder Strike","Coolheaded+1"],"relics":["Cracked Core","Centennial Puzzle","Sundial","Oddly Smooth Stone","Matryoshka","Question Card","Inserter","MutagenicStrength","Regal Pillow","Bottled Lightning","Happy Flower"],"potions_floor_usage":[12,16,16,22],"damage_taken":[{"damage":0,"enemies":"Small Slimes","floor":1,"turns":2},{"damage":0,"enemies":"Cultist","floor":4,"turns":2},{"damage":7,"enemies":"2 Louse","floor":5,"turns":2},{"damage":45,"enemies":"3 Sentries","floor":7,"turns":7},{"damage":20,"enemies":"Lagavulin","floor":12,"turns":3},{"damage":12,"enemies":"Exordium Wildlife","floor":13,"turns":2},{"damage":20,"enemies":"3 Sentries","floor":14,"turns":6},{"damage":6,"enemies":"Hexaghost","floor":16,"turns":6},{"damage":34,"enemies":"2 Thieves","floor":18,"turns":4},{"damage":33,"enemies":"Masked Bandits","floor":22,"turns":3}],"seed_played":"2118966666152973967","potions_obtained":[{"floor":5,"key":"GamblersBrew"},{"floor":12,"key":"Poison Potion"},{"floor":13,"key":"FocusPotion"},{"floor":16,"key":"EssenceOfSteel"}],"is_trial":false,"path_per_floor":["M","?","$","M","M","R","E","R","T","R","$","E","M","E","R","B",null,"M","?","T","?","?"],"character_chosen":"DEFECT","items_purchased":["Oddly Smooth Stone"],"campfire_rested":3,"item_purchase_floors":[11],"current_hp_per_floor":[68,68,68,68,61,61,16,38,38,60,60,40,28,8,30,24,62,28,28,28,28,0],"gold":136,"neow_bonus":"THREE_CARDS","is_prod":false,"is_daily":false,"chose_seed":false,"campfire_upgraded":1,"win_rate":0,"timestamp":1542549051,"path_taken":["M","?","?","M","M","R","E","R","T","R","$","E","M","E","R","BOSS","M","?","?","?","?"],"build_version":"2018-11-15","purchased_purges":1,"victory":false,"max_hp_per_floor":[75,75,75,75,75,75,75,75,75,75,75,75,75,75,75,75,75,75,75,75,75,75],"card_choices":[{"not_picked":["Stack","Steam"],"picked":"Melter","floor":0},{"not_picked":["Genetic Algorithm","Stack"],"picked":"Beam Cell","floor":1},{"not_picked":["Force Field","Skim","Recycle"],"picked":"SKIP","floor":4},{"not_picked":["Reinforced Body","Beam Cell","Steam"],"picked":"SKIP","floor":5},{"not_picked":["Amplify","Stack"],"picked":"Echo Form","floor":7},{"not_picked":["Consume","Redo"],"picked":"Hologram","floor":12},{"not_picked":["Sweeping Beam","Barrage"],"picked":"Go for the Eyes","floor":13},{"not_picked":["Stack","Rebound"],"picked":"Defragment","floor":14},{"not_picked":["Buffer","Reboot","Hyperbeam"],"picked":"Thunder Strike","floor":16},{"not_picked":["Go for the Eyes","Recycle","Compile Driver"],"picked":"Coolheaded+1","floor":18}],"player_experience":155169,"relics_obtained":[{"floor":7,"key":"Centennial Puzzle"},{"floor":9,"key":"Sundial"},{"floor":12,"key":"Matryoshka"},{"floor":14,"key":"Question Card"},{"floor":20,"key":"Regal Pillow"},{"floor":20,"key":"Bottled Lightning"}],"event_choices":[{"cards_removed":["Strike_B"],"damage_healed":0,"gold_gain":0,"player_choice":"Purged","damage_taken":0,"max_hp_gain":0,"max_hp_loss":0,"event_name":"Purifier","floor":2,"gold_loss":0},{"damage_healed":0,"gold_gain":0,"player_choice":"Inject Mutagens","damage_taken":0,"relics_obtained":["MutagenicStrength"],"max_hp_gain":0,"max_hp_loss":0,"event_name":"Drug Dealer","floor":19,"gold_loss":0},{"damage_healed":0,"gold_gain":0,"player_choice":"Obtained Relic","damage_taken":0,"relics_obtained":["Happy Flower"],"max_hp_gain":0,"max_hp_loss":0,"event_name":"Addict","floor":21,"gold_loss":85},{"damage_healed":0,"gold_gain":0,"player_choice":"Fought Bandits","damage_taken":0,"max_hp_gain":0,"max_hp_loss":0,"event_name":"Masked Bandits","floor":22,"gold_loss":0}],"is_beta":false,"boss_relics":[{"not_picked":["Pandora\u0027s Box","Empty Cage"],"picked":"Inserter"}],"items_purged_floors":[3],"is_endless":false,"potions_floor_spawned":[5,12,13,16],"killed_by":"Masked Bandits","ascension_level":6}