{"gold_per_floor":[119,269,269,48,63,93,93,118,118,129,129,184,218,12,12,89,89,108,0,0,0,12,12,12,12,12,12],"floor_reached":27,"playtime":779,"items_purged":["Regret","Doubt"],"score":513,"play_id":"faa47f7f-e9e0-4b81-bb17-2540adbe5bb1","local_time":"20190403002155","is_ascension_mode":true,"campfire_choices":[{"data":"Capacitor","floor":7.0,"key":"SMITH"},{"data":"White Noise","floor":23.0,"key":"SMITH"},{"data":"J.A.X.","floor":25,"key":"SMITH"}],"neow_cost":"NONE","seed_source_timestamp":1134351229922019,"circlet_count":0,"master_deck":["AscendersBane","Defend_B","Defend_B","Defend_B","Defend_B","Dualcast","Glacier","Capacitor+1","Cold Snap","Melter","Hello World","White Noise+1","Sweeping Beam+1","Pot Of Greed","Pot Of Greed+1","Coolheaded","Electrodynamics","Blizzard","Bite","Bite","Bite","Bite","Bite","Pot Of Greed","Stack","J.A.X.+1"],"special_seed":0,"relics":["Cracked Core","NeowsBlessing","Sundial","Snack Pack","Anchor","Baseball","Grinning Jar","Eternal Feather","Blood Vial"],"potions_floor_usage":[],"damage_taken":[{"damage":0.0,"enemies":"2 Louse","floor":1.0,"turns":1.0},{"damage":0.0,"enemies":"Small Slimes","floor":5.0,"turns":1.0},{"damage":0.0,"enemies":"Gremlin Nob","floor":6.0,"turns":1.0},{"damage":7.0,"enemies":"Lagavulin","floor":8.0,"turns":8.0},{"damage":0.0,"enemies":"Jaw Worm","floor":10.0,"turns":4.0},{"damage":26.0,"enemies":"Gremlin Nob","floor":13.0,"turns":4.0},{"damage":10.0,"enemies":"Slime Boss","floor":16.0,"turns":11.0},{"damage":8.0,"enemies":"Shell Parasite","floor":18.0,"turns":6.0},{"damage":0.0,"enemies":"Spheric Guardian","floor":22.0,"turns":1.0},{"damage":30,"enemies":"Centurion and Healer","floor":27,"turns":8}],"seed_played":"3488887493841488487","potions_obtained":[{"floor":1.0,"key":"Cursed Concoction"},{"floor":13.0,"key":"Block Potion"}],"is_trial":false,"path_per_floor":["M","?","?","$","M","E","R","E","T","M","?","?","E","$","R","B",null,"M","?","?","?","M","R","?","R","T","M"],"character_chosen":"DEFECT","items_purchased":["Capacitor","Fire Potion","Coolheaded","Adrenaline Potion"],"campfire_rested":0,"item_purchase_floors":[4,4,14,14],"current_hp_per_floor":[64,64,64,64,64,64,64,59,59,63,63,63,39,39,60,58,68,62,62,49,49,49,49,49,49,49,34],"gold":12,"neow_bonus":"THREE_ENEMY_KILL","is_prod":false,"is_daily":false,"chose_seed":false,"campfire_upgraded":3,"win_rate":0,"timestamp":1554268915,"path_taken":["M","?","?","$","M","E","R","E","T","M","?","?","E","$","R","BOSS","M","?","?","?","?","R","?","R","T","M"],"build_version":"2019-01-23","purchased_purges":2,"victory":false,"max_hp_per_floor":[71,71,71,71,71,71,71,71,71,71,71,71,71,71,71,71,71,71,71,49,49,49,49,49,49,49,49],"card_choices":[{"not_picked":["Go for the Eyes","Redo"],"picked":"Glacier","floor":1.0},{"not_picked":["Beam Cell","Leap"],"picked":"Cold Snap","floor":5.0},{"not_picked":["Storm","Turbo"],"picked":"Melter","floor":6.0},{"not_picked":["Steam Power","Scrape"],"picked":"Hello World","floor":8.0},{"not_picked":["Ball Lightning","Barrage"],"picked":"White Noise","floor":10.0},{"not_picked":["ReplayTheSpireMod:Repulse","Steam"],"picked":"Loop","floor":13.0},{"not_picked":["Biased Cognition","Machine Learning"],"picked":"Electrodynamics","floor":16.0},{"not_picked":["Go for the Eyes+1","Streamline"],"picked":"Blizzard","floor":18.0},{"not_picked":["ReplayTheSpireMod:GoodbyeWorld","Compile Driver"],"picked":"Stack","floor":22.0}],"player_experience":880670,"relics_obtained":[{"floor":6.0,"key":"Snack Pack"},{"floor":8.0,"key":"Anchor"},{"floor":9.0,"key":"Baseball"},{"floor":13.0,"key":"Grinning Jar"},{"floor":26,"key":"Blood Vial"}],"event_choices":[{"damage_healed":0.0,"max_hp_gain":0.0,"max_hp_loss":0.0,"gold_gain":150.0,"event_name":"Liars Game","player_choice":"AGREE","floor":2.0,"gold_loss":0.0,"damage_taken":0.0,"cards_obtained":["Doubt"]},{"damage_healed":0.0,"max_hp_gain":0.0,"max_hp_loss":0.0,"gold_gain":0.0,"event_name":"Big Fish","player_choice":"Box","floor":3.0,"gold_loss":0.0,"damage_taken":0.0,"relics_obtained":["Sundial"],"cards_obtained":["Regret"]},{"damage_healed":0.0,"max_hp_gain":0.0,"max_hp_loss":0.0,"gold_gain":55.0,"event_name":"Golden Wing","player_choice":"Gained Gold","floor":12.0,"gold_loss":0.0,"damage_taken":0.0},{"damage_healed":0.0,"max_hp_gain":0.0,"max_hp_loss":0.0,"gold_gain":0.0,"event_name":"Masked Bandits","player_choice":"Paid Fearfully","floor":19.0,"gold_loss":108.0,"damage_taken":0.0},{"damage_healed":0.0,"max_hp_gain":0.0,"max_hp_loss":22.0,"gold_gain":0.0,"event_name":"Vampires","player_choice":"Became a vampire","floor":20.0,"gold_loss":0.0,"damage_taken":0.0,"cards_obtained":["Bite","Bite","Bite","Bite","Bite"]},{"cards_removed":["Loop"],"damage_healed":0.0,"max_hp_gain":0.0,"max_hp_loss":0.0,"gold_gain":0.0,"event_name":"Bonfire Elementals","player_choice":"Offered Uncommon","floor":21.0,"gold_loss":0.0,"damage_taken":0.0},{"damage_healed":0,"gold_gain":0,"player_choice":"Obtain J.A.X.","damage_taken":0,"max_hp_gain":0,"max_hp_loss":0,"event_name":"Drug Dealer","floor":24,"gold_loss":0,"cards_obtained":["J.A.X."]}],"is_beta":false,"boss_relics":[{"not_picked":["ChewingGum","Painkiller Herb"],"picked":"Eternal Feather"}],"items_purged_floors":[4,14],"is_endless":false,"potions_floor_spawned":[1,5,13,16],"killed_by":"Centurion and Healer","ascension_level":19}