{"gold_per_floor":[167,167,167,188,263,263,298,20,20,41,74,104,104,120,120,216,216,191,191,214,229,229,229],"floor_reached":23,"playtime":1257,"items_purged":[],"score":381,"play_id":"c77bfb16-e5a9-4a39-a114-a646e36130c4","local_time":"20190413141202","is_ascension_mode":true,"campfire_choices":[{"data":"Dagger Spray","floor":6,"key":"SMITH"},{"data":"Strike_G","floor":13,"key":"PURGE"},{"data":"Strike_G","floor":15,"key":"PURGE"}],"neow_cost":"NONE","seed_source_timestamp":7343151781868,"circlet_count":0,"master_deck":["AscendersBane","Defend_G+1","Defend_G+1","Defend_G+1","Defend_G+1","Defend_G+1","Strike_G+1","Strike_G+1","Strike_G+1","Survivor","Neutralize","Backflip","Dagger Spray+1","Leg Sweep","Noxious Fumes","Footwork","Leg Sweep","Doppelganger","Cloak And Dagger","After Image","Heel Hook","Necronomicurse","Dodge and Roll"],"relics":["Tiny House","Golden Idol","Happy Flower","ClockworkSouvenir","Peace Pipe","The Courier","Orichalcum","Coffee Dripper","Necronomicon"],"potions_floor_usage":[7,11,11,21],"damage_taken":[{"damage":0,"enemies":"2 Louse","floor":1,"turns":4},{"damage":0,"enemies":"Jaw Worm","floor":4,"turns":5},{"damage":18,"enemies":"3 Sentries","floor":7,"turns":10},{"damage":0,"enemies":"Cultist","floor":10,"turns":6},{"damage":0,"enemies":"Gremlin Nob","floor":11,"turns":4},{"damage":0,"enemies":"Red Slaver","floor":14,"turns":5},{"damage":20,"enemies":"The Guardian","floor":16,"turns":19},{"damage":19,"enemies":"2 Thieves","floor":18,"turns":5},{"damage":0,"enemies":"Shell Parasite","floor":20,"turns":9},{"damage":0,"enemies":"Cultist and Chosen","floor":21,"turns":10},{"damage":26,"enemies":"Book of Stabbing","floor":23,"turns":10}],"seed_played":"-267493503268215437","potions_obtained":[{"floor":0,"key":"Swift Potion"},{"floor":4,"key":"SneckoOil"},{"floor":7,"key":"Poison Potion"},{"floor":18,"key":"SkillPotion"},{"floor":21,"key":"SteroidPotion"}],"is_trial":false,"path_per_floor":["M","?","?","M","?","R","E","$","T","M","E","?","R","M","R","B",null,"M","?","M","M","?","E"],"character_chosen":"THE_SILENT","items_purchased":["Footwork","ClockworkSouvenir"],"campfire_rested":0,"item_purchase_floors":[8,8],"current_hp_per_floor":[64,69,50,50,39,39,21,21,21,21,21,21,21,21,21,1,57,38,22,22,22,22,0],"gold":229,"neow_bonus":"BOSS_RELIC","is_prod":false,"is_daily":false,"chose_seed":false,"campfire_upgraded":1,"win_rate":0,"timestamp":1555189922,"path_taken":["M","?","?","M","?","R","E","$","T","M","E","?","R","M","R","BOSS","M","?","M","M","?","E"],"build_version":"2019-01-23","purchased_purges":0,"victory":false,"max_hp_per_floor":[71,76,76,76,76,76,76,76,76,76,76,76,76,76,76,76,76,76,76,76,76,76,76],"card_choices":[{"not_picked":["Prepared","Deadly Poison"],"picked":"Backflip","floor":0},{"not_picked":["Catalyst","Slice"],"picked":"Dagger Spray","floor":1},{"not_picked":["Bane","Underhanded Strike"],"picked":"Leg Sweep","floor":4},{"not_picked":["Cloak And Dagger","Bane"],"picked":"Noxious Fumes","floor":7},{"not_picked":["Heel Hook","Underhanded Strike"],"picked":"Leg Sweep","floor":10},{"not_picked":["Slice","Calculated Gamble"],"picked":"Doppelganger","floor":11},{"not_picked":["Predator","Quick Slash"],"picked":"Cloak And Dagger","floor":14},{"not_picked":["Adrenaline","A Thousand Cuts"],"picked":"After Image","floor":16},{"not_picked":["Skewer","Expertise"],"picked":"Heel Hook","floor":18},{"not_picked":["Flying Knee","Outmaneuver","Bane"],"picked":"SKIP","floor":20},{"not_picked":["Prepared","Backflip"],"picked":"Dodge and Roll","floor":21}],"player_experience":368375,"relics_obtained":[{"floor":7,"key":"Happy Flower"},{"floor":9,"key":"Peace Pipe"},{"floor":11,"key":"The Courier"},{"floor":19,"key":"Necronomicon"}],"event_choices":[{"damage_healed":0,"gold_gain":0,"player_choice":"Donut","damage_taken":0,"max_hp_gain":5,"max_hp_loss":0,"event_name":"Big Fish","floor":2,"gold_loss":0},{"damage_healed":0,"gold_gain":0,"player_choice":"Take Damage","damage_taken":19,"relics_obtained":["Golden Idol"],"max_hp_gain":0,"max_hp_loss":0,"event_name":"Golden Idol","floor":3,"gold_loss":0},{"damage_healed":0,"gold_gain":75,"player_choice":"Gather Gold","damage_taken":11,"max_hp_gain":0,"max_hp_loss":0,"event_name":"World of Goop","floor":5,"gold_loss":0},{"damage_healed":0,"gold_gain":30,"player_choice":"Searched \u00273\u0027 times","damage_taken":0,"relics_obtained":["Orichalcum"],"max_hp_gain":0,"max_hp_loss":0,"event_name":"Dead Adventurer","floor":12,"gold_loss":0},{"damage_healed":0,"gold_gain":0,"player_choice":"Obtained Book","damage_taken":16,"max_hp_gain":0,"max_hp_loss":0,"event_name":"Cursed Tome","floor":19,"gold_loss":0},{"damage_healed":0,"gold_gain":0,"player_choice":"Simplicity","damage_taken":0,"max_hp_gain":0,"max_hp_loss":0,"event_name":"Back to Basics","floor":22,"gold_loss":0,"cards_upgraded":["Defend_G","Defend_G","Defend_G","Defend_G","Defend_G","Strike_G","Strike_G"]}],"is_beta":false,"boss_relics":[{"not_picked":["HoveringKite","Ectoplasm"],"picked":"Coffee Dripper"}],"items_purged_floors":[],"is_endless":false,"potions_floor_spawned":[4,7,18,21],"killed_by":"Book of Stabbing","ascension_level":14}