{"gold_per_floor":[119,137,157,110,35,100,100,275,347,347,387,410,410,410,410,530,530,543,556,282,305,330,330,330],"floor_reached":24,"playtime":933,"items_purged":["Cold Snap"],"score":206,"play_id":"8cc778e0-4480-4af4-a99f-839c19af1aa5","local_time":"20180722231822","is_ascension_mode":false,"campfire_choices":[{"floor":7,"key":"REST"},{"floor":13,"key":"REST"},{"floor":15,"key":"REST"},{"floor":23,"key":"REST"}],"neow_cost":"NONE","seed_source_timestamp":126469624649716,"circlet_count":0,"master_deck":["Zap","Dualcast","Ball Lightning","Tempest","Defragment+1","Doubt","Injury","Biased Cognition","Cold Snap","Stack","Aggregate","Cold Snap","Auto Shields","Lockon","Reinforced Body","Tempest","Defragment+1"],"relics":["Cracked Core","Tiny Chest","Mercury Hourglass","Golden Idol","Incense Burner","Pandora\u0027s Box","Medical Kit"],"potions_floor_usage":[6,12,21,22,24],"damage_taken":[{"damage":0,"enemies":"Cultist","floor":1,"turns":3},{"damage":7,"enemies":"Small Slimes","floor":2,"turns":3},{"damage":0,"enemies":"2 Louse","floor":3,"turns":2},{"damage":35,"enemies":"3 Sentries","floor":6,"turns":5},{"damage":26,"enemies":"Lagavulin","floor":11,"turns":5},{"damage":5,"enemies":"Looter","floor":12,"turns":2},{"damage":19,"enemies":"The Guardian","floor":16,"turns":7},{"damage":18,"enemies":"2 Thieves","floor":18,"turns":4},{"damage":6,"enemies":"3 Byrds","floor":19,"turns":4},{"damage":0,"enemies":"Snecko","floor":21,"turns":4},{"damage":21,"enemies":"Snake Plant","floor":22,"turns":4},{"damage":35,"enemies":"Gremlin Leader","floor":24,"turns":4}],"seed_played":"-603992880629196578","potions_obtained":[{"floor":3,"key":"Ancient Potion"},{"floor":11,"key":"Poison Potion"},{"floor":12,"key":"SpeedPotion"},{"floor":18,"key":"Block Potion"},{"floor":21,"key":"PowerPotion"},{"floor":22,"key":"Strength Potion"}],"is_trial":false,"path_per_floor":["M","M","M","?","$","E","R","?","T","?","E","M","R","?","R","B",null,"M","M","$","M","M","R"],"character_chosen":"DEFECT","items_purchased":["Defragment","Medical Kit"],"campfire_rested":4,"item_purchase_floors":[5,20],"current_hp_per_floor":[75,68,68,68,68,33,55,55,55,55,29,24,46,46,68,49,75,57,51,51,51,30,52,17],"gold":330,"neow_bonus":"THREE_CARDS","is_prod":false,"is_daily":false,"chose_seed":false,"campfire_upgraded":0,"win_rate":0.0,"timestamp":1532326702,"path_taken":["M","?","M","?","$","E","R","?","T","?","E","M","R","?","R","BOSS","M","M","$","M","M","R","E"],"build_version":"2018-07-19v2","purchased_purges":1,"victory":false,"max_hp_per_floor":[75,75,75,75,75,75,75,75,75,75,75,75,75,75,75,75,75,75,75,75,75,75,75,75],"card_choices":[{"not_picked":["Leap","Melter","Gash"],"picked":"SKIP","floor":1},{"not_picked":["Compile Driver","Auto Shields"],"picked":"Ball Lightning","floor":2},{"not_picked":["Compile Driver","Storm"],"picked":"Tempest","floor":3},{"not_picked":["BootSequence","Doom and Gloom","Rip and Tear"],"picked":"SKIP","floor":6},{"not_picked":["Streamline","Conserve Battery"],"picked":"Biased Cognition","floor":11},{"not_picked":["Hologram","Go for the Eyes","Beam Cell"],"picked":"SKIP","floor":12},{"not_picked":["Aggregate","Compile Driver"],"picked":"Tempest","floor":18},{"not_picked":["Coolheaded","Stack","Go for the Eyes"],"picked":"SKIP","floor":19},{"not_picked":["White Noise","Reprogram"],"picked":"Defragment+1","floor":21},{"not_picked":["Auto Shields","Leap","White Noise"],"picked":"SKIP","floor":22}],"player_experience":78906,"relics_obtained":[{"floor":6,"key":"Tiny Chest"},{"floor":9,"key":"Mercury Hourglass"},{"floor":11,"key":"Incense Burner"}],"event_choices":[{"event_name":"World of Goop","player_choice":"Left","floor":4,"damage_taken":0},{"event_name":"Liars Game","player_choice":"agreed","floor":8,"damage_taken":0},{"event_name":"Golden Idol","player_choice":"Take Wound","floor":10,"damage_taken":0},{"event_name":"Living Wall","player_choice":"Grow","floor":14,"damage_taken":0}],"is_beta":false,"boss_relics":[{"not_picked":["Empty Cage","Nuclear Battery"],"picked":"Pandora\u0027s Box"}],"items_purged_floors":[20],"is_endless":false,"potions_floor_spawned":[3,11,12,18,21,22],"killed_by":"Gremlin Leader","ascension_level":0}