{"gold_per_floor":[16,34,51,64,81,81,111,131,131,24,24,24,42,42,42,42],"floor_reached":16,"playtime":4694,"items_purged":[],"score":166,"play_id":"4b13abfd-66a5-45bb-a2ee-4163bb6c244f","local_time":"20190408013110","is_ascension_mode":true,"campfire_choices":[{"floor":6,"key":"REST"},{"floor":11,"key":"REST"},{"floor":15,"key":"REST"}],"neow_cost":"NO_GOLD","seed_source_timestamp":97548887029697,"circlet_count":0,"master_deck":["AscendersBane","Strike_B","Strike_B","Strike_B","Strike_B","Defend_B","Defend_B","Defend_B","Zap","Dualcast","Defragment","Auto Shields","Buffer","Defragment","White Noise+1","Rebound"],"relics":["Cracked Core","Emotion Chip","Toxic Egg 2","Ancient Tea Set"],"potions_floor_usage":[7,7,16],"damage_taken":[{"damage":0,"enemies":"Cultist","floor":1,"turns":4},{"damage":5,"enemies":"2 Louse","floor":2,"turns":3},{"damage":3,"enemies":"Jaw Worm","floor":3,"turns":4},{"damage":3,"enemies":"Blue Slaver","floor":4,"turns":5},{"damage":8,"enemies":"Large Slime","floor":5,"turns":6},{"damage":67,"enemies":"Gremlin Nob","floor":7,"turns":5},{"damage":0,"enemies":"3 Louse","floor":8,"turns":4},{"damage":11,"enemies":"Looter","floor":13,"turns":3},{"damage":44,"enemies":"Slime Boss","floor":16,"turns":11}],"seed_played":"4501108580050001179","potions_obtained":[{"floor":1,"key":"PowerPotion"},{"floor":2,"key":"SkillPotion"},{"floor":7,"key":"Strength Potion"}],"is_trial":false,"path_per_floor":["M","M","M","M","M","R","E","M","T","$","R","?","M","$","R","B"],"character_chosen":"DEFECT","items_purchased":["Defragment","White Noise+1"],"campfire_rested":3,"item_purchase_floors":[10,10],"current_hp_per_floor":[68,63,60,57,49,71,4,4,4,4,26,26,15,15,37,0],"gold":42,"neow_bonus":"ONE_RARE_RELIC","is_prod":false,"is_daily":false,"chose_seed":false,"campfire_upgraded":0,"win_rate":0,"timestamp":1554705070,"path_taken":["M","M","M","M","M","R","E","?","T","$","R","?","M","?","R","BOSS"],"build_version":"2019-01-23","purchased_purges":0,"victory":false,"max_hp_per_floor":[75,75,75,75,75,75,75,75,75,75,75,75,75,75,75,75],"card_choices":[{"not_picked":["Conserve Battery","Rebound"],"picked":"Defragment","floor":1},{"not_picked":["Go for the Eyes","Ball Lightning"],"picked":"Auto Shields","floor":2},{"not_picked":["Stack","Loop","Streamline"],"picked":"SKIP","floor":3},{"not_picked":["Consume","Leap","Melter"],"picked":"SKIP","floor":4},{"not_picked":["Stack","Hologram","Storm"],"picked":"SKIP","floor":5},{"not_picked":["Hologram","Static Discharge"],"picked":"Buffer","floor":7},{"not_picked":["Steam Power+1","Compile Driver","Heatsinks"],"picked":"SKIP","floor":8},{"not_picked":["Heatsinks","Gash"],"picked":"Rebound","floor":13}],"player_experience":287599,"relics_obtained":[{"floor":7,"key":"Toxic Egg 2"},{"floor":9,"key":"Ancient Tea Set"}],"event_choices":[{"cards_removed":["Defend_B"],"damage_healed":0,"gold_gain":0,"player_choice":"Purged","damage_taken":0,"max_hp_gain":0,"max_hp_loss":0,"event_name":"Purifier","floor":12,"gold_loss":0}],"is_beta":false,"boss_relics":[],"items_purged_floors":[],"is_endless":false,"potions_floor_spawned":[1,2,7],"killed_by":"Slime Boss","ascension_level":12}