{"gold_per_floor":[114,114,114,114,130,130,32,61,84,84,84,96,96,96,96,199,199,199],"floor_reached":18,"playtime":10363,"items_purged":[],"score":296,"play_id":"ddb9aa4f-ebcc-48e7-865f-acaa1d6af788","local_time":"20190303174706","is_ascension_mode":true,"campfire_choices":[{"data":"Loop","floor":6,"key":"SMITH"},{"data":"Coolheaded","floor":11,"key":"SMITH"},{"data":"Reprogram","floor":13,"key":"SMITH"},{"data":"Lockon","floor":15,"key":"SMITH"}],"neow_cost":"NONE","seed_source_timestamp":97890987350724,"circlet_count":0,"master_deck":["AscendersBane","Strike_B","Strike_B","Defend_B","Defend_B","Defend_B","Defend_B","Zap","Dualcast","Loop+1","Reprogram+1","Coolheaded+1","Cold Snap","Self Repair","Lockon+1","Buffer"],"relics":["Cracked Core","NeowsBlessing","Ginger","Blood Vial","Philosopher\u0027s Stone"],"potions_floor_usage":[14,16],"damage_taken":[{"damage":0,"enemies":"2 Louse","floor":1,"turns":1},{"damage":0,"enemies":"Cultist","floor":5,"turns":1},{"damage":0,"enemies":"3 Sentries","floor":8,"turns":1},{"damage":5,"enemies":"Jaw Worm","floor":12,"turns":4},{"damage":0,"enemies":"Lagavulin","floor":14,"turns":1},{"damage":60,"enemies":"Hexaghost","floor":16,"turns":13},{"damage":20,"enemies":"Spheric Guardian","floor":18,"turns":4}],"seed_played":"7202012384084110684","potions_obtained":[{"floor":1,"key":"FairyPotion"},{"floor":5,"key":"Energy Potion"},{"floor":16,"key":"EssenceOfSteel"}],"is_trial":false,"path_per_floor":["M","?","?","?","M","R","$","E","T","?","R","M","R","E","R","B",null,"M"],"character_chosen":"DEFECT","items_purchased":["SmokeBomb"],"campfire_rested":0,"item_purchase_floors":[7],"current_hp_per_floor":[68,68,68,75,75,75,75,75,75,75,75,75,75,75,75,22,62,44],"gold":199,"neow_bonus":"THREE_ENEMY_KILL","is_prod":false,"is_daily":false,"chose_seed":false,"campfire_upgraded":4,"win_rate":0,"timestamp":1551656826,"path_taken":["M","?","?","?","?","R","$","E","T","?","R","M","R","E","R","BOSS","M"],"build_version":"2019-01-23","purchased_purges":0,"victory":false,"max_hp_per_floor":[75,75,75,75,75,75,75,75,75,75,75,75,75,75,75,75,75,75],"card_choices":[{"not_picked":["Chaos","Beam Cell"],"picked":"Loop","floor":1},{"not_picked":["Steam","Conserve Battery"],"picked":"Coolheaded","floor":5},{"not_picked":["Fusion","Sweeping Beam"],"picked":"Cold Snap","floor":8},{"not_picked":["Redo","Storm"],"picked":"Lockon","floor":12},{"not_picked":["Amplify","Multi-Cast"],"picked":"Buffer","floor":16}],"player_experience":607508,"relics_obtained":[{"floor":8,"key":"Ginger"},{"floor":9,"key":"Blood Vial"}],"event_choices":[{"damage_healed":0,"gold_gain":0,"player_choice":"Ignored","damage_taken":0,"max_hp_gain":0,"max_hp_loss":0,"event_name":"Shining Light","floor":2,"gold_loss":0},{"damage_healed":0,"gold_gain":0,"cards_transformed":["Strike_B"],"player_choice":"Change","damage_taken":0,"max_hp_gain":0,"max_hp_loss":0,"event_name":"Living Wall","floor":3,"gold_loss":0,"cards_obtained":["Reprogram"]},{"damage_healed":7,"gold_gain":0,"player_choice":"Full Heal","damage_taken":0,"max_hp_gain":0,"max_hp_loss":0,"event_name":"Wheel of Change","floor":4,"gold_loss":0},{"damage_healed":0,"gold_gain":0,"cards_transformed":["Strike_B"],"player_choice":"Transformed","damage_taken":0,"max_hp_gain":0,"max_hp_loss":0,"event_name":"Transmorgrifier","floor":10,"gold_loss":0,"cards_obtained":["Self Repair"]}],"is_beta":false,"boss_relics":[{"not_picked":["Runic Dome","Velvet Choker"],"picked":"Philosopher\u0027s Stone"}],"items_purged_floors":[],"is_endless":false,"potions_floor_spawned":[1,5,16],"killed_by":"Spheric Guardian","ascension_level":11}