{"gold_per_floor":[110,37,37,37,48,81,81,46,70,82,140,140,140,160,160,264,264,279,279,279,84,54],"floor_reached":22,"playtime":813,"items_purged":["Regret"],"score":247,"play_id":"a55b5eec-862a-4e4d-995a-966c91c5b8e0","local_time":"20190209181109","is_ascension_mode":true,"campfire_choices":[{"floor":7,"key":"REST"},{"floor":12,"key":"REST"},{"floor":15,"key":"REST"}],"neow_cost":"TEN_PERCENT_HP_LOSS","seed_source_timestamp":360459953656290,"circlet_count":0,"master_deck":["Strike_B","Strike_B","Defend_B","Defend_B","Defend_B","Defend_B","Zap","Dualcast","Melter","Cold Snap","Capacitor","Gash","Rip and Tear","Echo Form","Writhe","Injury","Fusion+1","Self Repair","BootSequence"],"relics":["Cracked Core","Potion Belt","Calling Bell","Ornamental Fan","Emotion Chip","Kunai","Nloth\u0027s Gift"],"potions_floor_usage":[13,16,18],"damage_taken":[{"damage":2,"enemies":"Jaw Worm","floor":1,"turns":4},{"damage":9,"enemies":"Small Slimes","floor":5,"turns":4},{"damage":44,"enemies":"3 Sentries","floor":6,"turns":17},{"damage":0,"enemies":"Cultist","floor":10,"turns":3},{"damage":0,"enemies":"Gremlin Nob","floor":13,"turns":2},{"damage":9,"enemies":"3 Louse","floor":14,"turns":4},{"damage":56,"enemies":"Slime Boss","floor":16,"turns":11},{"damage":38,"enemies":"Shell Parasite","floor":18,"turns":8},{"damage":7,"enemies":"2 Thieves","floor":22,"turns":2}],"seed_played":"-4772512465420607376","potions_obtained":[{"floor":5,"key":"Weak Potion"},{"floor":10,"key":"SmokeBomb"},{"floor":16,"key":"PowerPotion"}],"is_trial":false,"path_per_floor":["M","$","?","$","M","E","R","?","T","M","?","R","E","M","R","B",null,"M","?","?","$","M"],"character_chosen":"DEFECT","items_purchased":["Melter","Self Repair","BootSequence"],"campfire_rested":3,"item_purchase_floors":[2,21,21],"current_hp_per_floor":[66,66,66,66,57,13,33,33,33,33,33,53,53,44,64,8,53,15,15,15,15,8],"gold":54,"neow_bonus":"REMOVE_TWO","is_prod":false,"is_daily":false,"chose_seed":false,"campfire_upgraded":0,"win_rate":0,"timestamp":1549757469,"path_taken":["M","$","?","$","M","E","R","?","T","M","?","R","E","M","R","BOSS","M","?","?","$","?"],"build_version":"2019-01-23","purchased_purges":1,"victory":false,"max_hp_per_floor":[68,68,68,68,68,68,68,68,68,68,68,68,68,68,68,68,68,68,68,68,68,68],"card_choices":[{"not_picked":["Redo","Go for the Eyes","Stack"],"picked":"SKIP","floor":1},{"not_picked":["Aggregate","Barrage"],"picked":"Cold Snap","floor":5},{"not_picked":["Turbo","Cold Snap"],"picked":"Capacitor","floor":6},{"not_picked":["Stack","Compile Driver"],"picked":"Gash","floor":10},{"not_picked":["Barrage","Aggregate"],"picked":"Rip and Tear","floor":14},{"not_picked":["Multi-Cast","Amplify"],"picked":"Echo Form","floor":16},{"not_picked":["Steam Power","Chaos"],"picked":"Fusion+1","floor":18}],"player_experience":467043,"relics_obtained":[{"floor":6,"key":"Potion Belt"},{"floor":17,"key":"Omamori"},{"floor":17,"key":"Ornamental Fan"},{"floor":17,"key":"Emotion Chip"}],"event_choices":[{"damage_healed":0,"gold_gain":0,"player_choice":"Leave","damage_taken":0,"max_hp_gain":0,"max_hp_loss":0,"event_name":"The Cleric","floor":3,"gold_loss":0},{"damage_healed":0,"gold_gain":0,"player_choice":"Left Gold","damage_taken":0,"max_hp_gain":0,"max_hp_loss":0,"event_name":"World of Goop","floor":8,"gold_loss":35},{"damage_healed":0,"gold_gain":58,"player_choice":"Gained Gold","damage_taken":0,"max_hp_gain":0,"max_hp_loss":0,"event_name":"Golden Wing","floor":11,"gold_loss":0},{"damage_healed":0,"gold_gain":0,"player_choice":"Stole Relic","damage_taken":0,"relics_obtained":["Kunai"],"max_hp_gain":0,"max_hp_loss":0,"event_name":"Addict","floor":19,"gold_loss":0,"cards_obtained":["Shame"]},{"damage_healed":0,"gold_gain":0,"player_choice":"Traded Relic","damage_taken":0,"relics_obtained":["Nloth\u0027s Gift"],"max_hp_gain":0,"max_hp_loss":0,"event_name":"N\u0027loth","floor":20,"relics_lost":["Omamori"],"gold_loss":0}],"is_beta":false,"boss_relics":[{"not_picked":["Runic Pyramid","Pandora\u0027s Box"],"picked":"Calling Bell"}],"items_purged_floors":[21],"is_endless":false,"potions_floor_spawned":[5,10,16],"killed_by":"2 Thieves","ascension_level":6}