{"gold_per_floor":[19,32,51,51,51,78,97,122,145,162,162,178,178,210,210,311,311,330,346,364,364,94,119,135,135,187,205,205],"floor_reached":28,"playtime":1667,"items_purged":["Pain"],"score":288,"play_id":"eaaa73de-ca4a-4954-a35e-de06191b2cb2","local_time":"20181029135001","is_ascension_mode":true,"campfire_choices":[{"data":"Immolate","floor":11,"key":"SMITH"},{"data":"Rupture","floor":13,"key":"SMITH"},{"floor":15,"key":"REST"}],"neow_cost":"NO_GOLD","seed_source_timestamp":41102961601316,"circlet_count":0,"master_deck":["Strike_R","Strike_R","Strike_R","Strike_R","Strike_R","Defend_R","Defend_R","Bash","Seeing Red","Bloodletting+1","Iron Wave","Pummel","Disarm+1","True Grit","Immolate+1","Iron Wave","Rupture+1","Flame Barrier+1","Rampage","Shrug It Off+1","Battle Trance+1","Limit Break+1","Shame","Doubt","Warcry+1","Warcry+1","Headbutt","Decay"],"relics":["Burning Blood","Toxic Egg 2","War Paint","Vajra","Pen Nib","Calling Bell","Juzu Bracelet","Pantograph","Champion Belt","Nilry\u0027s Codex","Toy Ornithopter","Frozen Egg 2","Smiling Mask"],"potions_floor_usage":[1,6,14,16,20,24],"damage_taken":[{"damage":5,"enemies":"Jaw Worm","floor":1,"turns":3},{"damage":6,"enemies":"Cultist","floor":2,"turns":4},{"damage":0,"enemies":"Small Slimes","floor":3,"turns":3},{"damage":25,"enemies":"3 Sentries","floor":6,"turns":6},{"damage":0,"enemies":"Gremlin Gang","floor":7,"turns":1},{"damage":36,"enemies":"Gremlin Nob","floor":8,"turns":5},{"damage":9,"enemies":"Red Slaver","floor":10,"turns":3},{"damage":5,"enemies":"Exordium Wildlife","floor":12,"turns":2},{"damage":13,"enemies":"3 Sentries","floor":14,"turns":3},{"damage":42,"enemies":"The Guardian","floor":16,"turns":8},{"damage":17,"enemies":"2 Thieves","floor":18,"turns":4},{"damage":9,"enemies":"Spheric Guardian","floor":19,"turns":3},{"damage":23,"enemies":"Chosen and Byrds","floor":20,"turns":5},{"damage":44,"enemies":"Gremlin Leader","floor":23,"turns":8},{"damage":15,"enemies":"Shelled Parasite and Fungi","floor":24,"turns":6},{"damage":0,"enemies":"Sentry and Sphere","floor":27,"turns":1},{"damage":37,"enemies":"Chosen and Byrds","floor":28,"turns":4}],"seed_played":"9172504382666362459","potions_obtained":[{"floor":1,"key":"Fruit Juice"},{"floor":4,"key":"AttackPotion"},{"floor":4,"key":"EssenceOfSteel"},{"floor":4,"key":"FairyPotion"},{"floor":8,"key":"SteroidPotion"},{"floor":10,"key":"PowerPotion"},{"floor":16,"key":"AttackPotion"},{"floor":23,"key":"Explosive Potion"}],"is_trial":false,"path_per_floor":["M","M","M","?","?","E","M","E","T","M","R","M","R","E","R","B",null,"M","M","M","?","$","E","M","?","T","M"],"character_chosen":"IRONCLAD","items_purchased":["Toy Ornithopter"],"campfire_rested":1,"item_purchase_floors":[22],"current_hp_per_floor":[85,85,85,85,85,66,72,42,42,39,39,40,40,33,58,22,85,74,71,54,38,38,11,7,7,7,13,0],"gold":205,"neow_bonus":"TRANSFORM_TWO_CARDS","is_prod":false,"is_daily":false,"chose_seed":false,"campfire_upgraded":2,"win_rate":0,"timestamp":1540839001,"path_taken":["M","M","M","?","?","E","M","E","T","M","R","M","R","E","R","BOSS","M","M","M","?","$","E","M","?","T","M","M"],"build_version":"2018-10-25v2","purchased_purges":1,"victory":false,"max_hp_per_floor":[85,85,85,85,85,85,85,85,85,85,85,85,85,85,85,85,85,85,85,85,85,85,85,85,85,85,85,85],"card_choices":[{"not_picked":["Bloodletting","Thunderclap"],"picked":"Iron Wave","floor":1},{"not_picked":["Clash","Twin Strike"],"picked":"Pummel","floor":2},{"not_picked":["Second Wind","True Grit"],"picked":"Disarm","floor":3},{"not_picked":["Anger","Dropkick"],"picked":"Iron Wave","floor":6},{"not_picked":["True Grit+1","Entrench+1"],"picked":"Rupture","floor":7},{"not_picked":["Sword Boomerang","Heavy Blade"],"picked":"Flame Barrier+1","floor":8},{"not_picked":["Pommel Strike","True Grit+1"],"picked":"Rampage","floor":10},{"not_picked":["Headbutt","Reckless Charge"],"picked":"Shrug It Off+1","floor":12},{"not_picked":["Iron Wave","Disarm+1"],"picked":"Battle Trance+1","floor":14},{"not_picked":["Bludgeon","Demon Form"],"picked":"Limit Break+1","floor":16},{"not_picked":["Sword Boomerang","Heavy Blade"],"picked":"Warcry+1","floor":18},{"not_picked":["Anger+1","Fire Breathing"],"picked":"Warcry+1","floor":19},{"not_picked":["Iron Wave","Power Through+1","Intimidate+1"],"picked":"SKIP","floor":20},{"not_picked":["True Grit+1","Cleave","Iron Wave+1"],"picked":"SKIP","floor":23},{"not_picked":["Iron Wave","Flex+1"],"picked":"Headbutt","floor":24},{"not_picked":["Hemokinesis","Carnage","Reckless Charge+1"],"picked":"SKIP","floor":27}],"player_experience":218965,"relics_obtained":[{"floor":6,"key":"Toxic Egg 2"},{"floor":8,"key":"War Paint"},{"floor":9,"key":"Vajra"},{"floor":14,"key":"Pen Nib"},{"floor":17,"key":"Juzu Bracelet"},{"floor":17,"key":"Pantograph"},{"floor":17,"key":"Champion Belt"},{"floor":21,"key":"Nilry\u0027s Codex"},{"floor":23,"key":"Frozen Egg 2"},{"floor":26,"key":"Smiling Mask"}],"event_choices":[{"damage_healed":0,"gold_gain":0,"player_choice":"Got Potions","damage_taken":0,"max_hp_gain":0,"max_hp_loss":0,"event_name":"The Lab","floor":4,"gold_loss":0},{"damage_healed":0,"gold_gain":0,"player_choice":"2 cards matched","damage_taken":0,"max_hp_gain":0,"max_hp_loss":0,"event_name":"Match and Keep!","floor":5,"gold_loss":0,"cards_obtained":["True Grit","Immolate"]},{"damage_healed":0,"gold_gain":0,"player_choice":"Obtained Book","damage_taken":16,"max_hp_gain":0,"max_hp_loss":0,"event_name":"Cursed Tome","floor":21,"gold_loss":0},{"damage_healed":0,"gold_gain":0,"player_choice":"Smashed Altar","damage_taken":0,"max_hp_gain":0,"max_hp_loss":0,"event_name":"Forgotten Altar","floor":25,"gold_loss":0,"cards_obtained":["Decay"]}],"is_beta":false,"boss_relics":[{"not_picked":["Philosopher\u0027s Stone","Orrery"],"picked":"Calling Bell"}],"items_purged_floors":[22],"is_endless":false,"potions_floor_spawned":[1,8,10,16,23],"killed_by":"Chosen and Byrds","ascension_level":2}