{"gold_per_floor":[114,114,130,149,249,276,287,299,299,317,335,335,366,366,366,366],"floor_reached":16,"playtime":1240,"items_purged":[],"score":120,"play_id":"6517cbac-c19f-4406-8130-771f98d13db1","local_time":"20190414011909","is_ascension_mode":true,"campfire_choices":[{"floor":12,"key":"REST"},{"floor":15,"key":"REST"}],"neow_cost":"NONE","seed_source_timestamp":14703116882568,"circlet_count":0,"master_deck":["Strike_R","Strike_R","Strike_R","Strike_R","Strike_R","Defend_R","Defend_R","Defend_R","Defend_R","Bash+1","Battle Trance","Warcry","Inflame","True Grit","Spot Weakness","Flame Barrier","Havoc+1"],"relics":["Burning Blood","NeowsBlessing","Bottled Flame","Toxic Egg 2"],"potions_floor_usage":[],"damage_taken":[{"damage":0,"enemies":"Jaw Worm","floor":1,"turns":1},{"damage":0,"enemies":"Cultist","floor":3,"turns":1},{"damage":0,"enemies":"Small Slimes","floor":4,"turns":1},{"damage":42,"enemies":"Gremlin Nob","floor":6,"turns":5},{"damage":8,"enemies":"3 Louse","floor":7,"turns":4},{"damage":18,"enemies":"Red Slaver","floor":8,"turns":4},{"damage":16,"enemies":"Large Slime","floor":10,"turns":7},{"damage":10,"enemies":"3 Louse","floor":11,"turns":4},{"damage":37,"enemies":"3 Sentries","floor":13,"turns":14},{"damage":39,"enemies":"Hexaghost","floor":16,"turns":11}],"seed_played":"4464050230102722879","potions_obtained":[{"floor":6,"key":"FearPotion"},{"floor":7,"key":"SmokeBomb"},{"floor":8,"key":"Energy Potion"}],"is_trial":false,"path_per_floor":["M","?","M","M","?","E","M","M","T","M","M","R","E","?","R","B"],"character_chosen":"IRONCLAD","items_purchased":[],"campfire_rested":2,"item_purchase_floors":[],"current_hp_per_floor":[80,80,80,80,80,44,42,30,30,20,16,40,9,9,33,0],"gold":366,"neow_bonus":"THREE_ENEMY_KILL","is_prod":false,"is_daily":false,"chose_seed":false,"campfire_upgraded":0,"win_rate":0,"timestamp":1555197549,"path_taken":["M","?","M","?","?","E","M","M","T","?","M","R","E","?","R","BOSS"],"build_version":"2019-01-23","purchased_purges":0,"victory":false,"max_hp_per_floor":[80,80,80,80,80,80,80,80,80,80,80,80,80,80,80,80],"card_choices":[{"not_picked":["Flex","Clothesline","Wild Strike"],"picked":"SKIP","floor":1},{"not_picked":["Havoc","Sever Soul"],"picked":"Battle Trance","floor":3},{"not_picked":["Ghostly Armor","Cleave"],"picked":"Warcry","floor":4},{"not_picked":["Ghostly Armor","Heavy Blade"],"picked":"Inflame","floor":6},{"not_picked":["Headbutt","Iron Wave","Cleave"],"picked":"SKIP","floor":7},{"not_picked":["Headbutt","Thunderclap"],"picked":"True Grit","floor":8},{"not_picked":["Ghostly Armor","Sword Boomerang"],"picked":"Spot Weakness","floor":10},{"not_picked":["Wild Strike","Perfected Strike"],"picked":"Flame Barrier","floor":11},{"not_picked":["Shrug It Off","Twin Strike"],"picked":"Havoc","floor":13}],"player_experience":169020,"relics_obtained":[{"floor":6,"key":"Bottled Flame"},{"floor":13,"key":"Toxic Egg 2"}],"event_choices":[{"damage_healed":0,"gold_gain":0,"player_choice":"Upgraded","damage_taken":0,"max_hp_gain":0,"max_hp_loss":0,"event_name":"Upgrade Shrine","floor":2,"gold_loss":0,"cards_upgraded":["Bash"]},{"damage_healed":0,"gold_gain":100,"player_choice":"Pray","damage_taken":0,"max_hp_gain":0,"max_hp_loss":0,"event_name":"Golden Shrine","floor":5,"gold_loss":0},{"damage_healed":0,"gold_gain":0,"player_choice":"Bought 0 Potions","damage_taken":0,"max_hp_gain":0,"max_hp_loss":0,"event_name":"The Woman in Blue","floor":14,"gold_loss":0}],"is_beta":false,"boss_relics":[],"items_purged_floors":[],"is_endless":false,"potions_floor_spawned":[6,7,8,11],"killed_by":"Hexaghost","ascension_level":1}