{"gold_per_floor":[119,119,129,54,66,66,86,86,86,86,12,12,38,74,74,193,193,208,226,226,226,226,226,226,226,281,281,281,312,312,330,330,330],"floor_reached":33,"playtime":878,"items_purged":["Strike_B"],"score":339,"play_id":"6ab841fd-23e9-4a48-bf0f-11f2b51c30d7","local_time":"20181109035300","is_ascension_mode":true,"campfire_choices":[{"data":"Deep Breath","floor":6,"key":"SMITH"},{"data":"Static Discharge","floor":12,"key":"SMITH"},{"floor":15,"key":"REST"},{"floor":23,"key":"REST"},{"floor":24,"key":"REST"},{"floor":25,"key":"REST"},{"floor":27,"key":"REST"},{"floor":32,"key":"REST"}],"neow_cost":"TEN_PERCENT_HP_LOSS","seed_source_timestamp":34008695936611,"circlet_count":0,"master_deck":["Strike_B","Strike_B","Strike_B","Defend_B","Defend_B","Defend_B","Defend_B","Zap+1","Dualcast","The Bomb","Deep Breath+1","Loop","Hologram","Static Discharge+1","Self Repair","Self Repair","Seek","Loop","Darkness","Rainbow","Cold Snap+1"],"relics":["Cracked Core","Bloody Idol","Ornamental Fan","Pen Nib","WingedGreaves","Inserter","Enchiridion","Blood Vial","Vajra"],"potions_floor_usage":[16,29,29,29,29,29,30,33,33],"damage_taken":[{"damage":1,"enemies":"Cultist","floor":1,"turns":3},{"damage":5,"enemies":"Small Slimes","floor":3,"turns":3},{"damage":3,"enemies":"2 Louse","floor":5,"turns":2},{"damage":21,"enemies":"Blue Slaver","floor":7,"turns":4},{"damage":22,"enemies":"Lagavulin","floor":14,"turns":5},{"damage":35,"enemies":"Slime Boss","floor":16,"turns":4},{"damage":13,"enemies":"3 Byrds","floor":18,"turns":3},{"damage":49,"enemies":"2 Thieves","floor":19,"turns":3},{"damage":31,"enemies":"Book of Stabbing","floor":29,"turns":3},{"damage":0,"enemies":"Centurion and Healer","floor":30,"turns":1},{"damage":41,"enemies":"Sentry and Sphere","floor":31,"turns":5},{"damage":69,"enemies":"Champ","floor":33,"turns":9}],"seed_played":"-1562776740059973204","potions_obtained":[{"floor":3,"key":"FocusPotion"},{"floor":28,"key":"EntropicBrew"},{"floor":28,"key":"AttackPotion"},{"floor":28,"key":"Explosive Potion"},{"floor":29,"key":"SmokeBomb"},{"floor":31,"key":"LiquidBronze"}],"is_trial":false,"path_per_floor":["M","?","M","$","M","R","M","?","T","?","$","R","T","E","R","B",null,"M","M","?","?","?","R","R","R","T","R","?","E","M","M","R","B"],"character_chosen":"DEFECT","items_purchased":["Self Repair"],"campfire_rested":6,"item_purchase_floors":[11],"current_hp_per_floor":[67,67,62,62,59,59,38,38,38,31,31,31,31,16,36,8,53,54,19,3,3,3,23,43,63,68,68,68,49,51,31,51,0],"gold":330,"neow_bonus":"RANDOM_COLORLESS_2","is_prod":false,"is_daily":false,"chose_seed":false,"campfire_upgraded":2,"win_rate":0,"timestamp":1541757180,"path_taken":["M","?","M","$","M","R","M","?","T","?","?","R","?","E","R","BOSS","M","M","?","?","?","R","R","R","T","R","?","E","M","M","R","BOSS"],"build_version":"2018-11-08","purchased_purges":1,"victory":false,"max_hp_per_floor":[68,68,68,68,68,68,68,68,68,68,68,68,68,68,68,68,68,68,68,68,68,68,68,68,68,68,68,68,68,68,68,68,68],"card_choices":[{"not_picked":["Compile Driver","Melter"],"picked":"Loop","floor":1},{"not_picked":["Rip and Tear","Heatsinks","Steam"],"picked":"SKIP","floor":3},{"not_picked":["Leap","Force Field"],"picked":"Hologram","floor":5},{"not_picked":["Sweeping Beam","Compile Driver"],"picked":"Static Discharge","floor":7},{"not_picked":["Coolheaded","Go for the Eyes"],"picked":"Self Repair","floor":14},{"not_picked":["Buffer","Hyperbeam"],"picked":"Seek","floor":16},{"not_picked":["Ball Lightning","Sweeping Beam"],"picked":"Loop","floor":18},{"not_picked":["Leap+1","Streamline"],"picked":"Darkness","floor":19},{"not_picked":["Rip and Tear","Barrage"],"picked":"Rainbow","floor":29},{"not_picked":["Leap+1","Auto Shields"],"picked":"Cold Snap+1","floor":31}],"player_experience":363219,"relics_obtained":[{"floor":9,"key":"Ornamental Fan"},{"floor":13,"key":"Pen Nib"},{"floor":14,"key":"WingedGreaves"},{"floor":20,"key":"Enchiridion"},{"floor":26,"key":"Blood Vial"},{"floor":29,"key":"Vajra"}],"event_choices":[{"damage_healed":0,"gold_gain":0,"player_choice":"Grow","damage_taken":0,"max_hp_gain":0,"max_hp_loss":0,"event_name":"Living Wall","floor":2,"gold_loss":0,"cards_upgraded":["Zap"]},{"damage_healed":0,"gold_gain":0,"player_choice":"Take Wound","damage_taken":0,"relics_obtained":["Golden Idol"],"max_hp_gain":0,"max_hp_loss":0,"event_name":"Golden Idol","floor":8,"gold_loss":0,"cards_obtained":["Injury"]},{"cards_removed":["Injury"],"damage_healed":0,"gold_gain":0,"player_choice":"Card Removal","damage_taken":7,"max_hp_gain":0,"max_hp_loss":0,"event_name":"Golden Wing","floor":10,"gold_loss":0},{"damage_healed":0,"gold_gain":0,"player_choice":"Obtained Book","damage_taken":16,"max_hp_gain":0,"max_hp_loss":0,"event_name":"Cursed Tome","floor":20,"gold_loss":0},{"damage_healed":0,"gold_gain":0,"player_choice":"Ignored","damage_taken":0,"max_hp_gain":0,"max_hp_loss":0,"event_name":"Beggar","floor":21,"gold_loss":0},{"damage_healed":0,"gold_gain":0,"player_choice":"Gave Idol","damage_taken":0,"relics_obtained":["Bloody Idol"],"max_hp_gain":0,"max_hp_loss":0,"event_name":"Forgotten Altar","floor":22,"relics_lost":["Golden Idol"],"gold_loss":0},{"damage_healed":0,"gold_gain":0,"player_choice":"Got Potions","damage_taken":0,"max_hp_gain":0,"max_hp_loss":0,"event_name":"Lab","floor":28,"gold_loss":0}],"is_beta":false,"boss_relics":[{"not_picked":["Fusion Hammer","Cursed Key"],"picked":"Inserter"}],"items_purged_floors":[4],"is_endless":false,"potions_floor_spawned":[3,29,31],"killed_by":"Champ","ascension_level":6}