{"path_per_floor":["M","?","$","M","?","R","M","E","T","E","?","?","M","T","R","B",null,"M","?","M","$","$","E","R","?","T","E","M","M","$","M","R","B",null,"M","?","?","M","?","E","R","?","T","E","M","R","M","E","R","B"],"character_chosen":"DEFECT","items_purchased":["Gash","Runic Capacitor","Scrape+1"],"gold_per_floor":[119,119,38,54,54,54,69,94,94,123,123,203,228,228,228,349,349,374,289,310,37,37,80,80,80,80,113,131,155,78,99,99,220,220,233,566,614,632,632,663,663,0,47,78,98,98,117,151,151,151],"floor_reached":51,"campfire_rested":4,"playtime":2084,"item_purchase_floors":[3,21,30],"current_hp_per_floor":[75,75,75,67,67,67,67,59,59,49,31,26,25,25,47,31,75,61,61,52,52,52,13,35,35,35,41,39,39,39,39,61,55,75,73,73,57,52,52,26,48,48,48,48,50,50,52,63,63,37],"items_purged":["Strike_B"],"gold":151,"score":1042,"play_id":"1b5edc27-6ce2-4c52-ac8e-c9f5b57e19b8","local_time":"20180526151327","is_prod":false,"is_daily":false,"chose_seed":false,"is_ascension_mode":true,"campfire_upgraded":1,"win_rate":0,"timestamp":1527340407,"campfire_choices":[{"data":"Zap","floor":6,"key":"SMITH"},{"floor":15,"key":"REST"},{"floor":24,"key":"REST"},{"floor":32,"key":"REST"},{"floor":41,"key":"REST"},{"floor":46,"key":"DIG"},{"floor":49,"key":"DIG"}],"path_taken":["M","?","$","M","?","R","M","E","T","E","?","?","?","?","R","BOSS","M","?","M","?","$","E","R","?","T","E","?","M","$","M","R","BOSS","M","?","?","M","?","E","R","?","T","E","M","R","M","E","R","BOSS"],"build_version":"2018-05-25","seed_source_timestamp":315663805900030,"purchased_purges":1,"victory":true,"master_deck":["Strike_B+1","Strike_B+1","Strike_B+1","Defend_B+1","Defend_B+1","Defend_B+1","Defend_B+1","Zap+1","Dualcast","Gash+1","Coolheaded","Auto Shields","Ball Lightning+1","All For One+1","Go for the Eyes+1","Glacier+1","Beam Cell+1","BootSequence","Cold Snap+1","Beam Cell+1","Scrape+1","BootSequence","Reboot+1","Gash+1","Reprogram+1","Panache","Beam Cell+1","Chill+1","White Noise","Coolheaded+1","Chill"],"max_hp_per_floor":[75,75,75,75,75,75,75,75,75,75,75,75,75,75,75,75,75,75,75,75,75,75,75,75,75,75,75,75,75,75,75,75,75,75,75,75,75,75,75,75,75,75,75,75,75,75,75,75,75,75],"relics":["Cracked Core","Oddly Smooth Stone","Symbiotic Virus","Kunai","Vajra","Molten Egg 2","Meat on the Bone","Inserter","DataDisk","Runic Capacitor","Pantograph","Toolbox","Whetstone","Runic Pyramid","Shovel","War Paint","Red Mask","Omamori","Bird Faced Urn","Pen Nib","Torii","Emotion Chip"],"card_choices":[{"not_picked":["Compile Driver","Stack","Conserve Battery"],"picked":"SKIP","floor":1},{"not_picked":["Recycle","Self Repair"],"picked":"Coolheaded","floor":4},{"not_picked":["Sweeping Beam","Barrage"],"picked":"Auto Shields","floor":7},{"not_picked":["Leap","Heatsinks","Consume"],"picked":"SKIP","floor":8},{"not_picked":["Rip and Tear","Streamline","Go for the Eyes"],"picked":"SKIP","floor":10},{"not_picked":["Compile Driver","Chaos"],"picked":"Ball Lightning","floor":12},{"not_picked":["Conserve Battery","Leap","Barrage+1"],"picked":"SKIP","floor":13},{"not_picked":["Core Surge+1","Reboot"],"picked":"All For One+1","floor":16},{"not_picked":["Redo+1","Beam Cell+1"],"picked":"Go for the Eyes+1","floor":18},{"not_picked":["Redo","Compile Driver+1"],"picked":"Glacier","floor":20},{"not_picked":["Steam","Rebound+1"],"picked":"Beam Cell+1","floor":23},{"not_picked":["Melter+1","Streamline+1"],"picked":"BootSequence","floor":27},{"not_picked":["Meteor Strike+1","Steam"],"picked":"Cold Snap+1","floor":28},{"not_picked":["Stack","Barrage+1"],"picked":"Beam Cell+1","floor":29},{"not_picked":["Turbo+1","Leap"],"picked":"BootSequence","floor":31},{"not_picked":["Amplify","Biased Cognition"],"picked":"Reboot","floor":33},{"not_picked":["Hello World+1","Hologram","Steam"],"picked":"SKIP","floor":35},{"not_picked":["Redo+1","Skim"],"picked":"Gash+1","floor":37},{"not_picked":["Self Repair","Conserve Battery"],"picked":"Reprogram+1","floor":38},{"not_picked":["Master of Strategy","Trip"],"picked":"Panache","floor":39},{"not_picked":["Rip and Tear+1","Steam"],"picked":"Beam Cell+1","floor":40},{"not_picked":["Turbo","Go for the Eyes+1"],"picked":"Chill+1","floor":44},{"not_picked":["Compile Driver+1","Leap"],"picked":"White Noise","floor":45},{"not_picked":["Leap+1","Hologram"],"picked":"Coolheaded+1","floor":47},{"not_picked":["Tempest+1","Static Discharge+1"],"picked":"Chill","floor":48}],"player_experience":94089,"potions_floor_usage":[16,16,18,28,28,33,44,47,50,50],"damage_taken":[{"damage":0,"enemies":"2 Louse","floor":1,"turns":2},{"damage":8,"enemies":"Small Slimes","floor":4,"turns":3},{"damage":0,"enemies":"Cultist","floor":7,"turns":2},{"damage":8,"enemies":"Lagavulin","floor":8,"turns":7},{"damage":10,"enemies":"3 Sentries","floor":10,"turns":8},{"damage":5,"enemies":"3 Sentries","floor":12,"turns":7},{"damage":1,"enemies":"Blue Slaver","floor":13,"turns":3},{"damage":28,"enemies":"The Guardian","floor":16,"turns":8},{"damage":14,"enemies":"2 Thieves","floor":18,"turns":4},{"damage":9,"enemies":"3 Byrds","floor":20,"turns":4},{"damage":51,"enemies":"Slavers","floor":23,"turns":7},{"damage":6,"enemies":"Book of Stabbing","floor":27,"turns":4},{"damage":14,"enemies":"Slaver and Parasite","floor":28,"turns":6},{"damage":0,"enemies":"Centurion and Healer","floor":29,"turns":4},{"damage":12,"enemies":"Snake Plant","floor":31,"turns":3},{"damage":20,"enemies":"Collector","floor":33,"turns":8},{"damage":2,"enemies":"3 Shapes","floor":35,"turns":6},{"damage":16,"enemies":"Mysterious Sphere","floor":37,"turns":6},{"damage":5,"enemies":"Orb Walker","floor":38,"turns":2},{"damage":38,"enemies":"Giant Head","floor":40,"turns":11},{"damage":0,"enemies":"Nemesis","floor":44,"turns":6},{"damage":0,"enemies":"4 Shapes","floor":45,"turns":5},{"damage":0,"enemies":"Transient","floor":47,"turns":5},{"damage":0,"enemies":"Giant Head","floor":48,"turns":5},{"damage":52,"enemies":"Donu and Deca","floor":50,"turns":7}],"relics_obtained":[{"floor":8,"key":"Symbiotic Virus"},{"floor":9,"key":"Kunai"},{"floor":10,"key":"Vajra"},{"floor":12,"key":"Molten Egg 2"},{"floor":14,"key":"Meat on the Bone"},{"floor":23,"key":"Pantograph"},{"floor":26,"key":"Toolbox"},{"floor":27,"key":"Whetstone"},{"floor":37,"key":"Shovel"},{"floor":40,"key":"War Paint"},{"floor":43,"key":"Omamori"},{"floor":44,"key":"Bird Faced Urn"},{"floor":46,"key":"Pen Nib"},{"floor":48,"key":"Torii"},{"floor":49,"key":"Emotion Chip"}],"event_choices":[{"event_name":"Liars Game","player_choice":"disagreed","floor":2,"damage_taken":0},{"event_name":"Living Wall","player_choice":"Grow","floor":5,"damage_taken":0},{"event_name":"Golden Idol","player_choice":"Take Damage","floor":11,"damage_taken":0},{"event_name":"Dead Adventurer","player_choice":"Searched \u00271\u0027 times","floor":12,"damage_taken":0},{"event_name":"Addict","player_choice":"Obtained Relic","floor":19,"damage_taken":0},{"event_name":"Back to Basics","player_choice":"Simplicity","floor":25,"damage_taken":0},{"event_name":"The Moai Head","player_choice":"Gave Idol","floor":36,"damage_taken":0},{"event_name":"Mysterious Sphere","player_choice":"Fight","floor":37,"damage_taken":0},{"event_name":"SensoryStone","player_choice":"Memory 1","floor":39,"damage_taken":0},{"event_name":"Tomb of Lord Red Mask","player_choice":"Paid","floor":42,"damage_taken":0}],"boss_relics":[{"not_picked":["Tiny House","Astrolabe"],"picked":"Inserter"},{"not_picked":["Calling Bell","Philosopher\u0027s Stone"],"picked":"Runic Pyramid"}],"items_purged_floors":[21],"potions_floor_spawned":[4,12,12,13,23,27,28,31,38,44,45,47],"seed_played":"-2689566394450855536","ascension_level":4,"potions_obtained":[{"floor":4,"key":"Strength Potion"},{"floor":12,"key":"Strength Potion"},{"floor":12,"key":"Ancient Potion"},{"floor":13,"key":"Weak Potion"},{"floor":23,"key":"Block Potion"},{"floor":27,"key":"Energy Potion"},{"floor":28,"key":"FearPotion"},{"floor":31,"key":"SkillPotion"},{"floor":38,"key":"Dexterity Potion"},{"floor":44,"key":"AttackPotion"},{"floor":45,"key":"Energy Potion"},{"floor":47,"key":"GamblersBrew"}],"is_trial":false}