{"gold_per_floor":[116,133,133,133,143,176,24,24,95,95,110,136,136,171,171,271,271,282,113,113,45,61,61,95,95,95,27,127,127],"floor_reached":29,"playtime":2452,"items_purged":[],"score":257,"play_id":"2bddd453-b0a3-41f7-b89f-5a84692adc90","local_time":"20190410175918","is_ascension_mode":false,"campfire_choices":[{"floor":8.0,"key":"REST"},{"data":"Fission","floor":10.0,"key":"SMITH"},{"floor":13.0,"key":"REST"},{"data":"Loop","floor":15.0,"key":"SMITH"},{"data":"Defragment","floor":23,"key":"SMITH"},{"floor":25,"key":"REST"}],"neow_cost":"NONE","seed_source_timestamp":0,"circlet_count":0,"master_deck":["Strike_B","Strike_B","Strike_B+1","Strike_B","Defend_B","Defend_B","Defend_B","Defend_B","Zap","Dualcast+1","Cold Snap+1","Skim+1","Loop+1","Fission+1","Compile Driver+1","Electrodynamics","Panache","Defragment+1","Defragment","Storm"],"special_seed":0,"relics":["Cracked Core","NeowsBlessing","Bronze Scales","Regal Pillow","Pear","Meat on the Bone","Pantograph","Eternal Feather","Whetstone","Bottled Tornado","Shovel","Toxic Egg 2"],"potions_floor_usage":[22,22,29],"damage_taken":[{"damage":0.0,"enemies":"2 Louse","floor":1.0,"turns":1.0},{"damage":0.0,"enemies":"Cultist","floor":2.0,"turns":1.0},{"damage":0.0,"enemies":"Jaw Worm","floor":5.0,"turns":1.0},{"damage":13.0,"enemies":"3 Sentries","floor":6.0,"turns":8.0},{"damage":1.0,"enemies":"2 Fungi Beasts","floor":11.0,"turns":3.0},{"damage":15.0,"enemies":"Gremlin Nob","floor":12.0,"turns":3.0},{"damage":23.0,"enemies":"3 Sentries","floor":14.0,"turns":6.0},{"damage":44.0,"enemies":"Hexaghost","floor":16.0,"turns":10.0},{"damage":6.0,"enemies":"Spheric Guardian","floor":18.0,"turns":4.0},{"damage":25,"enemies":"2 Thieves","floor":22,"turns":3},{"damage":32,"enemies":"Slavers","floor":24,"turns":4},{"damage":51,"enemies":"Colosseum Slavers","floor":28,"turns":5},{"damage":27,"enemies":"Colosseum Nobs","floor":28,"turns":3},{"damage":35,"enemies":"Book of Stabbing","floor":29,"turns":4}],"seed_played":"-1887340671249009494","potions_obtained":[{"floor":5.0,"key":"AttackPotion"},{"floor":12.0,"key":"Strength Potion"},{"floor":14.0,"key":"Weak Potion"},{"floor":16.0,"key":"Explosive Potion"},{"floor":22,"key":"SteroidPotion"}],"is_trial":false,"path_per_floor":["M","M","?","?","M","E","$","R","T","R","M","E","R","E","R","B",null,"M","$","?","$","M","R","E","R","T","$","?","E"],"character_chosen":"DEFECT","items_purchased":["Regal Pillow","Panache","Defragment","Defragment"],"campfire_rested":3,"item_purchase_floors":[7,19,21,27],"current_hp_per_floor":[75,75,60,60,60,47,47,75,85,85,84,69,85,62,62,53,85,79,79,79,79,54,63,43,85,85,85,31,0],"gold":127,"neow_bonus":"THREE_ENEMY_KILL","is_prod":false,"is_daily":false,"chose_seed":false,"campfire_upgraded":3,"win_rate":0.0,"timestamp":1554911958,"path_taken":["M","M","?","?","M","E","$","R","T","R","?","E","R","E","R","BOSS","M","$","?","$","M","R","E","R","T","$","?","E"],"build_version":"2019-01-23","purchased_purges":0,"victory":false,"max_hp_per_floor":[75,75,75,75,75,75,75,75,85,85,85,85,85,85,85,85,85,85,85,85,85,85,85,85,85,85,85,85,85],"card_choices":[{"not_picked":["Go for the Eyes","Turbo"],"picked":"Cold Snap","floor":1.0},{"not_picked":["Streamline","BootSequence"],"picked":"Skim","floor":2.0},{"not_picked":["Hologram","Glacier"],"picked":"Loop","floor":5.0},{"not_picked":["Rainbow","Auto Shields"],"picked":"Fission","floor":6.0},{"not_picked":["Sweeping Beam","Leap"],"picked":"Compile Driver","floor":11.0},{"not_picked":["Barrage","Stack","Turbo"],"picked":"SKIP","floor":12.0},{"not_picked":["Genetic Algorithm","Buffer","Stack"],"picked":"SKIP","floor":14.0},{"not_picked":["Biased Cognition","Amplify"],"picked":"Electrodynamics","floor":16.0},{"not_picked":["Streamline+1","Go for the Eyes","Tempest"],"picked":"SKIP","floor":18.0},{"not_picked":["Sweeping Beam","Double Energy","Conserve Battery"],"picked":"SKIP","floor":22},{"not_picked":["Rebound","Hologram","Leap"],"picked":"SKIP","floor":24},{"not_picked":["White Noise+1","Blizzard"],"picked":"Storm","floor":28}],"player_experience":153736,"relics_obtained":[{"floor":6.0,"key":"Bronze Scales"},{"floor":9.0,"key":"Pear"},{"floor":12.0,"key":"Meat on the Bone"},{"floor":14.0,"key":"Pantograph"},{"floor":24,"key":"Whetstone"},{"floor":26,"key":"Bottled Tornado"},{"floor":28,"key":"Shovel"},{"floor":28,"key":"Toxic Egg 2"}],"event_choices":[{"damage_healed":0.0,"max_hp_gain":0.0,"max_hp_loss":0.0,"gold_gain":0.0,"event_name":"Shining Light","player_choice":"Entered Light","floor":3.0,"gold_loss":0.0,"damage_taken":15.0,"cards_upgraded":["Dualcast","Skim"]},{"damage_healed":0.0,"max_hp_gain":0.0,"max_hp_loss":0.0,"gold_gain":0.0,"event_name":"Upgrade Shrine","player_choice":"Upgraded","floor":4.0,"gold_loss":0.0,"damage_taken":0.0,"cards_upgraded":["Cold Snap"]},{"damage_healed":0,"gold_gain":0,"player_choice":"Ignored","damage_taken":0,"max_hp_gain":0,"max_hp_loss":0,"event_name":"Vampires","floor":20,"gold_loss":0},{"damage_healed":0,"gold_gain":0,"player_choice":"Fight","damage_taken":0,"max_hp_gain":0,"max_hp_loss":0,"event_name":"Colosseum","floor":28,"gold_loss":0},{"damage_healed":0,"gold_gain":0,"player_choice":"Fought Nobs","damage_taken":0,"max_hp_gain":0,"max_hp_loss":0,"event_name":"Colosseum","floor":28,"gold_loss":0}],"is_beta":false,"boss_relics":[{"not_picked":["Runic Pyramid","Coffee Dripper"],"picked":"Eternal Feather"}],"items_purged_floors":[],"is_endless":false,"potions_floor_spawned":[5,12,14,16,22],"killed_by":"Book of Stabbing","ascension_level":0}