{"gold_per_floor":[115,125,141,156,166,197,197,226,249,266,266,296,296,296,296,400,400,413,423,443,14,32,57,57,84,84,94,94,121,121,121,121,219,219,231,231,58,58,69,98,98,124,124,134,134,188,246,262,262,262],"floor_reached":51,"playtime":3942,"items_purged":["Strike_B","Strike_B"],"score":1834,"play_id":"5e0af03e-8c08-4e51-ba39-6a3e723b33a3","local_time":"20180710011228","is_ascension_mode":true,"campfire_choices":[{"data":"Zap","floor":7,"key":"SMITH"},{"data":"Dualcast","floor":13,"key":"SMITH"},{"data":"Creative AI","floor":15,"key":"SMITH"},{"floor":24,"key":"REST"},{"floor":28,"key":"REST"},{"data":"Turbo","floor":30,"key":"SMITH"},{"data":"Conserve Battery","floor":32,"key":"SMITH"},{"data":"Buffer","floor":45,"key":"SMITH"},{"data":"Loop","floor":49,"key":"SMITH"}],"neow_cost":"","seed_source_timestamp":104307006673960,"circlet_count":0,"master_deck":["Defend_B","Defend_B","Defend_B+1","Defend_B","Zap+1","Dualcast+1","Cold Snap","Beam Cell","Loop+1","Conserve Battery+1","Turbo+1","Echo Form","Coolheaded","Swift Strike","Go for the Eyes","Creative AI+1","Conserve Battery+1","Leap+1","Electrodynamics","Chill","Blizzard","Flash of Steel","Gash+1","BootSequence+1","Skim+1","Redo+1","Buffer+1","Coolheaded+1","Conserve Battery+1","Hologram+1","Sadistic Nature","Secret Technique+1","Gash+1","Leap+1"],"relics":["Cracked Core","Toolbox","DataDisk","Pen Nib","Oddly Smooth Stone","Busted Crown","Regal Pillow","Toxic Egg 2","Bag of Preparation","War Paint","Coffee Dripper","Blood Vial","Incense Burner","Thread and Needle","Pantograph","Unceasing Top","Tiny Chest"],"potions_floor_usage":[6,6,16,19,19,23,29,33,40,47,50,50],"damage_taken":[{"damage":1,"enemies":"Cultist","floor":1,"turns":3},{"damage":0,"enemies":"2 Louse","floor":2,"turns":2},{"damage":10,"enemies":"Jaw Worm","floor":3,"turns":2},{"damage":8,"enemies":"Red Slaver","floor":4,"turns":3},{"damage":6,"enemies":"Looter","floor":5,"turns":3},{"damage":9,"enemies":"Gremlin Nob","floor":6,"turns":4},{"damage":5,"enemies":"3 Sentries","floor":8,"turns":8},{"damage":13,"enemies":"Lots of Slimes","floor":10,"turns":3},{"damage":0,"enemies":"Lagavulin","floor":12,"turns":7},{"damage":0,"enemies":"Slime Boss","floor":16,"turns":7},{"damage":5,"enemies":"Chosen","floor":18,"turns":6},{"damage":4,"enemies":"2 Thieves","floor":19,"turns":5},{"damage":3,"enemies":"Snake Plant","floor":20,"turns":8},{"damage":5,"enemies":"Centurion and Healer","floor":22,"turns":5},{"damage":33,"enemies":"Slavers","floor":23,"turns":4},{"damage":25,"enemies":"Book of Stabbing","floor":25,"turns":8},{"damage":15,"enemies":"Snecko","floor":27,"turns":7},{"damage":27,"enemies":"Slavers","floor":29,"turns":7},{"damage":18,"enemies":"Collector","floor":33,"turns":13},{"damage":0,"enemies":"3 Shapes","floor":35,"turns":4},{"damage":0,"enemies":"Flame Bruiser 1 Orb","floor":39,"turns":4},{"damage":0,"enemies":"Nemesis","floor":40,"turns":9},{"damage":0,"floor":41,"turns":8},{"damage":0,"enemies":"Giant Head","floor":42,"turns":9},{"damage":0,"enemies":"Maw","floor":44,"turns":9},{"damage":0,"floor":46,"turns":4},{"damage":0,"enemies":"2 Orb Walkers","floor":47,"turns":6},{"damage":0,"enemies":"3 Darklings","floor":48,"turns":5},{"damage":0,"enemies":"Time Eater","floor":50,"turns":15}],"seed_played":"-4331875839294176461","potions_obtained":[{"floor":1,"key":"EssenceOfSteel"},{"floor":5,"key":"Block Potion"},{"floor":8,"key":"Block Potion"},{"floor":10,"key":"SkillPotion"},{"floor":12,"key":"Energy Potion"},{"floor":19,"key":"Poison Potion"},{"floor":22,"key":"Strength Potion"},{"floor":23,"key":"FearPotion"},{"floor":29,"key":"FocusPotion"},{"floor":33,"key":"Swift Potion"},{"floor":39,"key":"FocusPotion"},{"floor":40,"key":"Block Potion"},{"floor":44,"key":"AttackPotion"},{"floor":46,"key":"Energy Potion"}],"is_trial":false,"path_per_floor":["M","M","M","M","M","E","R","E","T","M","?","E","R","?","R","B",null,"M","M","M","$","M","E","R","E","T","M","R","E","R","?","R","B",null,"M","?","$","?","M","E","?","E","T","M","R","?","E","M","R","B"],"character_chosen":"DEFECT","items_purchased":["Electrodynamics","Chill","Blizzard","Flash of Steel","Conserve Battery+1","Hologram+1"],"campfire_rested":2,"item_purchase_floors":[21,21,21,21,37,37],"current_hp_per_floor":[67,67,57,49,43,34,34,29,29,16,16,16,16,16,16,16,60,55,51,48,48,43,10,47,22,22,7,44,21,21,21,21,3,57,57,57,57,47,47,47,49,51,51,53,53,55,57,59,59,75],"gold":262,"neow_bonus":"","is_prod":false,"is_daily":false,"chose_seed":false,"campfire_upgraded":7,"win_rate":0,"timestamp":1531210348,"path_taken":["M","?","M","?","M","E","R","E","T","M","?","E","R","?","R","BOSS","M","M","M","$","M","E","R","E","T","M","R","E","R","?","R","BOSS","M","?","$","?","M","E","?","E","T","M","R","?","E","M","R","BOSS"],"build_version":"2018-07-05","purchased_purges":2,"victory":true,"max_hp_per_floor":[75,75,75,75,75,75,75,75,75,75,75,75,75,75,75,75,75,75,75,75,75,75,75,75,75,75,75,75,75,75,75,75,75,75,75,75,75,75,75,75,75,75,75,75,75,75,75,75,75,75],"card_choices":[{"not_picked":["Hello World","Hologram"],"picked":"Cold Snap","floor":1},{"not_picked":["Reprogram","Recycle"],"picked":"Beam Cell","floor":2},{"not_picked":["Beam Cell","Streamline"],"picked":"Loop","floor":3},{"not_picked":["Compile Driver","Hologram"],"picked":"Conserve Battery","floor":4},{"not_picked":["Core Surge","Reprogram"],"picked":"Rebound","floor":5},{"not_picked":["Stack","Barrage"],"picked":"Turbo","floor":6},{"not_picked":["Amplify","Rip and Tear"],"picked":"Echo Form","floor":8},{"not_picked":["Stack","Storm"],"picked":"Coolheaded","floor":10},{"not_picked":["Storm","Redo"],"picked":"Go for the Eyes","floor":12},{"not_picked":["Rebound"],"picked":"SKIP","floor":18},{"not_picked":[],"picked":"Conserve Battery+1","floor":19},{"not_picked":[],"picked":"Leap","floor":20},{"not_picked":[],"picked":"Gash+1","floor":22},{"not_picked":[],"picked":"BootSequence+1","floor":23},{"not_picked":["Doom and Gloom"],"picked":"SKIP","floor":25},{"not_picked":[],"picked":"Skim+1","floor":27},{"not_picked":[],"picked":"Redo+1","floor":29},{"not_picked":[],"picked":"Buffer","floor":33},{"not_picked":[],"picked":"Coolheaded+1","floor":35},{"not_picked":[],"picked":"Sadistic Nature","floor":38},{"not_picked":[],"picked":"Secret Technique+1","floor":38},{"not_picked":["Lockon"],"picked":"SKIP","floor":39},{"not_picked":["Ball Lightning+1"],"picked":"SKIP","floor":40},{"not_picked":[],"picked":"Gash+1","floor":41},{"not_picked":["Streamline"],"picked":"SKIP","floor":42},{"not_picked":[],"picked":"Leap+1","floor":44},{"not_picked":["Ball Lightning"],"picked":"SKIP","floor":47},{"not_picked":["Sweeping Beam+1"],"picked":"SKIP","floor":48}],"player_experience":285764,"relics_obtained":[{"floor":6,"key":"Toolbox"},{"floor":8,"key":"DataDisk"},{"floor":9,"key":"Pen Nib"},{"floor":12,"key":"Oddly Smooth Stone"},{"floor":23,"key":"Regal Pillow"},{"floor":25,"key":"Toxic Egg 2"},{"floor":26,"key":"Bag of Preparation"},{"floor":29,"key":"War Paint"},{"floor":40,"key":"Blood Vial"},{"floor":41,"key":"Incense Burner"},{"floor":42,"key":"Thread and Needle"},{"floor":43,"key":"Pantograph"},{"floor":46,"key":"Unceasing Top"},{"floor":47,"key":"Tiny Chest"}],"event_choices":[{"event_name":"Match and Keep!","player_choice":"1 cards matched","floor":11,"damage_taken":0},{"event_name":"Transmorgrifier","player_choice":"Transform","floor":14,"damage_taken":0},{"event_name":"Purifier","player_choice":"One Purge","floor":31,"damage_taken":0},{"event_name":"Falling","player_choice":"Removed Attack","floor":36,"damage_taken":0},{"event_name":"SensoryStone","player_choice":"Memory 3","floor":38,"damage_taken":0},{"event_name":"MindBloom","player_choice":"Fight","floor":41,"damage_taken":0},{"event_name":"Mysterious Sphere","player_choice":"Fight","floor":46,"damage_taken":0}],"boss_relics":[{"not_picked":["Orrery","Tiny House"],"picked":"Busted Crown"},{"not_picked":["Runic Pyramid","Pandora\u0027s Box"],"picked":"Coffee Dripper"}],"items_purged_floors":[21,37],"is_endless":false,"potions_floor_spawned":[1,5,8,10,12,19,22,23,29,33,39,40,44,46],"ascension_level":9}