{"gold_per_floor":[119,133,148,163,113,113,126,126,205,233,249,249,64,74,74,177,177,194,119,31,49,2,2,0,20,20,20,39,39],"floor_reached":29,"playtime":818,"items_purged":[],"score":360,"play_id":"8a6de2b0-99d2-45ba-9d55-31117754823e","local_time":"20181109033811","is_ascension_mode":true,"campfire_choices":[{"data":"Loop","floor":6,"key":"SMITH"},{"data":"Defragment","floor":8,"key":"SMITH"},{"data":"Zap","floor":12,"key":"SMITH"},{"floor":15,"key":"REST"},{"data":"Chaos","floor":23,"key":"SMITH"}],"neow_cost":"NONE","seed_source_timestamp":33178382156753,"circlet_count":0,"master_deck":["Strike_B","Strike_B","Defend_B","Defend_B","Defend_B","Defend_B","Zap+1","Dualcast","Glacier","Loop+1","Defragment+1","Coolheaded","Chill","Chaos+1","Compile Driver","Mayhem","Defragment","Electrodynamics","Ball Lightning","Defragment","Ball Lightning","Cold Snap","Cold Snap","Coolheaded","Skim"],"relics":["Cracked Core","NeowsBlessing","Tiny Chest","Letter Opener","Inserter","Mummified Hand","Singing Bowl"],"potions_floor_usage":[28],"damage_taken":[{"damage":0,"enemies":"2 Louse","floor":1,"turns":1},{"damage":0,"enemies":"Small Slimes","floor":2,"turns":1},{"damage":0,"enemies":"Jaw Worm","floor":3,"turns":1},{"damage":15,"enemies":"Large Slime","floor":4,"turns":5},{"damage":17,"enemies":"3 Louse","floor":7,"turns":3},{"damage":5,"enemies":"Lagavulin","floor":10,"turns":7},{"damage":0,"enemies":"Blue Slaver","floor":11,"turns":3},{"damage":7,"enemies":"Large Slime","floor":14,"turns":5},{"damage":0,"enemies":"Slime Boss","floor":16,"turns":11},{"damage":21,"enemies":"Chosen","floor":18,"turns":5},{"damage":15,"enemies":"Shell Parasite","floor":21,"turns":4},{"damage":0,"enemies":"3 Cultists","floor":25,"turns":2},{"damage":19,"enemies":"Snake Plant","floor":28,"turns":2},{"damage":32,"enemies":"Book of Stabbing","floor":29,"turns":2}],"seed_played":"-7953010922409321424","potions_obtained":[{"floor":1,"key":"SteroidPotion"},{"floor":3,"key":"GamblersBrew"},{"floor":7,"key":"SneckoOil"}],"is_trial":false,"path_per_floor":["M","M","M","M","?","R","M","R","T","E","M","R","$","M","R","B",null,"M","?","$","M","$","R","?","M","T","T","M","E"],"character_chosen":"DEFECT","items_purchased":["Mayhem","Defragment","Ball Lightning","Cold Snap"],"campfire_rested":1,"item_purchase_floors":[13,20,20,22],"current_hp_per_floor":[68,68,68,53,53,53,36,36,36,31,31,31,31,24,46,46,68,47,47,47,32,32,32,32,32,32,32,13,0],"gold":39,"neow_bonus":"THREE_ENEMY_KILL","is_prod":false,"is_daily":false,"chose_seed":false,"campfire_upgraded":4,"win_rate":0,"timestamp":1541756291,"path_taken":["M","M","M","M","?","R","M","R","T","E","M","R","$","M","R","BOSS","M","?","$","M","$","R","?","M","T","?","M","E"],"build_version":"2018-11-08","purchased_purges":0,"victory":false,"max_hp_per_floor":[75,75,75,75,75,75,75,75,75,75,75,75,75,75,75,75,75,75,75,75,75,75,75,75,75,75,75,75,75],"card_choices":[{"not_picked":["Conserve Battery","BootSequence"],"picked":"Glacier","floor":1},{"not_picked":["Sweeping Beam","Sunder"],"picked":"Loop","floor":2},{"not_picked":["FTL","Conserve Battery"],"picked":"Defragment","floor":3},{"not_picked":["Steam","Beam Cell"],"picked":"Coolheaded","floor":4},{"not_picked":["Reprogram","Turbo"],"picked":"Chill","floor":7},{"not_picked":["Genetic Algorithm","Fusion"],"picked":"Chaos","floor":10},{"not_picked":["Rebound","Stack"],"picked":"Compile Driver","floor":11},{"not_picked":["FTL","Conserve Battery"],"picked":"Defragment","floor":14},{"not_picked":["Fission","Amplify"],"picked":"Electrodynamics","floor":16},{"not_picked":["Sweeping Beam","Auto Shields"],"picked":"Ball Lightning","floor":18},{"not_picked":["Force Field+1","Static Discharge"],"picked":"Cold Snap","floor":21},{"not_picked":["Steam","Rebound"],"picked":"Coolheaded","floor":25},{"not_picked":["Scrape","Reinforced Body+1"],"picked":"Skim","floor":28}],"player_experience":362401,"relics_obtained":[{"floor":9,"key":"Tiny Chest"},{"floor":10,"key":"Letter Opener"},{"floor":26,"key":"Mummified Hand"},{"floor":27,"key":"Singing Bowl"}],"event_choices":[{"cards_removed":["Strike_B"],"damage_healed":0,"gold_gain":0,"player_choice":"Card Removal","damage_taken":0,"max_hp_gain":0,"max_hp_loss":0,"event_name":"The Cleric","floor":5,"gold_loss":50},{"cards_removed":["Strike_B"],"damage_healed":0,"gold_gain":0,"player_choice":"Gave Gold","damage_taken":0,"max_hp_gain":0,"max_hp_loss":0,"event_name":"Beggar","floor":19,"gold_loss":75},{"damage_healed":0,"gold_gain":0,"player_choice":"Paid Fearfully","damage_taken":0,"max_hp_gain":0,"max_hp_loss":0,"event_name":"Masked Bandits","floor":24,"gold_loss":2}],"is_beta":false,"boss_relics":[{"not_picked":["Nuclear Battery","Calling Bell"],"picked":"Inserter"}],"items_purged_floors":[],"is_endless":false,"potions_floor_spawned":[1,3,7,18],"killed_by":"Book of Stabbing","ascension_level":6}