{"gold_per_floor":[110,110,121,137,153,153,165,165,165,165,175,189,189,114,114,217,217,228,248,248,259,279,279,308,208,208,83,8,8,39,51,51,148,148,159,172,172,172,172,188,202,215,240,274,294,294,308,319,319,415,465,483,71,71,21,34,65,86,86,86,86,86,110,133,146,146,276,276,299,249,274,99,99,99,99,113,154,154,77,102,122,136,136,260,260,284,297,322,340,340,340,381,400,435,435,469,469,490,550,550,674,674,697,720,310,310,333,333,351,387,423,423,461,461],"floor_reached":114,"playtime":4082,"items_purged":["Body Slam","Headbutt","Warcry","Anger+1","Anger","Seeing Red"],"score":2951,"play_id":"b0101c2c-3bf5-4f24-8d09-74309c368a7c","local_time":"20181018111930","daily_mods":["Draft","Heirloom"],"is_ascension_mode":false,"campfire_choices":[{"data":"Seeing Red","floor":6.0,"key":"SMITH"},{"data":"Flex","floor":8.0,"key":"SMITH"},{"data":"Flex","floor":13.0,"key":"SMITH"},{"data":"Body Slam","floor":15.0,"key":"SMITH"},{"data":"Flex","floor":23.0,"key":"SMITH"},{"floor":32.0,"key":"REST"},{"data":"Limit Break","floor":46.0,"key":"SMITH"},{"floor":49.0,"key":"DIG"},{"floor":59.0,"key":"DIG"},{"floor":62.0,"key":"DIG"},{"floor":66.0,"key":"DIG"},{"floor":74,"key":"DIG"},{"floor":78,"key":"DIG"},{"floor":83,"key":"DIG"},{"floor":91,"key":"DIG"},{"floor":95,"key":"DIG"},{"data":"Seeing Red","floor":97,"key":"SMITH"},{"floor":100,"key":"DIG"},{"floor":108,"key":"DIG"}],"neow_cost":"","seed_source_timestamp":0,"circlet_count":0,"master_deck":["Flex+1","Seeing Red+1","Clash+1","Limit Break+1","Seeing Red+1"],"special_seed":0,"relics":["Unceasing Top","Calipers","Paper Frog","Empty Cage","Ancient Tea Set","Meat on the Bone","StoneCalendar","Dream Catcher","Busted Crown","Incense Burner","Pear","Art of War","Shovel","Gremlin Horn","Tiny House","Kunai","Golden Idol","Ornamental Fan","Singing Bowl","Anchor","Nunchaku","White Beast Statue","Bag of Preparation","Letter Opener","Pantograph","Bronze Scales","Philosopher\u0027s Stone","Boot","Darkstone Periapt","Du-Vu Doll","Potion Belt","Runic Cube","OrangePellets","Whetstone"],"potions_floor_usage":[101],"damage_taken":[{"damage":0.0,"enemies":"Small Slimes","floor":1.0,"turns":2.0},{"damage":7.0,"enemies":"2 Louse","floor":3.0,"turns":2.0},{"damage":11.0,"enemies":"Jaw Worm","floor":4.0,"turns":2.0},{"damage":10.0,"enemies":"Looter","floor":5.0,"turns":2.0},{"damage":8.0,"enemies":"Lots of Slimes","floor":7.0,"turns":2.0},{"damage":0.0,"enemies":"Blue Slaver","floor":11.0,"turns":1.0},{"damage":13.0,"enemies":"Exordium Thugs","floor":12.0,"turns":2.0},{"damage":0.0,"enemies":"Slime Boss","floor":16.0,"turns":1.0},{"damage":0.0,"enemies":"Chosen","floor":18.0,"turns":1.0},{"damage":0.0,"enemies":"2 Thieves","floor":19.0,"turns":1.0},{"damage":0.0,"enemies":"Snake Plant","floor":21.0,"turns":1.0},{"damage":0.0,"enemies":"Cultist and Chosen","floor":22.0,"turns":1.0},{"damage":0.0,"enemies":"Book of Stabbing","floor":24.0,"turns":1.0},{"damage":0.0,"enemies":"Gremlin Leader","floor":30.0,"turns":1.0},{"damage":0.0,"enemies":"Snecko","floor":31.0,"turns":1.0},{"damage":0.0,"enemies":"Automaton","floor":33.0,"turns":1.0},{"damage":9.0,"enemies":"3 Shapes","floor":35.0,"turns":1.0},{"damage":0.0,"enemies":"3 Darklings","floor":36.0,"turns":1.0},{"damage":0.0,"enemies":"Mind Bloom Boss Battle","floor":37.0,"turns":1.0},{"damage":0.0,"enemies":"Transient","floor":40.0,"turns":5.0},{"damage":0.0,"enemies":"Maw","floor":41.0,"turns":1.0},{"damage":0.0,"enemies":"Spire Growth","floor":42.0,"turns":1.0},{"damage":0.0,"enemies":"Giant Head","floor":44.0,"turns":1.0},{"damage":0.0,"enemies":"Transient","floor":45.0,"turns":5.0},{"damage":0.0,"enemies":"3 Darklings","floor":47.0,"turns":1.0},{"damage":0.0,"enemies":"Spire Growth","floor":48.0,"turns":1.0},{"damage":0.0,"enemies":"Awakened One","floor":50.0,"turns":2.0},{"damage":0.0,"enemies":"2 Louse","floor":52.0,"turns":1.0},{"damage":0.0,"enemies":"Cultist","floor":56.0,"turns":1.0},{"damage":0.0,"enemies":"Gremlin Nob","floor":57.0,"turns":1.0},{"damage":0.0,"enemies":"Small Slimes","floor":58.0,"turns":1.0},{"damage":0.0,"enemies":"2 Fungi Beasts","floor":63.0,"turns":1.0},{"damage":0.0,"enemies":"Gremlin Gang","floor":64.0,"turns":1.0},{"damage":0.0,"enemies":"Looter","floor":65.0,"turns":1.0},{"damage":0.0,"enemies":"Slime Boss","floor":67.0,"turns":1.0},{"damage":0.0,"enemies":"2 Thieves","floor":69.0,"turns":1.0},{"damage":0,"enemies":"Chosen","floor":71,"turns":1},{"damage":0,"enemies":"Centurion and Healer","floor":73,"turns":1},{"damage":0,"enemies":"Snake Plant","floor":76,"turns":1},{"damage":0,"enemies":"Slavers","floor":77,"turns":1},{"damage":0,"enemies":"Cultist and Chosen","floor":80,"turns":1},{"damage":0,"enemies":"Snecko","floor":81,"turns":1},{"damage":0,"enemies":"Centurion and Healer","floor":82,"turns":1},{"damage":0,"enemies":"Collector","floor":84,"turns":1},{"damage":0,"enemies":"Orb Walker","floor":86,"turns":1},{"damage":10,"enemies":"3 Shapes","floor":87,"turns":2},{"damage":0,"enemies":"3 Darklings","floor":88,"turns":1},{"damage":0,"enemies":"Maw","floor":89,"turns":1},{"damage":0,"enemies":"2 Orb Walkers","floor":92,"turns":1},{"damage":0,"enemies":"4 Shapes","floor":93,"turns":1},{"damage":0,"enemies":"Nemesis","floor":94,"turns":1},{"damage":0,"enemies":"Giant Head","floor":96,"turns":1},{"damage":0,"enemies":"Transient","floor":98,"turns":1},{"damage":0,"enemies":"Mysterious Sphere","floor":99,"turns":1},{"damage":0,"enemies":"Donu and Deca","floor":101,"turns":1},{"damage":0,"enemies":"Cultist","floor":103,"turns":1},{"damage":0,"enemies":"Small Slimes","floor":104,"turns":1},{"damage":0,"enemies":"2 Louse","floor":107,"turns":1},{"damage":0,"enemies":"Looter","floor":109,"turns":1},{"damage":0,"enemies":"Lagavulin","floor":110,"turns":1},{"damage":0,"enemies":"3 Sentries","floor":111,"turns":1},{"damage":0,"enemies":"Gremlin Nob","floor":113,"turns":2},{"damage":0,"enemies":"2 Fungi Beasts","floor":114,"turns":1}],"seed_played":"-8088716921876346422","potions_obtained":[{"floor":4.0,"key":"GamblersBrew"},{"floor":5.0,"key":"BloodPotion"},{"floor":11.0,"key":"BloodPotion"},{"floor":31.0,"key":"Strength Potion"},{"floor":44.0,"key":"LiquidBronze"},{"floor":77,"key":"Swift Potion"},{"floor":110,"key":"Swift Potion"}],"is_trial":true,"path_per_floor":["M","?","M","M","M","R","M","R","T","?","M","M","R","$","R","B",null,"M","M","?","M","M","R","E","$","T","$","?","?","E","M","R","B",null,"M","M","?","?","T","M","M","M","T","E","M","R","M","M","R","B",null,"M","$","?","?","M","E","M","R","T","?","R","M","M","M","R","B",null,"M","?","M","$","M","R","?","M","E","R","$","M","M","M","R","B",null,"M","M","M","M","?","R","E","M","E","R","E","R","M","?","R","B",null,"M","M","$","?","M","R","M","E","E","?","E"],"character_chosen":"IRONCLAD","items_purchased":["Kunai","Seeing Red","OrangePellets"],"campfire_rested":1,"item_purchase_floors":[53,79,105],"current_hp_per_floor":[80,80,73,62,52,52,44,44,44,44,44,31,31,31,31,31,80,80,80,80,80,80,80,80,80,80,80,80,80,80,80,80,80,80,71,71,71,71,81,81,81,81,81,81,81,81,81,81,81,81,95,95,95,88,88,88,88,88,88,88,93,93,95,97,99,99,101,101,103,103,105,105,107,107,107,109,111,111,111,113,115,117,117,119,119,121,113,115,117,117,117,119,121,123,123,125,125,125,127,127,139,139,141,143,143,143,145,145,147,149,151,151,153,153],"gold":461,"neow_bonus":"","is_prod":false,"is_daily":false,"chose_seed":false,"campfire_upgraded":7,"win_rate":0,"timestamp":1539879570,"path_taken":["M","?","M","M","M","R","M","R","T","?","M","M","R","$","R","BOSS","M","M","?","M","M","R","E","$","T","$","?","?","E","M","R","BOSS","M","M","?","?","?","M","M","M","T","E","M","R","?","M","R","BOSS","M","$","?","?","?","E","M","R","T","?","R","?","M","M","R","BOSS","M","?","M","$","M","R","?","M","E","R","?","M","?","M","R","BOSS","M","M","M","M","?","R","E","M","E","R","?","R","M","?","R","BOSS","M","?","$","?","M","R","M","E","E","?","E","M"],"build_version":"2018-10-11","purchased_purges":6,"victory":false,"max_hp_per_floor":[80,80,80,80,80,80,80,80,80,80,80,80,80,80,80,80,80,80,80,80,80,80,80,80,80,80,80,80,80,80,80,80,80,80,80,80,80,80,90,90,90,90,90,90,90,90,90,90,90,90,95,95,95,88,88,88,88,88,88,88,93,93,95,97,99,99,101,101,103,103,105,105,107,107,107,109,111,111,111,113,115,117,117,119,119,121,123,125,127,127,127,129,131,133,133,135,135,135,137,137,139,139,141,143,143,143,145,145,147,149,151,151,153,153],"card_choices":[{"not_picked":["Thunderclap","Burning Pact"],"picked":"Body Slam","floor":0.0},{"not_picked":["Shrug It Off","Fire Breathing"],"picked":"Warcry","floor":0.0},{"not_picked":["True Grit","Disarm"],"picked":"Headbutt","floor":0.0},{"not_picked":["Thunderclap","Cleave"],"picked":"Body Slam","floor":0.0},{"not_picked":["Headbutt","Combust"],"picked":"Flex","floor":0.0},{"not_picked":["Sword Boomerang","Body Slam"],"picked":"Anger","floor":0.0},{"not_picked":["Iron Wave","Perfected Strike"],"picked":"Rampage","floor":0.0},{"not_picked":["Twin Strike","Clothesline"],"picked":"Rupture","floor":0.0},{"not_picked":["Corruption","Rampage"],"picked":"Pommel Strike","floor":0.0},{"not_picked":["Perfected Strike","Havoc"],"picked":"Reckless Charge","floor":0.0},{"not_picked":["Clothesline","Bloodletting"],"picked":"Blood for Blood","floor":0.0},{"not_picked":["Armaments","Iron Wave"],"picked":"Flex","floor":0.0},{"not_picked":["Metallicize","Combust"],"picked":"Seeing Red","floor":0.0},{"not_picked":["Iron Wave","Thunderclap"],"picked":"Clash","floor":0.0},{"not_picked":["Cleave","Uppercut"],"picked":"Anger","floor":0.0},{"not_picked":["Whirlwind","Reckless Charge","Second Wind"],"picked":"SKIP","floor":1.0},{"not_picked":["Havoc","Combust","Twin Strike"],"picked":"SKIP","floor":3.0},{"not_picked":["Entrench","Headbutt","Wild Strike"],"picked":"SKIP","floor":4.0},{"not_picked":["True Grit","Heavy Blade","Thunderclap"],"picked":"SKIP","floor":5.0},{"not_picked":["Headbutt","Feel No Pain"],"picked":"Clash","floor":7.0},{"not_picked":["Twin Strike","Brutality","Battle Trance"],"picked":"SKIP","floor":11.0},{"not_picked":["Clothesline","Headbutt"],"picked":"Flex","floor":12.0},{"not_picked":["Sever Soul","Cleave"],"picked":"Anger+1","floor":18.0},{"not_picked":["Combust+1","Warcry","Iron Wave"],"picked":"SKIP","floor":19.0},{"not_picked":["True Grit+1","Thunderclap+1","Whirlwind"],"picked":"SKIP","floor":21.0},{"not_picked":["Hemokinesis","Anger","Dark Embrace"],"picked":"SKIP","floor":22.0},{"not_picked":["Second Wind","Pommel Strike","Barricade"],"picked":"SKIP","floor":24.0},{"not_picked":["True Grit","Iron Wave+1","Bludgeon"],"picked":"SKIP","floor":30.0},{"not_picked":["Perfected Strike+1","Sword Boomerang","Entrench"],"picked":"SKIP","floor":31.0},{"not_picked":["Juggernaut","Reaper"],"picked":"Limit Break","floor":33.0},{"not_picked":["Armaments+1"],"picked":"SKIP","floor":35.0},{"not_picked":["Dual Wield+1"],"picked":"SKIP","floor":36.0},{"not_picked":["Warcry+1"],"picked":"SKIP","floor":40.0},{"not_picked":["Heavy Blade+1"],"picked":"SKIP","floor":41.0},{"not_picked":["Flame Barrier+1"],"picked":"SKIP","floor":42.0},{"not_picked":["Entrench"],"picked":"SKIP","floor":44.0},{"not_picked":["Second Wind+1"],"picked":"SKIP","floor":45.0},{"not_picked":["Uppercut"],"picked":"SKIP","floor":47.0},{"not_picked":["Pommel Strike+1"],"picked":"SKIP","floor":48.0},{"not_picked":["Heavy Blade"],"picked":"SKIP","floor":52.0},{"not_picked":["Wild Strike"],"picked":"SKIP","floor":56.0},{"not_picked":["Warcry"],"picked":"SKIP","floor":57.0},{"not_picked":["Fire Breathing"],"picked":"SKIP","floor":58.0},{"not_picked":["Clash"],"picked":"Singing Bowl","floor":63.0},{"not_picked":["Entrench"],"picked":"Singing Bowl","floor":64.0},{"not_picked":["Feel No Pain"],"picked":"Singing Bowl","floor":65.0},{"not_picked":["Barricade"],"picked":"Singing Bowl","floor":67.0},{"not_picked":["Entrench"],"picked":"Singing Bowl","floor":69.0},{"not_picked":["Infernal Blade"],"picked":"Singing Bowl","floor":71},{"not_picked":["Clash"],"picked":"Singing Bowl","floor":73},{"not_picked":["Shrug It Off+1"],"picked":"Singing Bowl","floor":76},{"not_picked":["Twin Strike"],"picked":"Singing Bowl","floor":77},{"not_picked":["Cleave"],"picked":"Singing Bowl","floor":80},{"not_picked":["Clash"],"picked":"Singing Bowl","floor":81},{"not_picked":["Sword Boomerang+1"],"picked":"Singing Bowl","floor":82},{"not_picked":["Berserk"],"picked":"Singing Bowl","floor":84},{"not_picked":["Flex"],"picked":"Singing Bowl","floor":86},{"not_picked":["Inflame"],"picked":"Singing Bowl","floor":87},{"not_picked":["Flex"],"picked":"Singing Bowl","floor":88},{"not_picked":["Rupture+1"],"picked":"Singing Bowl","floor":89},{"not_picked":["Clash+1"],"picked":"Singing Bowl","floor":92},{"not_picked":["Thunderclap+1"],"picked":"Singing Bowl","floor":93},{"not_picked":["Perfected Strike"],"picked":"Singing Bowl","floor":94},{"not_picked":["Body Slam"],"picked":"Singing Bowl","floor":96},{"not_picked":[],"picked":"Seeing Red","floor":98},{"not_picked":["Armaments"],"picked":"Singing Bowl","floor":99},{"not_picked":["Barricade"],"picked":"Singing Bowl","floor":101},{"not_picked":["Searing Blow"],"picked":"Singing Bowl","floor":103},{"not_picked":["Evolve"],"picked":"Singing Bowl","floor":104},{"not_picked":["Anger"],"picked":"Singing Bowl","floor":107},{"not_picked":["Thunderclap"],"picked":"Singing Bowl","floor":109},{"not_picked":["Ghostly Armor"],"picked":"Singing Bowl","floor":110},{"not_picked":["Flex"],"picked":"Singing Bowl","floor":111},{"not_picked":["Clothesline"],"picked":"Singing Bowl","floor":113}],"player_experience":114169,"relics_obtained":[{"floor":9.0,"key":"Paper Frog"},{"floor":24.0,"key":"Ancient Tea Set"},{"floor":26.0,"key":"Meat on the Bone"},{"floor":30.0,"key":"Dream Catcher"},{"floor":37.0,"key":"Incense Burner"},{"floor":39.0,"key":"Pear"},{"floor":43.0,"key":"Art of War"},{"floor":44.0,"key":"Shovel"},{"floor":49.0,"key":"Gremlin Horn"},{"floor":59.0,"key":"Ornamental Fan"},{"floor":60.0,"key":"Singing Bowl"},{"floor":62.0,"key":"Anchor"},{"floor":66.0,"key":"Nunchaku"},{"floor":74,"key":"Bag of Preparation"},{"floor":78,"key":"Pantograph"},{"floor":83,"key":"Bronze Scales"},{"floor":91,"key":"Boot"},{"floor":95,"key":"Darkstone Periapt"},{"floor":99,"key":"Du-Vu Doll"},{"floor":100,"key":"Potion Belt"},{"floor":108,"key":"Whetstone"}],"event_choices":[{"event_name":"Living Wall","player_choice":"Forget","floor":2.0,"damage_taken":0.0},{"event_name":"Purifier","player_choice":"One Purge","floor":10.0,"damage_taken":0.0},{"event_name":"Purifier","player_choice":"One Purge","floor":20.0,"damage_taken":0.0},{"event_name":"Beggar","player_choice":"Gave Gold","floor":28.0,"damage_taken":0.0},{"event_name":"WeMeetAgain","player_choice":"Potion","floor":29.0,"damage_taken":0.0},{"event_name":"MindBloom","player_choice":"Fight","floor":37.0,"damage_taken":0.0},{"event_name":"Falling","player_choice":"Removed Skill","floor":38.0,"damage_taken":0.0},{"event_name":"Golden Idol","player_choice":"Lose Max HP","floor":54.0,"damage_taken":0.0},{"event_name":"The Cleric","player_choice":"Card Removal","floor":55.0,"damage_taken":0.0},{"event_name":"Big Fish","player_choice":"Donut","floor":61.0,"damage_taken":0.0},{"event_name":"The Joust","player_choice":"Bet on Murderer","floor":70.0,"damage_taken":0.0},{"event_name":"The Mausoleum","player_choice":"Yes","floor":75,"damage_taken":0},{"event_name":"Falling","player_choice":"Removed Attack","floor":90,"damage_taken":0},{"event_name":"Mysterious Sphere","player_choice":"Fight","floor":99,"damage_taken":0},{"event_name":"Bonfire Elementals","player_choice":"COMMON","floor":106,"damage_taken":0},{"event_name":"Upgrade Shrine","player_choice":"Skipped","floor":112,"damage_taken":0}],"is_beta":false,"boss_relics":[{"not_picked":["Mark of Pain","Lizard Tail"],"picked":"Empty Cage"},{"not_picked":["Orrery","Black Star"],"picked":"Busted Crown"},{"not_picked":["Fusion Hammer","Calling Bell"],"picked":"Tiny House"},{"not_picked":["Pandora\u0027s Box","Velvet Choker"],"picked":"White Beast Statue"},{"not_picked":["Runic Pyramid","Fusion Hammer"],"picked":"Philosopher\u0027s Stone"},{"not_picked":["Mark of Pain","Astrolabe"],"picked":"Runic Cube"}],"items_purged_floors":[14,25,27,53,72,105],"is_endless":true,"potions_floor_spawned":[4,5,11,19,21,31,36,44,45,47,56,58,69,71,73,76,77,80,81,82,84,86,87,88,89,92,93,94,96,98,99,101,103,104,107,109,110,111,113],"killed_by":"2 Fungi Beasts","ascension_level":0}