{"path_per_floor":["M","M","?","?","M","R","?","$","T","E","M","M","E","M","R","B",null,"M","$","M","?","?","R","$","E","T","R","E","R"],"character_chosen":"THE_SILENT","items_purchased":["Footwork","Dagger Spray","Accuracy","Outmaneuver"],"gold_per_floor":[110,125,125,125,143,143,143,26,50,85,105,123,151,171,171,269,269,279,72,89,89,14,14,14,46,72,72,106,106],"floor_reached":30,"campfire_rested":0,"playtime":1709,"current_hp_per_floor":[61,61,49,49,48,48,34,34,34,30,24,24,24,24,24,22,70,70,70,62,49,49,49,49,34,34,34,17,17],"items_purged":["Strike_G"],"gold":106,"score":301,"play_id":"5e6400c2-94ef-4d5b-8bf0-49e7964f026c","is_prod":false,"is_daily":false,"is_ascension_mode":false,"campfire_upgraded":2,"path_taken":["M","M","?","?","?","R","?","$","T","E","M","M","E","M","R","BOSS","M","$","M","?","?","R","$","E","T","R","E","R","E"],"build_version":"2018-02-08-BETA1","purchased_purges":1,"victory":false,"master_deck":["Defend_G","Defend_G","Defend_G","Defend_G","Defend_G+1","Strike_G","Strike_G+1","Strike_G","Survivor","Neutralize","Reflex+1","Dagger Throw","Poisoned Stab","Footwork","Dagger Spray","Underhanded Strike","Cloak And Dagger","Footwork","Well Laid Plans","Outmaneuver","Tactician+1","Outmaneuver","Accuracy","Outmaneuver","Dagger Throw","Infinite Blades","Doubt","Flying Knee"],"max_hp_per_floor":[70,70,70,70,70,70,70,70,70,70,70,70,70,70,70,70,70,70,70,70,75,75,75,75,75,75,75,75,75],"relics":["Ring of the Snake","Girya","Lantern","Dodecahedron","Sundial","Cursed Key","Pen Nib","Orichalcum","Torii"],"card_choices":[{"not_picked":["Acrobatics","Dagger Throw"],"picked":"Reflex"},{"not_picked":["Backflip","Skewer"],"picked":"Dagger Throw"},{"not_picked":["Distraction","Cloak And Dagger"],"picked":"Poisoned Stab"},{"not_picked":["All Out Attack","Deflect"],"picked":"Underhanded Strike"},{"not_picked":["Glass Knife","Quick Slash"],"picked":"Cloak And Dagger"},{"not_picked":["Infinite Blades","Choke"],"picked":"Footwork"},{"not_picked":["Acrobatics","Accuracy"],"picked":"Well Laid Plans"},{"not_picked":["Quick Slash","Backflip"],"picked":"Outmaneuver"},{"not_picked":["Night Terror","Burst"],"picked":"Tactician"},{"not_picked":["Deadly Poison","Poisoned Stab"],"picked":"Outmaneuver"},{"not_picked":["Quick Slash","Leg Sweep"],"picked":"Dagger Throw"},{"not_picked":["Glass Knife","Tools of the Trade"],"picked":"Infinite Blades"},{"not_picked":["Finisher","Well Laid Plans"],"picked":"Flying Knee"}],"player_experience":72460,"potions_floor_usage":[10,10,13,16,16,25,25],"damage_taken":[{"damage":9,"enemies":"Blue Slaver","floor":1,"turns":7},{"damage":0,"enemies":"2 Louse","floor":2,"turns":4},{"damage":1,"enemies":"Cultist","floor":5,"turns":5},{"damage":4,"enemies":"Lagavulin","floor":10,"turns":10},{"damage":6,"enemies":"2 Fungi Beasts","floor":11,"turns":3},{"damage":0,"enemies":"Lots of Slimes","floor":12,"turns":2},{"damage":0,"enemies":"3 Sentries","floor":13,"turns":6},{"damage":0,"enemies":"Looter","floor":14,"turns":2},{"damage":2,"enemies":"Hexaghost","floor":16,"turns":13},{"damage":0,"enemies":"3 Byrds","floor":18,"turns":7},{"damage":8,"enemies":"Chosen","floor":20,"turns":6},{"damage":30,"enemies":"Gremlin Leader","floor":25,"turns":10},{"damage":17,"enemies":"Slavers","floor":28,"turns":5},{"damage":24,"enemies":"Gremlin Leader","floor":30,"turns":2}],"event_choices":[{"event_name":"Scrap Ooze","player_choice":"success","floor":3,"damage_taken":12},{"event_name":"The Lab","player_choice":"Got Potions","floor":4,"damage_taken":0},{"event_name":"Shining Light","player_choice":"Entered Light","floor":7,"damage_taken":0},{"event_name":"Forgotten Altar","player_choice":"Shed Blood","floor":21,"damage_taken":0},{"event_name":"Beggar","player_choice":"Gave Gold","floor":22,"damage_taken":0}],"boss_relics":[{"not_picked":["Eternal Feather","The Specimen"],"picked":"Cursed Key"}],"potions_floor_spawned":[2,10,13,14,16,25],"seed_played":"6947141996856317917","killed_by":"Gremlin Leader","ascension_level":0,"is_trial":false}