{"path_per_floor":["M","M","?","?","M","R","?","M","T","M","?","M","R","M","R","B",null,"M","?","M","M","M","R","?","?","T","?"],"character_chosen":"IRONCLAD","items_purchased":[],"gold_per_floor":[114,124,199,199,211,211,211,231,277,294,294,311,311,328,328,433,433,452,452,464,484,502,502,502,502,525,440,440],"floor_reached":28,"campfire_rested":2,"playtime":2887,"item_purchase_floors":[],"current_hp_per_floor":[80,76,65,65,69,80,85,79,79,77,77,75,75,81,81,22,85,85,79,40,21,26,51,51,35,35,35,0],"items_purged":[],"gold":440,"score":212,"play_id":"4bf13ece-3453-4dfa-9974-2acd9eb82072","local_time":"20180621223635","is_prod":false,"is_daily":false,"chose_seed":false,"is_ascension_mode":false,"campfire_upgraded":2,"win_rate":0.0,"timestamp":1529642195,"campfire_choices":[{"floor":6,"key":"REST"},{"data":"Rampage","floor":13,"key":"SMITH"},{"data":"Iron Wave","floor":15,"key":"SMITH"},{"floor":23,"key":"REST"}],"path_taken":["M","M","?","?","?","R","?","M","T","M","?","M","R","M","R","BOSS","M","?","?","M","M","R","?","?","T","?","M"],"build_version":"2018-06-21","seed_source_timestamp":95823742828641,"purchased_purges":0,"circlet_count":0,"victory":false,"master_deck":["Strike_R","Strike_R","Strike_R","Strike_R","Strike_R","Defend_R","Defend_R","Defend_R+1","Defend_R","Bash","Iron Wave+1","Rampage+1","Whirlwind","Injury","Bash","Shrug It Off","Anger","Battle Trance","Whirlwind","Perfected Strike","Reaper","Flame Barrier","RitualDagger","Anger+1","Warcry+1","Pommel Strike+1"],"max_hp_per_floor":[80,80,80,80,80,80,85,85,85,85,85,85,85,85,85,85,85,85,85,85,85,85,85,85,90,90,90,90],"relics":["Burning Blood","Happy Flower","Lizard Tail","Oddly Smooth Stone","Bag of Preparation","War Paint"],"card_choices":[{"not_picked":["Clash","Warcry"],"picked":"Iron Wave","floor":1},{"not_picked":["Iron Wave","Metallicize"],"picked":"Rampage","floor":2},{"not_picked":["Body Slam","Pommel Strike"],"picked":"Shrug It Off","floor":5},{"not_picked":["Metallicize","Carnage"],"picked":"Anger","floor":8},{"not_picked":["Pommel Strike","Iron Wave"],"picked":"Battle Trance","floor":10},{"not_picked":["Anger","Flex"],"picked":"Whirlwind","floor":12},{"not_picked":["Blood for Blood","Impervious"],"picked":"Perfected Strike","floor":14},{"not_picked":["Brutality","Berserk"],"picked":"Reaper","floor":16},{"not_picked":["Rage","Inflame"],"picked":"Flame Barrier","floor":18},{"not_picked":["Clothesline","Iron Wave"],"picked":"Anger+1","floor":20},{"not_picked":["Body Slam","Perfected Strike"],"picked":"Warcry","floor":21},{"not_picked":["Clothesline","Warcry"],"picked":"Pommel Strike+1","floor":22}],"player_experience":0,"potions_floor_usage":[16,16,16,22,22],"damage_taken":[{"damage":5,"enemies":"Small Slimes","floor":1,"turns":4},{"damage":10,"enemies":"Jaw Worm","floor":2,"turns":6},{"damage":2,"enemies":"2 Louse","floor":5,"turns":3},{"damage":12,"enemies":"Large Slime","floor":8,"turns":7},{"damage":8,"enemies":"Red Slaver","floor":10,"turns":5},{"damage":8,"enemies":"Exordium Wildlife","floor":12,"turns":4},{"damage":0,"enemies":"Lots of Slimes","floor":14,"turns":1},{"damage":73,"enemies":"The Guardian","floor":16,"turns":13},{"damage":3,"enemies":"Chosen","floor":18,"turns":6},{"damage":45,"enemies":"Spheric Guardian","floor":20,"turns":8},{"damage":25,"enemies":"Snake Plant","floor":21,"turns":6},{"damage":60,"enemies":"Chosen and Byrds","floor":22,"turns":9},{"damage":46,"enemies":"Sentry and Sphere","floor":28,"turns":7}],"relics_obtained":[{"floor":9,"key":"Happy Flower"},{"floor":26,"key":"Bag of Preparation"}],"event_choices":[{"event_name":"World of Goop","player_choice":"Gather Gold","floor":3,"damage_taken":0},{"event_name":"Match and Keep!","player_choice":"3 cards matched","floor":4,"damage_taken":0},{"event_name":"Big Fish","player_choice":"Donut","floor":7,"damage_taken":0},{"event_name":"Liars Game","player_choice":"disagreed","floor":11,"damage_taken":0},{"event_name":"Nest","player_choice":"Joined the Cult","floor":19,"damage_taken":0},{"event_name":"The Mausoleum","player_choice":"Yes","floor":24,"damage_taken":0},{"event_name":"Forgotten Altar","player_choice":"Shed Blood","floor":25,"damage_taken":0},{"event_name":"Addict","player_choice":"Obtained Relic","floor":27,"damage_taken":0}],"boss_relics":[{"not_picked":["Cursed Key","Fusion Hammer"],"picked":"Lizard Tail"}],"items_purged_floors":[],"is_endless":false,"potions_floor_spawned":[8,10,14,16,20],"seed_played":"-3085364830941227569","killed_by":"Sentry and Sphere","ascension_level":0,"potions_obtained":[{"floor":8,"key":"SteroidPotion"},{"floor":10,"key":"BloodPotion"},{"floor":14,"key":"PowerPotion"},{"floor":16,"key":"SkillPotion"},{"floor":20,"key":"Explosive Potion"}],"is_trial":false}