{"gold_per_floor":[110,0,20,20,20,50,50,77,102,102,102,120,120],"floor_reached":13,"playtime":547,"items_purged":["Strike_G"],"score":141,"play_id":"64b95a34-51c1-4226-95a5-62aaf4e82100","local_time":"20190330154440","is_ascension_mode":true,"campfire_choices":[{"data":"Caltrops","floor":7,"key":"SMITH"},{"floor":10,"key":"REST"}],"neow_cost":"NONE","seed_source_timestamp":2502802759261,"circlet_count":0,"master_deck":["AscendersBane","Defend_G","Defend_G","Defend_G","Defend_G","Defend_G","Strike_G","Strike_G","Strike_G","Survivor","Neutralize","PiercingWail","Caltrops","Caltrops+1","Deflect","Infinite Blades","Decay","Deflect"],"relics":["Black Star","Vajra","Centennial Puzzle","Art of War","Snake Skull","Bag of Preparation"],"potions_floor_usage":[6,8],"damage_taken":[{"damage":3,"enemies":"Small Slimes","floor":1,"turns":5},{"damage":5,"enemies":"Cultist","floor":3,"turns":6},{"damage":38,"enemies":"Gremlin Nob","floor":6,"turns":6},{"damage":21,"enemies":"3 Sentries","floor":8,"turns":11},{"damage":7,"enemies":"Jaw Worm","floor":12,"turns":5},{"damage":18,"enemies":"Lagavulin","floor":13,"turns":7}],"seed_played":"-4908185808234406106","potions_obtained":[{"floor":1,"key":"AttackPotion"},{"floor":3,"key":"Weak Potion"},{"floor":8,"key":"LiquidBronze"}],"is_trial":false,"path_per_floor":["M","$","M","?","?","E","R","E","T","R","?","M","E"],"character_chosen":"THE_SILENT","items_purchased":["Caltrops"],"campfire_rested":1,"item_purchase_floors":[2],"current_hp_per_floor":[60,60,55,55,60,22,22,1,1,23,23,16,0],"gold":120,"neow_bonus":"BOSS_RELIC","is_prod":false,"is_daily":false,"chose_seed":false,"campfire_upgraded":1,"win_rate":0,"timestamp":1553985880,"path_taken":["M","$","M","?","?","E","R","E","T","R","?","?","E"],"build_version":"2019-01-23","purchased_purges":1,"victory":false,"max_hp_per_floor":[70,70,70,70,75,75,75,75,75,75,75,75,75],"card_choices":[{"not_picked":["Predator","Escape Plan"],"picked":"PiercingWail","floor":1},{"not_picked":["Escape Plan","Crippling Poison"],"picked":"Caltrops","floor":3},{"not_picked":["Bane","Dagger Throw"],"picked":"Deflect","floor":6},{"not_picked":["Poisoned Stab","Masterful Stab"],"picked":"Infinite Blades","floor":8},{"not_picked":["Skewer","Flying Knee"],"picked":"Deflect","floor":12}],"player_experience":300975,"relics_obtained":[{"floor":6,"key":"Vajra"},{"floor":6,"key":"Centennial Puzzle"},{"floor":8,"key":"Art of War"},{"floor":8,"key":"Snake Skull"},{"floor":9,"key":"Bag of Preparation"}],"event_choices":[{"cards_removed":["Strike_G"],"damage_healed":0,"gold_gain":0,"player_choice":"Forget","damage_taken":0,"max_hp_gain":0,"max_hp_loss":0,"event_name":"Living Wall","floor":4,"gold_loss":0},{"damage_healed":0,"gold_gain":0,"player_choice":"Donut","damage_taken":0,"max_hp_gain":5,"max_hp_loss":0,"event_name":"Big Fish","floor":5,"gold_loss":0},{"damage_healed":0,"gold_gain":0,"player_choice":"Cursed","damage_taken":0,"max_hp_gain":0,"max_hp_loss":0,"event_name":"Wheel of Change","floor":11,"gold_loss":0,"cards_obtained":["Decay"]}],"is_beta":false,"boss_relics":[],"items_purged_floors":[2],"is_endless":false,"potions_floor_spawned":[1,3,8],"killed_by":"Lagavulin","ascension_level":11}