{"path_per_floor":["M","?","?","?","M","R","M","R","T","M","$","M","$","M","R","B",null,"M","?","?","?","M","R","M","M","T","$","R","?","M","?","R","B",null,"M","?","M","$","$","E","M","M","T","R","M","$","?","M","R"],"character_chosen":"IRONCLAD","items_purchased":["Regal Pillow","Oddly Smooth Stone","Inflame"],"gold_per_floor":[214,214,214,214,234,234,246,246,273,289,65,76,76,93,93,190,190,206,131,131,131,142,142,159,179,179,79,79,79,99,99,99,198,198,215,215,232,83,45,78,89,109,109,109,119,119,119,133,133],"floor_reached":50,"campfire_rested":4,"playtime":3507,"current_hp_per_floor":[80,80,80,72,72,72,73,73,73,75,75,76,76,80,80,45,80,76,76,76,76,72,72,45,28,28,28,67,67,42,42,80,7,80,65,65,69,69,69,50,45,35,35,74,80,80,70,46,80],"items_purged":["Strike_R","Writhe"],"gold":133,"play_id":"8b2fcc98-fc85-42ac-9fc0-7ddebe8700bd","is_prod":false,"is_daily":false,"is_ascension_mode":false,"campfire_upgraded":4,"path_taken":["M","?","?","?","M","R","M","R","T","M","$","M","$","M","R","BOSS","M","?","?","?","M","R","M","M","T","$","R","?","M","?","R","BOSS","M","?","M","?","$","E","M","M","T","R","M","$","?","M","R","BOSS"],"build_version":"2018-01-25-PROD3","purchased_purges":2,"victory":false,"master_deck":["Strike_R+1","Strike_R+1","Strike_R+1","Defend_R+1","Defend_R+1","Defend_R+1","Defend_R+1","Bash+1","Pommel Strike+1","Inflame+1","Shrug It Off","Barricade+1","Dropkick","Evolve","Headbutt","Armaments+1","Dropkick","Impervious","Dropkick+1","Anger+1","Inflame","Fire Breathing+1","Shrug It Off+1","Madness","Madness","Flex"],"max_hp_per_floor":[80,80,80,80,80,80,80,80,80,80,80,80,80,80,80,80,80,80,80,80,80,80,80,80,80,80,80,80,80,80,80,80,80,80,80,80,80,80,80,80,80,80,80,80,80,80,80,80,80],"relics":["Burning Blood","Orichalcum","Regal Pillow","Sozu","Toolbox","Champion Belt","Runic Pyramid","Oddly Smooth Stone","Mercury Hourglass","Bronze Scales"],"card_choices":[{"not_picked":["Flex","Perfected Strike"],"picked":"Shockwave"},{"not_picked":["Combust","Clothesline"],"picked":"Pommel Strike"},{"not_picked":["Clash","Clothesline"],"picked":"Inflame"},{"not_picked":["Cleave","Evolve"],"picked":"Shrug It Off"},{"not_picked":["Perfected Strike","Power Through"],"picked":"Shockwave"},{"not_picked":["Offering","Double Tap"],"picked":"Barricade"},{"not_picked":["Body Slam","Searing Blow"],"picked":"Dropkick"},{"not_picked":["Shrug It Off","Havoc"],"picked":"Headbutt"},{"not_picked":["Immolate","Reckless Charge"],"picked":"Armaments"},{"not_picked":["Sever Soul","Cleave"],"picked":"Dropkick"},{"not_picked":["Exhume","Immolate"],"picked":"Impervious"},{"not_picked":["Pommel Strike","Cleave"],"picked":"Dropkick"},{"not_picked":["Armaments","Perfected Strike"],"picked":"Anger"},{"not_picked":["Body Slam","Whirlwind"],"picked":"Fire Breathing"},{"not_picked":["Flex","Armaments"],"picked":"Shrug It Off"},{"not_picked":["Rupture","Anger"],"picked":"Flex"}],"player_experience":44512,"potions_floor_usage":[5,16,16],"damage_taken":[{"damage":0,"enemies":"2 Louse","floor":1,"turns":3},{"damage":6,"enemies":"Blue Slaver","floor":5,"turns":5},{"damage":5,"enemies":"Jaw Worm","floor":7,"turns":4},{"damage":4,"enemies":"3 Louse","floor":10,"turns":4},{"damage":5,"enemies":"Exordium Wildlife","floor":12,"turns":6},{"damage":2,"enemies":"Red Slaver","floor":14,"turns":3},{"damage":41,"enemies":"The Guardian","floor":16,"turns":10},{"damage":10,"enemies":"Chosen","floor":18,"turns":4},{"damage":10,"enemies":"Shell Parasite","floor":22,"turns":7},{"damage":33,"enemies":"Chosen and Byrds","floor":24,"turns":7},{"damage":23,"enemies":"Snecko","floor":25,"turns":7},{"damage":31,"enemies":"Slaver and Parasite","floor":30,"turns":6},{"damage":79,"enemies":"Automaton","floor":33,"turns":16},{"damage":21,"enemies":"3 Darklings","floor":35,"turns":8},{"damage":2,"enemies":"Orb Walker","floor":37,"turns":4},{"damage":25,"enemies":"Nemesis","floor":40,"turns":9},{"damage":11,"enemies":"3 Darklings","floor":41,"turns":4},{"damage":16,"enemies":"4 Shapes","floor":42,"turns":7},{"damage":0,"enemies":"Maw","floor":45,"turns":7},{"damage":30,"enemies":"Sphere and 2 Shapes","floor":48,"turns":7},{"damage":92,"enemies":"Time Eater","floor":50,"turns":14}],"event_choices":[{"event_name":"Bonfire Elementals","player_choice":"UNCOMMON","floor":2,"damage_taken":0},{"event_name":"Living Wall","player_choice":"Forget","floor":3,"damage_taken":0},{"event_name":"Wheel of Change","player_choice":"Damage","floor":4,"damage_taken":0},{"event_name":"Beggar","player_choice":"Gave Gold","floor":19,"damage_taken":0},{"event_name":"The Mausoleum","player_choice":"Yes","floor":20,"damage_taken":0},{"event_name":"Match and Keep!","player_choice":"1 cards matched","floor":21,"damage_taken":0},{"event_name":"Back to Basics","player_choice":"Simplicity","floor":29,"damage_taken":0},{"event_name":"Drug Dealer","player_choice":"Ignored","floor":31,"damage_taken":0},{"event_name":"Upgrade Shrine","player_choice":"Upgraded","floor":36,"damage_taken":0},{"event_name":"Winding Halls","player_choice":"Embrace Madness","floor":47,"damage_taken":0}],"boss_relics":[{"not_picked":["Cursed Key","Black Blood"],"picked":"Sozu"},{"not_picked":["Orrery","Runic Dome"],"picked":"Runic Pyramid"}],"potions_floor_spawned":[1,10,14,16,18,22,37,40,42,45],"seed_played":"9011248372082859831","killed_by":"Time Eater","ascension_level":0,"is_trial":false}