{"gold_per_floor":[110,110,185,185,3,3,34,50,99,111,136,146,296,314,314,387,387,404,384,10,20,20,20],"floor_reached":23,"playtime":1026,"items_purged":["Doubt"],"score":407,"play_id":"b23fc4ad-f869-4cb4-8024-80401f7ec0e9","local_time":"20190313235048","is_ascension_mode":true,"campfire_choices":[{"data":"Finesse","floor":6,"key":"SMITH"},{"data":"Rainbow","floor":15,"key":"SMITH"}],"neow_cost":"NONE","seed_source_timestamp":84590818996333,"circlet_count":0,"master_deck":["AscendersBane","Strike_B","Strike_B","Strike_B","Strike_B","Defend_B","Defend_B","Defend_B","Defend_B","Zap","Dualcast","Redo","Finesse+1","Self Repair","Stack","Coolheaded","Rainbow+1","Undo","Glacier","Rainbow","Compile Driver","Compile Driver","White Noise"],"relics":["Cracked Core","NeowsBlessing","Bag of Marbles","Dream Catcher","Calipers","Inserter","PrismaticShard"],"potions_floor_usage":[12,19,19,21],"damage_taken":[{"damage":0,"enemies":"2 Louse","floor":1,"turns":1},{"damage":0,"enemies":"Gremlin Nob","floor":7,"turns":1},{"damage":0,"enemies":"Small Slimes","floor":8,"turns":1},{"damage":0,"enemies":"Jaw Worm","floor":10,"turns":4},{"damage":19,"enemies":"Lagavulin","floor":11,"turns":7},{"damage":3,"enemies":"Large Slime","floor":12,"turns":4},{"damage":0,"enemies":"Blue Slaver","floor":14,"turns":5},{"damage":48,"enemies":"The Guardian","floor":16,"turns":21},{"damage":12,"enemies":"Spheric Guardian","floor":18,"turns":10},{"damage":19,"enemies":"2 Thieves","floor":19,"turns":4},{"damage":0,"enemies":"Centurion and Healer","floor":21,"turns":12},{"damage":25,"enemies":"Book of Stabbing","floor":23,"turns":2}],"seed_played":"7453630209859006333","potions_obtained":[{"floor":7,"key":"LiquidBronze"},{"floor":11,"key":"PowerPotion"},{"floor":16,"key":"FocusPotion"}],"is_trial":false,"path_per_floor":["M","?","?","?","$","R","E","M","T","M","E","M","?","M","R","B",null,"M","M","$","M","?","E"],"character_chosen":"DEFECT","items_purchased":["Finesse","Self Repair","PrismaticShard","FocusPotion"],"campfire_rested":0,"item_purchase_floors":[5,5,20,20],"current_hp_per_floor":[64,64,53,53,53,53,53,60,60,67,55,59,59,59,59,18,58,46,27,27,34,34,9],"gold":20,"neow_bonus":"THREE_ENEMY_KILL","is_prod":false,"is_daily":false,"chose_seed":false,"campfire_upgraded":2,"win_rate":0,"timestamp":1552539048,"path_taken":["M","?","?","?","$","R","E","?","T","M","E","M","?","M","R","BOSS","M","M","$","M","?","E"],"build_version":"2019-01-23","purchased_purges":1,"victory":false,"max_hp_per_floor":[71,71,71,71,71,71,71,71,71,71,71,71,71,71,71,71,71,71,71,71,71,71,71],"card_choices":[{"not_picked":["Sweeping Beam","Steam Power"],"picked":"Redo","floor":1},{"not_picked":["Steam","FTL"],"picked":"Stack","floor":7},{"not_picked":["Streamline","Conserve Battery"],"picked":"Coolheaded","floor":8},{"not_picked":["Ball Lightning","Stack"],"picked":"Rainbow","floor":10},{"not_picked":["Go for the Eyes","Hello World"],"picked":"Undo","floor":11},{"not_picked":["Steam","Sweeping Beam"],"picked":"Glacier","floor":12},{"not_picked":["Barrage","Fusion","Beam Cell"],"picked":"SKIP","floor":14},{"not_picked":["Biased Cognition","Multi-Cast"],"picked":"Rainbow","floor":16},{"not_picked":["Double Energy","Lockon"],"picked":"Compile Driver","floor":18},{"not_picked":["Hologram","Undo"],"picked":"Compile Driver","floor":19},{"not_picked":["Barrage","PanicButton+1"],"picked":"White Noise","floor":21}],"player_experience":702545,"relics_obtained":[{"floor":7,"key":"Bag of Marbles"},{"floor":9,"key":"Dream Catcher"},{"floor":11,"key":"Calipers"}],"event_choices":[{"damage_healed":0,"gold_gain":0,"player_choice":"Ignored","damage_taken":0,"max_hp_gain":0,"max_hp_loss":0,"event_name":"Golden Wing","floor":2,"gold_loss":0},{"damage_healed":0,"gold_gain":75,"player_choice":"Gather Gold","damage_taken":11,"max_hp_gain":0,"max_hp_loss":0,"event_name":"World of Goop","floor":3,"gold_loss":0},{"damage_healed":0,"gold_gain":0,"player_choice":"Ignored","damage_taken":0,"max_hp_gain":0,"max_hp_loss":0,"event_name":"Shining Light","floor":4,"gold_loss":0},{"damage_healed":0,"gold_gain":150,"player_choice":"AGREE","damage_taken":0,"max_hp_gain":0,"max_hp_loss":0,"event_name":"Liars Game","floor":13,"gold_loss":0,"cards_obtained":["Doubt"]},{"damage_healed":0,"gold_gain":0,"player_choice":"Ignored","damage_taken":0,"max_hp_gain":0,"max_hp_loss":0,"event_name":"Beggar","floor":22,"gold_loss":0}],"is_beta":false,"boss_relics":[{"not_picked":["Sozu","Busted Crown"],"picked":"Inserter"}],"items_purged_floors":[20],"is_endless":false,"potions_floor_spawned":[7,11,16],"killed_by":"Book of Stabbing","ascension_level":16}