{"path_per_floor":["M","M","?","M","$","R","E","R","T","M","$","M","?","M","R","B",null,"M","$","M","?"],"character_chosen":"THE_SILENT","items_purchased":["Snake Skull","Well Laid Plans","Infinite Blades","Blade Dance"],"gold_per_floor":[114,129,204,219,30,30,59,59,105,124,124,135,135,155,155,253,253,264,41,51,51],"floor_reached":22,"campfire_rested":2,"playtime":972,"current_hp_per_floor":[70,68,57,57,57,57,25,46,46,44,44,41,41,41,62,32,74,72,72,26,12],"items_purged":["Strike_G"],"gold":51,"score":186,"play_id":"b4b6d47b-e5d2-44a0-b460-5eceab27153e","is_prod":false,"is_daily":false,"is_ascension_mode":false,"campfire_upgraded":1,"path_taken":["M","M","?","M","$","R","E","R","T","M","$","?","?","M","R","BOSS","M","$","M","?","M"],"build_version":"2018-02-08-PROD1","purchased_purges":2,"victory":false,"master_deck":["Defend_G","Defend_G","Defend_G","Defend_G","Defend_G","Strike_G","Survivor","Neutralize+1","Footwork","Prepared","Flying Knee","Well Laid Plans+1","Adrenaline","Deadly Poison","Footwork","Blade Dance+1","Choke+1","Escape Plan+1","Infinite Blades","Blade Dance","Backflip"],"max_hp_per_floor":[70,70,70,70,70,70,70,70,70,70,70,72,72,72,72,74,74,76,76,76,81],"relics":["Ring of the Snake","Snake Skull","Singing Bowl","Happy Flower","Astrolabe"],"card_choices":[{"not_picked":["Sucker Punch","Dodge and Roll"],"picked":"Footwork"},{"not_picked":["Unload","Dodge and Roll"],"picked":"Prepared"},{"not_picked":["Slice","Masterful Stab"],"picked":"Flying Knee"},{"not_picked":["Quick Slash","Acrobatics"],"picked":"Adrenaline"},{"not_picked":["Endless Agony","Flying Knee"],"picked":"Deadly Poison"},{"not_picked":["Crippling Poison","Terror"],"picked":"Footwork"},{"not_picked":["Finisher","Deflect"],"picked":"Backflip"}],"player_experience":71836,"potions_floor_usage":[7,16,16,16],"damage_taken":[{"damage":0,"enemies":"Small Slimes","floor":1,"turns":3},{"damage":2,"enemies":"Blue Slaver","floor":2,"turns":5},{"damage":0,"enemies":"2 Louse","floor":4,"turns":4},{"damage":32,"enemies":"Gremlin Nob","floor":7,"turns":6},{"damage":2,"enemies":"Looter","floor":10,"turns":3},{"damage":5,"enemies":"Exordium Wildlife","floor":12,"turns":4},{"damage":0,"enemies":"2 Fungi Beasts","floor":14,"turns":4},{"damage":32,"enemies":"Hexaghost","floor":16,"turns":10},{"damage":4,"enemies":"Shell Parasite","floor":18,"turns":6},{"damage":46,"enemies":"Spheric Guardian","floor":20,"turns":8},{"damage":18,"enemies":"3 Cultists","floor":22,"turns":5}],"event_choices":[{"event_name":"World of Goop","player_choice":"Gather Gold","floor":3,"damage_taken":0},{"event_name":"Liars Game","player_choice":"disagreed","floor":13,"damage_taken":0},{"event_name":"Forgotten Altar","player_choice":"Shed Blood","floor":21,"damage_taken":0}],"boss_relics":[{"not_picked":["Sozu","Snecko Eye"],"picked":"Astrolabe"}],"potions_floor_spawned":[2,7,10,14],"seed_played":"-779397107123042453","killed_by":"3 Cultists","ascension_level":0,"is_trial":false}