{"gold_per_floor":[114,39,58,58,72,103,103,130,130,130,230,230,258,268,268,373,373,385,285,298,137,152,186,186,49,73,84,84,84,111,129,129,226,226,237,237,254,264,283,313,332,332,332,343,373,26,57,70,70,70],"floor_reached":51,"playtime":3357,"items_purged":["Defend_B","Strike_B","Strike_B","Steam Power"],"score":1066,"play_id":"278209e1-b6f2-4ef1-893d-80094beecd8f","local_time":"20180707031313","is_ascension_mode":true,"campfire_choices":[{"data":"Zap","floor":7,"key":"SMITH"},{"data":"Dualcast","floor":12,"key":"SMITH"},{"data":"Conserve Battery","floor":15,"key":"SMITH"},{"data":"Defragment","floor":24,"key":"SMITH"},{"data":"Electrodynamics","floor":28,"key":"SMITH"},{"data":"Conserve Battery","floor":32,"key":"SMITH"},{"data":"Amplify","floor":42,"key":"SMITH"},{"data":"Echo Form","floor":49,"key":"SMITH"}],"neow_cost":"","seed_source_timestamp":538900634429303,"circlet_count":0,"master_deck":["Defend_B","Defend_B","Zap+1","Dualcast+1","Beam Cell","Conserve Battery+1","Conserve Battery","Electrodynamics+1","Conserve Battery","FTL+1","Go for the Eyes+1","Machine Learning","Conserve Battery+1","Defragment+1","White Noise+1","Conserve Battery+1","Echo Form+1","Capacitor","FTL+1","Amplify+1","Tempest","Skim+1","Steam+1","Self Repair","Heatsinks+1","Go for the Eyes+1"],"relics":["Cracked Core","Centennial Puzzle","Molten Egg 2","Dodecahedron","Art of War","Pantograph","Empty Cage","Vajra","Lantern","Smiling Mask","Lizard Tail","Bag of Preparation","Meat on the Bone","Pear","Sundial","Oddly Smooth Stone"],"potions_floor_usage":[6,13,16,16,16,16,16,16,20,23,30,37,38,40,41,50,50],"damage_taken":[{"damage":7,"enemies":"Jaw Worm","floor":1,"turns":4},{"damage":0,"enemies":"2 Louse","floor":3,"turns":2},{"damage":0,"enemies":"Cultist","floor":5,"turns":3},{"damage":15,"enemies":"Gremlin Nob","floor":6,"turns":4},{"damage":3,"enemies":"3 Sentries","floor":8,"turns":3},{"damage":10,"enemies":"Gremlin Nob","floor":13,"turns":3},{"damage":5,"enemies":"3 Louse","floor":14,"turns":3},{"damage":3,"enemies":"Slime Boss","floor":16,"turns":7},{"damage":0,"enemies":"Shell Parasite","floor":18,"turns":5},{"damage":5,"enemies":"Chosen","floor":20,"turns":6},{"damage":8,"enemies":"Snake Plant","floor":22,"turns":4},{"damage":14,"enemies":"Book of Stabbing","floor":23,"turns":5},{"damage":1,"enemies":"Chosen and Byrds","floor":27,"turns":6},{"damage":22,"enemies":"Slavers","floor":30,"turns":4},{"damage":2,"enemies":"Centurion and Healer","floor":31,"turns":4},{"damage":38,"enemies":"Collector","floor":33,"turns":10},{"damage":32,"enemies":"3 Darklings","floor":35,"turns":4},{"damage":5,"enemies":"Flame Bruiser 1 Orb","floor":37,"turns":4},{"damage":0,"enemies":"Sphere and 2 Shapes","floor":38,"turns":4},{"damage":5,"enemies":"Flame Bruiser 2 Orb","floor":39,"turns":3},{"damage":22,"enemies":"2 Orb Walkers","floor":40,"turns":3},{"damage":18,"enemies":"Transient","floor":41,"turns":5},{"damage":13,"enemies":"Maw","floor":44,"turns":7},{"damage":0,"enemies":"Nemesis","floor":45,"turns":9},{"damage":0,"enemies":"Giant Head","floor":47,"turns":9},{"damage":14,"enemies":"Flame Bruiser 2 Orb","floor":48,"turns":4},{"damage":53,"enemies":"Awakened One","floor":50,"turns":11}],"seed_played":"-4869942290740144975","potions_obtained":[{"floor":5,"key":"GamblersBrew"},{"floor":8,"key":"Poison Potion"},{"floor":13,"key":"EntropicBrew"},{"floor":16,"key":"LiquidBronze"},{"floor":18,"key":"Swift Potion"},{"floor":20,"key":"Regen Potion"},{"floor":22,"key":"LiquidBronze"},{"floor":31,"key":"Swift Potion"},{"floor":35,"key":"EssenceOfSteel"},{"floor":40,"key":"SpeedPotion"},{"floor":44,"key":"Explosive Potion"},{"floor":47,"key":"Block Potion"}],"is_trial":false,"path_per_floor":["M","$","M","?","M","E","R","E","T","?","?","R","E","M","R","B",null,"M","$","M","$","M","E","R","$","T","M","R","?","E","M","R","B",null,"M","?","M","M","M","E","M","R","T","M","E","$","E","M","R","B"],"character_chosen":"DEFECT","items_purchased":["Defragment","Echo Form","Sundial"],"campfire_rested":0,"item_purchase_floors":[21,25,46],"current_hp_per_floor":[68,68,68,61,61,46,46,43,43,43,43,43,33,28,28,50,75,75,75,70,70,62,55,55,55,55,54,54,54,44,42,42,36,75,43,43,38,38,33,11,37,37,37,36,65,65,79,72,72,44],"gold":70,"neow_bonus":"","is_prod":false,"is_daily":false,"chose_seed":false,"campfire_upgraded":8,"win_rate":0,"timestamp":1530958393,"path_taken":["M","$","M","?","M","E","R","E","T","?","?","R","E","?","R","BOSS","M","?","M","$","M","E","R","$","T","M","R","?","E","?","R","BOSS","M","?","M","M","M","E","M","R","T","M","E","$","E","M","R","BOSS"],"build_version":"2018-07-05","purchased_purges":4,"victory":true,"max_hp_per_floor":[75,75,75,75,75,75,75,75,75,75,75,75,75,75,75,75,75,75,75,75,75,75,75,75,75,75,75,75,75,75,75,75,75,75,75,75,75,75,75,75,75,75,75,75,85,85,85,85,85,85],"card_choices":[{"not_picked":["Hologram","Coolheaded"],"picked":"Beam Cell","floor":1},{"not_picked":["Undo","Hologram"],"picked":"Conserve Battery","floor":3},{"not_picked":["Reprogram","Gash"],"picked":"Conserve Battery","floor":5},{"not_picked":["Compile Driver","Consume"],"picked":"Electrodynamics","floor":6},{"not_picked":["Storm","Blizzard"],"picked":"Conserve Battery","floor":8},{"not_picked":["Meteor Strike+1","Darkness"],"picked":"FTL+1","floor":13},{"not_picked":["Turbo","Gash+1"],"picked":"Go for the Eyes+1","floor":14},{"not_picked":["Electrodynamics","Rainbow"],"picked":"Machine Learning","floor":16},{"not_picked":["Blizzard+1","Streamline+1"],"picked":"Conserve Battery","floor":18},{"not_picked":["Leap","Redo+1","Melter+1"],"picked":"SKIP","floor":20},{"not_picked":["Rebound+1","Go for the Eyes+1"],"picked":"White Noise+1","floor":22},{"not_picked":["Chill","Go for the Eyes+1"],"picked":"Conserve Battery+1","floor":23},{"not_picked":["Aggregate+1","Gash+1"],"picked":"Capacitor","floor":27},{"not_picked":["Coolheaded","Stack","Leap"],"picked":"SKIP","floor":30},{"not_picked":["Lockon+1","Aggregate+1"],"picked":"FTL+1","floor":31},{"not_picked":["Electrodynamics","Core Surge+1"],"picked":"Amplify","floor":33},{"not_picked":["Streamline+1","Beam Cell+1"],"picked":"Steam Power","floor":35},{"not_picked":["Redo","Leap+1"],"picked":"Tempest","floor":37},{"not_picked":["Hello World+1","Sweeping Beam+1","Cold Snap+1"],"picked":"SKIP","floor":38},{"not_picked":["White Noise","Steam"],"picked":"Skim+1","floor":39},{"not_picked":["Rip and Tear+1","Rebound+1"],"picked":"Steam+1","floor":40},{"not_picked":["Beam Cell+1","Ball Lightning+1","Doom and Gloom+1"],"picked":"SKIP","floor":41},{"not_picked":["Glacier+1","Cold Snap+1"],"picked":"Self Repair","floor":44},{"not_picked":["Coolheaded+1","Steam Power+1"],"picked":"Heatsinks+1","floor":45},{"not_picked":["Reinforced Body+1","Beam Cell+1","Steam"],"picked":"SKIP","floor":47},{"not_picked":["Barrage+1","Scrape+1"],"picked":"Go for the Eyes+1","floor":48}],"player_experience":259236,"relics_obtained":[{"floor":6,"key":"Centennial Puzzle"},{"floor":8,"key":"Molten Egg 2"},{"floor":9,"key":"Dodecahedron"},{"floor":13,"key":"Pantograph"},{"floor":23,"key":"Vajra"},{"floor":26,"key":"Lantern"},{"floor":30,"key":"Smiling Mask"},{"floor":40,"key":"Bag of Preparation"},{"floor":43,"key":"Meat on the Bone"},{"floor":45,"key":"Pear"},{"floor":47,"key":"Oddly Smooth Stone"}],"event_choices":[{"event_name":"Golden Wing","player_choice":"Card Removal","floor":4,"damage_taken":0},{"event_name":"Big Fish","player_choice":"Box","floor":10,"damage_taken":0},{"event_name":"Golden Shrine","player_choice":"Pray","floor":11,"damage_taken":0},{"event_name":"Drug Dealer","player_choice":"Ignored","floor":29,"damage_taken":0},{"event_name":"Bonfire Elementals","player_choice":"BASIC","floor":36,"damage_taken":0}],"boss_relics":[{"not_picked":["Eternal Feather","Philosopher\u0027s Stone"],"picked":"Empty Cage"},{"not_picked":["Snecko Eye","White Beast Statue"],"picked":"Lizard Tail"}],"items_purged_floors":[2,19,21,46],"is_endless":false,"potions_floor_spawned":[5,8,13,16,18,20,22,31,35,40,44,47],"ascension_level":4}