{"path_per_floor":["M","$","M","M","?","R","E","M","T","E","?","M","M","?","R","B",null,"M","?","$","?","M","E","R","$","T","?","M","R","E","M","R","B",null,"M","?","M","?","?","R","?","M","T","M","E","R","M","$","R","B"],"character_chosen":"DEFECT","items_purchased":["Go for the Eyes","War Paint","Beam Cell","Gash","Whetstone","EssenceOfSteel"],"gold_per_floor":[119,18,29,39,39,39,68,87,87,115,115,129,140,140,140,242,272,282,282,31,31,51,79,79,34,34,134,144,144,176,194,194,297,297,312,312,328,379,379,379,379,389,389,409,437,437,450,19,19,19],"floor_reached":51,"campfire_rested":5,"playtime":1943,"item_purchase_floors":[2,20,25,48,48,48],"current_hp_per_floor":[67,67,62,61,61,61,57,54,54,64,64,54,40,25,47,23,67,67,67,67,67,69,48,72,72,72,72,63,63,55,47,71,41,70,58,48,30,24,24,48,48,50,50,39,40,79,74,74,74,32],"items_purged":["Strike_B","Writhe","Strike_B"],"gold":19,"score":986,"play_id":"a9aee92c-ff8b-470e-a17e-ca5e11bc97e1","local_time":"20180528144857","is_prod":false,"is_daily":false,"chose_seed":false,"is_ascension_mode":true,"campfire_upgraded":3,"win_rate":0,"timestamp":1527511737,"campfire_choices":[{"data":"Zap","floor":6,"key":"SMITH"},{"floor":15,"key":"REST"},{"floor":24,"key":"REST"},{"data":"Creative AI","floor":29,"key":"SMITH"},{"floor":32,"key":"REST"},{"floor":40,"key":"REST"},{"floor":46,"key":"REST"},{"data":"Echo Form","floor":49,"key":"SMITH"}],"path_taken":["M","$","?","M","?","R","E","M","T","E","?","?","?","?","R","BOSS","M","?","$","?","?","E","R","$","T","?","M","R","E","M","R","BOSS","M","?","M","?","?","R","?","?","T","?","E","R","M","$","R","BOSS"],"build_version":"2018-05-27","seed_source_timestamp":39135555573966,"purchased_purges":3,"victory":true,"master_deck":["Defend_B","Defend_B+1","Defend_B","Defend_B+1","Zap+1","Dualcast+1","Conserve Battery+1","Gash","Go for the Eyes","Beam Cell","Chill+1","Go for the Eyes","Creative AI+1","All For One+1","Beam Cell","Ball Lightning+1","Beam Cell+1","Chill","Go for the Eyes","Echo Form+1","All For One","Auto Shields+1","Madness","Madness","White Noise+1","Chaos+1","Gash"],"max_hp_per_floor":[75,75,75,75,75,75,75,75,75,75,75,75,75,75,75,75,80,80,80,80,80,80,80,80,80,80,80,80,80,80,80,80,80,80,80,80,80,80,80,80,80,80,80,80,80,80,80,80,80,80],"relics":["Cracked Core","DataDisk","Question Card","Shuriken","Tiny House","Blood Vial","War Paint","Anchor","Bottled Tornado","Calipers","Inserter","Peace Pipe","Bottled Flame","Regal Pillow","Whetstone"],"card_choices":[{"not_picked":["Ball Lightning","Steam"],"picked":"Gash","floor":1},{"not_picked":["Compile Driver","Sunder"],"picked":"Ball Lightning","floor":3},{"not_picked":["Turbo","Capacitor"],"picked":"Beam Cell","floor":4},{"not_picked":["Redo","Cold Snap"],"picked":"Chill","floor":7},{"not_picked":["Cold Snap","Sweeping Beam"],"picked":"Go for the Eyes","floor":8},{"not_picked":["Steam","Leap","Compile Driver"],"picked":"Creative AI","floor":10},{"not_picked":["Redo","Leap","Streamline","Skim"],"picked":"SKIP","floor":12},{"not_picked":["Lockon","Compile Driver","Consume","Stack"],"picked":"SKIP","floor":13},{"not_picked":["Buffer","Biased Cognition","Thunder Strike"],"picked":"All For One","floor":16},{"not_picked":["Stack","Redo","Genetic Algorithm"],"picked":"Beam Cell","floor":17},{"not_picked":["Stack+1","Hologram+1","Ball Lightning","Reprogram"],"picked":"SKIP","floor":18},{"not_picked":["Reprogram","Rebound","Aggregate","Leap"],"picked":"SKIP","floor":22},{"not_picked":["Force Field","Rebound","Doom and Gloom"],"picked":"Ball Lightning+1","floor":23},{"not_picked":["Hologram","Rip and Tear","Stack+1"],"picked":"Chill","floor":28},{"not_picked":["Sweeping Beam+1","Auto Shields","Steam"],"picked":"Go for the Eyes","floor":30},{"not_picked":["Ball Lightning","Leap+1","Redo"],"picked":"Echo Form","floor":31},{"not_picked":["Core Surge","Reboot","Hyperbeam"],"picked":"All For One","floor":33},{"not_picked":["Undo+1","Ball Lightning+1","Recycle+1"],"picked":"Auto Shields+1","floor":35},{"not_picked":["Double Energy","Coolheaded+1","Hologram+1","Stack+1"],"picked":"SKIP","floor":37},{"not_picked":["Compile Driver","Sweeping Beam","Hologram+1","Skim"],"picked":"SKIP","floor":42},{"not_picked":["Double Energy","Go for the Eyes","Cold Snap+1","Skim+1"],"picked":"SKIP","floor":44},{"not_picked":["Cold Snap","Reinforced Body+1","Force Field+1"],"picked":"White Noise+1","floor":45},{"not_picked":["Barrage","Melter+1","Doom and Gloom+1"],"picked":"Chaos+1","floor":47}],"player_experience":106669,"potions_floor_usage":[7,10,12,16,16,30,33,47,50,50,50],"damage_taken":[{"damage":1,"enemies":"Cultist","floor":1,"turns":3},{"damage":5,"enemies":"Small Slimes","floor":3,"turns":3},{"damage":1,"enemies":"2 Louse","floor":4,"turns":3},{"damage":19,"enemies":"3 Sentries","floor":7,"turns":8},{"damage":3,"enemies":"Looter","floor":8,"turns":2},{"damage":2,"enemies":"Gremlin Nob","floor":10,"turns":4},{"damage":10,"enemies":"Lots of Slimes","floor":12,"turns":4},{"damage":14,"enemies":"Red Slaver","floor":13,"turns":2},{"damage":24,"enemies":"Slime Boss","floor":16,"turns":8},{"damage":0,"enemies":"Chosen","floor":18,"turns":3},{"damage":0,"enemies":"Spheric Guardian","floor":22,"turns":3},{"damage":23,"enemies":"Slavers","floor":23,"turns":5},{"damage":11,"enemies":"Snake Plant","floor":28,"turns":3},{"damage":10,"enemies":"Gremlin Leader","floor":30,"turns":7},{"damage":10,"enemies":"Centurion and Healer","floor":31,"turns":5},{"damage":32,"enemies":"Automaton","floor":33,"turns":8},{"damage":14,"enemies":"Orb Walker","floor":35,"turns":5},{"damage":20,"enemies":"3 Shapes","floor":37,"turns":4},{"damage":8,"enemies":"Mysterious Sphere","floor":38,"turns":4},{"damage":0,"enemies":"Sphere and 2 Shapes","floor":42,"turns":8},{"damage":13,"enemies":"4 Shapes","floor":44,"turns":8},{"damage":1,"enemies":"Nemesis","floor":45,"turns":7},{"damage":6,"enemies":"Transient","floor":47,"turns":5},{"damage":44,"enemies":"Time Eater","floor":50,"turns":9}],"relics_obtained":[{"floor":7,"key":"DataDisk"},{"floor":9,"key":"Question Card"},{"floor":10,"key":"Shuriken"},{"floor":23,"key":"Anchor"},{"floor":26,"key":"Bottled Tornado"},{"floor":30,"key":"Calipers"},{"floor":38,"key":"Peace Pipe"},{"floor":43,"key":"Bottled Flame"},{"floor":45,"key":"Regal Pillow"}],"event_choices":[{"event_name":"The Lab","player_choice":"Got Potions","floor":5,"damage_taken":0},{"event_name":"Purifier","player_choice":"One Purge","floor":11,"damage_taken":0},{"event_name":"Shining Light","player_choice":"Entered Light","floor":14,"damage_taken":0},{"event_name":"The Mausoleum","player_choice":"Yes","floor":19,"damage_taken":0},{"event_name":"Upgrade Shrine","player_choice":"Upgraded","floor":21,"damage_taken":0},{"event_name":"Golden Shrine","player_choice":"Pray","floor":27,"damage_taken":0},{"event_name":"Winding Halls","player_choice":"Embrace Madness","floor":36,"damage_taken":0},{"event_name":"Mysterious Sphere","player_choice":"Fight","floor":38,"damage_taken":0},{"event_name":"Tomb of Lord Red Mask","player_choice":"Ignored","floor":39,"damage_taken":0}],"boss_relics":[{"not_picked":["Black Star","Sozu"],"picked":"Tiny House"},{"not_picked":["Runic Pyramid","Eternal Feather"],"picked":"Inserter"}],"items_purged_floors":[2,20,48],"potions_floor_spawned":[3,7,8,12,23,28,35,38,45],"seed_played":"-7058787418049443019","ascension_level":7,"potions_obtained":[{"floor":3,"key":"Regen Potion"},{"floor":5,"key":"FocusPotion"},{"floor":5,"key":"Regen Potion"},{"floor":7,"key":"Swift Potion"},{"floor":12,"key":"Explosive Potion"},{"floor":17,"key":"FocusPotion"},{"floor":23,"key":"FocusPotion"},{"floor":28,"key":"FearPotion"},{"floor":35,"key":"FocusPotion"},{"floor":38,"key":"SneckoOil"},{"floor":45,"key":"Weak Potion"}],"is_trial":false}