{"gold_per_floor":[112,187,187,187,207,235,235,246,246,257,285,285,285,296,296,391,441,457,457],"floor_reached":19,"playtime":936,"items_purged":[],"score":239,"play_id":"5b32562d-e6e2-4952-b3ea-01886a390b7c","local_time":"20190219030933","is_ascension_mode":true,"campfire_choices":[{"floor":7,"key":"REST"},{"floor":13,"key":"REST"},{"floor":15,"key":"REST"}],"neow_cost":"NONE","seed_source_timestamp":207961812981762,"circlet_count":0,"master_deck":["Strike_B","Strike_B+1","Strike_B","Strike_B","Defend_B","Defend_B","Defend_B+1","Defend_B","Zap","Dualcast","Barrage","Decay","Defragment+1","Stack","Cold Snap","Capacitor","Conserve Battery","Echo Form","Static Discharge"],"relics":["Cracked Core","Gremlin Horn","Bag of Preparation","Pen Nib","Tiny House"],"potions_floor_usage":[11,16,19],"damage_taken":[{"damage":8,"enemies":"2 Louse","floor":1,"turns":3},{"damage":2,"enemies":"Cultist","floor":5,"turns":3},{"damage":21,"enemies":"Gremlin Nob","floor":6,"turns":4},{"damage":12,"enemies":"Jaw Worm","floor":8,"turns":2},{"damage":2,"enemies":"2 Fungi Beasts","floor":10,"turns":4},{"damage":17,"enemies":"3 Sentries","floor":11,"turns":7},{"damage":13,"enemies":"3 Louse","floor":14,"turns":3},{"damage":48,"enemies":"The Guardian","floor":16,"turns":12},{"damage":15,"enemies":"Spheric Guardian","floor":18,"turns":5},{"damage":42,"enemies":"Colosseum Slavers","floor":19,"turns":5},{"damage":20,"enemies":"Colosseum Nobs","floor":19,"turns":2}],"seed_played":"-6544248242380741589","potions_obtained":[{"floor":8,"key":"SkillPotion"},{"floor":10,"key":"EssenceOfSteel"},{"floor":11,"key":"GamblersBrew"},{"floor":17,"key":"Ancient Potion"},{"floor":18,"key":"Block Potion"}],"is_trial":false,"path_per_floor":["M","?","?","?","M","E","R","M","T","M","E","?","R","M","R","B",null,"M","?"],"character_chosen":"DEFECT","items_purchased":[],"campfire_rested":3,"item_purchase_floors":[],"current_hp_per_floor":[67,56,40,40,38,17,41,29,29,27,10,37,61,48,72,24,73,58,0],"gold":457,"neow_bonus":"TEN_PERCENT_HP_BONUS","is_prod":false,"is_daily":false,"chose_seed":false,"campfire_upgraded":0,"win_rate":0,"timestamp":1550542173,"path_taken":["M","?","?","?","?","E","R","M","T","M","E","?","R","M","R","BOSS","M","?"],"build_version":"2019-01-23","purchased_purges":0,"victory":false,"max_hp_per_floor":[82,82,82,82,82,82,82,82,82,82,82,82,82,82,82,82,87,87,87],"card_choices":[{"not_picked":["Hologram","Recycle"],"picked":"Barrage","floor":1},{"not_picked":["Chaos","Leap"],"picked":"Defragment","floor":5},{"not_picked":["Aggregate","Blizzard","Loop"],"picked":"SKIP","floor":6},{"not_picked":["Lockon","Hologram"],"picked":"Stack","floor":8},{"not_picked":["Turbo","Redo"],"picked":"Cold Snap","floor":10},{"not_picked":["Defragment","Go for the Eyes"],"picked":"Capacitor","floor":11},{"not_picked":["Streamline","Meteor Strike"],"picked":"Conserve Battery","floor":14},{"not_picked":["Core Surge","Reboot"],"picked":"Echo Form","floor":16},{"not_picked":["Steam","Turbo"],"picked":"Static Discharge","floor":17},{"not_picked":["Darkness","Static Discharge","Leap"],"picked":"SKIP","floor":18}],"player_experience":241192,"relics_obtained":[{"floor":6,"key":"Gremlin Horn"},{"floor":9,"key":"Bag of Preparation"},{"floor":11,"key":"Pen Nib"}],"event_choices":[{"damage_healed":0,"gold_gain":75,"player_choice":"Gather Gold","damage_taken":11,"max_hp_gain":0,"max_hp_loss":0,"event_name":"World of Goop","floor":2,"gold_loss":0},{"damage_healed":0,"gold_gain":0,"player_choice":"Entered Light","damage_taken":16,"max_hp_gain":0,"max_hp_loss":0,"event_name":"Shining Light","floor":3,"gold_loss":0,"cards_upgraded":["Strike_B","Defend_B"]},{"damage_healed":0,"gold_gain":0,"player_choice":"Cursed","damage_taken":0,"max_hp_gain":0,"max_hp_loss":0,"event_name":"Wheel of Change","floor":4,"gold_loss":0,"cards_obtained":["Decay"]},{"damage_healed":27,"gold_gain":0,"player_choice":"Banana","damage_taken":0,"max_hp_gain":0,"max_hp_loss":0,"event_name":"Big Fish","floor":12,"gold_loss":0},{"damage_healed":0,"gold_gain":0,"player_choice":"Fight","damage_taken":0,"max_hp_gain":0,"max_hp_loss":0,"event_name":"Colosseum","floor":19,"gold_loss":0},{"damage_healed":0,"gold_gain":0,"player_choice":"Fought Nobs","damage_taken":0,"max_hp_gain":0,"max_hp_loss":0,"event_name":"Colosseum","floor":19,"gold_loss":0}],"is_beta":false,"boss_relics":[{"not_picked":["Busted Crown","Velvet Choker"],"picked":"Tiny House"}],"items_purged_floors":[],"is_endless":false,"potions_floor_spawned":[8,10,11,18],"killed_by":"Colosseum Nobs","ascension_level":7}