{"gold_per_floor":[118,46,221,221,239,239,268,294,294,326,342,365,29,54,66,174,186,214,264,351,363,395,407,434,446,506,548,560,627,656,737,749,761],"floor_reached":33,"playtime":1693,"items_purged":[],"score":475,"play_id":"29ec4d1c-ceda-4ed9-8d63-1d246f825239","local_time":"20181031212248","is_ascension_mode":true,"campfire_choices":[{"data":"Zap","floor":6,"key":"SMITH"},{"floor":15,"key":"REST"},{"floor":23,"key":"REST"},{"floor":25,"key":"REST"},{"data":"HandOfGreed","floor":28,"key":"SMITH"},{"floor":32,"key":"REST"}],"neow_cost":"NONE","seed_source_timestamp":241045820986411,"circlet_count":0,"master_deck":["Strike_B","Strike_B","Strike_B","Strike_B","Defend_B","Defend_B","Defend_B+1","Defend_B+1","Zap+1","Dualcast","Aggregate","Turbo","Cold Snap","Doubt","Conserve Battery","Ball Lightning","Leap","Compile Driver","Core Surge","HandOfGreed+1","Steam","Echo Form","Compile Driver","Steam","Double Energy","White Noise","Steam","Compile Driver+1","Double Energy","Hologram","Loop+1","Aggregate+1","Turbo","Blizzard","Sweeping Beam+1"],"relics":["Cracked Core","NeowsBlessing","Ancient Tea Set","Shuriken","Bag of Preparation","Emotion Chip","Mango","Odd Mushroom","MawBank","Orrery","Letter Opener","Centennial Puzzle","War Paint","Turnip"],"potions_floor_usage":[7,22,24,27,29],"damage_taken":[{"damage":0,"enemies":"2 Louse","floor":1,"turns":1},{"damage":0,"enemies":"Cultist","floor":5,"turns":1},{"damage":0,"enemies":"Gremlin Nob","floor":7,"turns":1},{"damage":19,"enemies":"3 Sentries","floor":10,"turns":6},{"damage":1,"enemies":"Small Slimes","floor":11,"turns":4},{"damage":22,"enemies":"The Mushroom Lair","floor":12,"turns":4},{"damage":11,"enemies":"Blue Slaver","floor":14,"turns":3},{"damage":23,"enemies":"Slime Boss","floor":16,"turns":9},{"damage":0,"enemies":"3 Byrds","floor":18,"turns":2},{"damage":13,"enemies":"2 Thieves","floor":19,"turns":4},{"damage":34,"enemies":"Shelled Parasite and Fungi","floor":22,"turns":5},{"damage":16,"enemies":"Snake Plant","floor":24,"turns":3},{"damage":27,"enemies":"Slavers","floor":27,"turns":5},{"damage":13,"enemies":"Gremlin Leader","floor":29,"turns":5},{"damage":4,"enemies":"Cultist and Chosen","floor":30,"turns":4},{"damage":6,"enemies":"3 Cultists","floor":31,"turns":4},{"damage":61,"enemies":"Automaton","floor":33,"turns":6}],"seed_played":"-3012558075987712160","potions_obtained":[{"floor":7,"key":"Fruit Juice"},{"floor":14,"key":"Energy Potion"},{"floor":18,"key":"Strength Potion"},{"floor":22,"key":"Swift Potion"},{"floor":27,"key":"SteroidPotion"},{"floor":29,"key":"FearPotion"}],"is_trial":false,"path_per_floor":["M","$","?","?","M","R","E","T","T","E","M","?","$","M","R","B",null,"M","M","T","?","M","R","M","R","T","E","R","E","M","M","R"],"character_chosen":"DEFECT","items_purchased":["Turbo","Cold Snap","HandOfGreed","MawBank"],"campfire_rested":4,"item_purchase_floors":[2,2,13,13],"current_hp_per_floor":[75,75,75,50,50,50,55,55,55,50,49,27,27,16,44,21,76,76,63,63,63,29,57,41,69,69,42,42,29,25,19,47,0],"gold":761,"neow_bonus":"THREE_ENEMY_KILL","is_prod":false,"is_daily":false,"chose_seed":false,"campfire_upgraded":2,"win_rate":0,"timestamp":1541038968,"path_taken":["M","$","?","?","M","R","E","?","T","E","M","?","$","M","R","BOSS","M","M","?","?","M","R","M","R","T","E","R","E","M","M","R","BOSS"],"build_version":"2018-10-25v2","purchased_purges":0,"victory":false,"max_hp_per_floor":[75,75,75,75,75,75,80,80,80,94,94,94,94,94,94,94,94,94,94,94,94,94,94,94,94,94,94,94,94,94,94,94,94],"card_choices":[{"not_picked":["Hologram","Rip and Tear"],"picked":"Aggregate","floor":1},{"not_picked":["Fusion","Leap"],"picked":"Conserve Battery","floor":5},{"not_picked":["Go for the Eyes","Barrage"],"picked":"Ball Lightning","floor":7},{"not_picked":["Skim","Hologram"],"picked":"Leap","floor":10},{"not_picked":["Sweeping Beam","Stack"],"picked":"Compile Driver","floor":11},{"not_picked":["Beam Cell","Capacitor"],"picked":"Core Surge","floor":12},{"not_picked":["Sunder","Ball Lightning"],"picked":"Steam","floor":14},{"not_picked":["Thunder Strike","Hyperbeam"],"picked":"Echo Form","floor":16},{"not_picked":["Gash","Redo"],"picked":"Compile Driver","floor":17},{"not_picked":["Recycle","Redo"],"picked":"Steam","floor":17},{"not_picked":["Barrage","Rebound"],"picked":"Double Energy","floor":17},{"not_picked":["Rebound","Compile Driver"],"picked":"White Noise","floor":17},{"not_picked":["Go for the Eyes","Rebound"],"picked":"Steam","floor":17},{"not_picked":["Auto Shields","Amplify"],"picked":"Compile Driver+1","floor":18},{"not_picked":["Streamline","Redo+1"],"picked":"Double Energy","floor":19},{"not_picked":["Leap","Turbo"],"picked":"Hologram","floor":22},{"not_picked":["Barrage","Turbo"],"picked":"Loop+1","floor":24},{"not_picked":["Beam Cell","Coolheaded"],"picked":"Aggregate+1","floor":27},{"not_picked":["Gash","Redo"],"picked":"Turbo","floor":29},{"not_picked":["Reprogram","Sunder"],"picked":"Blizzard","floor":30},{"not_picked":["Doom and Gloom+1","Biased Cognition"],"picked":"Sweeping Beam+1","floor":31}],"player_experience":246945,"relics_obtained":[{"floor":7,"key":"Shuriken"},{"floor":8,"key":"Bag of Preparation"},{"floor":9,"key":"Emotion Chip"},{"floor":10,"key":"Mango"},{"floor":12,"key":"Odd Mushroom"},{"floor":20,"key":"Letter Opener"},{"floor":26,"key":"Centennial Puzzle"},{"floor":27,"key":"War Paint"},{"floor":29,"key":"Turnip"}],"event_choices":[{"damage_healed":0,"gold_gain":175,"player_choice":"AGREE","damage_taken":0,"max_hp_gain":0,"max_hp_loss":0,"event_name":"Liars Game","floor":3,"gold_loss":0,"cards_obtained":["Doubt"]},{"damage_healed":0,"gold_gain":0,"player_choice":"Success","damage_taken":25,"relics_obtained":["Ancient Tea Set"],"max_hp_gain":0,"max_hp_loss":0,"event_name":"Scrap Ooze","floor":4,"gold_loss":0},{"damage_healed":0,"gold_gain":0,"player_choice":"Fought Mushrooms","damage_taken":0,"max_hp_gain":0,"max_hp_loss":0,"event_name":"Mushrooms","floor":12,"gold_loss":0},{"damage_healed":0,"gold_gain":0,"player_choice":"Ignored","damage_taken":0,"max_hp_gain":0,"max_hp_loss":0,"event_name":"Vampires","floor":21,"gold_loss":0}],"is_beta":false,"boss_relics":[{"not_picked":["Runic Pyramid","White Beast Statue"],"picked":"Orrery"}],"items_purged_floors":[],"is_endless":false,"potions_floor_spawned":[7,14,18,22,27,29],"killed_by":"Automaton","ascension_level":5}