{"gold_per_floor":[114,114,39,55,55,55,89,104,154,154,154,168,181,200,200,200],"floor_reached":16,"playtime":564,"items_purged":[],"score":199,"play_id":"7a8749e7-b401-49ac-9b2e-9a60a30ee20f","local_time":"20190329010515","is_ascension_mode":true,"campfire_choices":[{"data":"Crystallizer","floor":6.0,"key":"SMITH"},{"data":"BasicCrystalCard","floor":10.0,"key":"SMITH"},{"floor":15.0,"key":"REST"}],"neow_cost":"NONE","seed_source_timestamp":705106694214373,"circlet_count":0,"master_deck":["Strike_B","Strike_B","Strike_B","Strike_B","Defend_B","Defend_B","Defend_B","Defend_B","Zap","Dualcast","Crystallizer+1","Capacitor","Rebound","Coolheaded","BasicCrystalCard+1","Languid","Consume","Glacier","Cold Snap","Coolheaded"],"special_seed":0,"relics":["Nuclear Battery","Golden Idol","Strawberry","Dream Catcher"],"potions_floor_usage":[16],"damage_taken":[{"damage":4.0,"enemies":"2 Louse","floor":1.0,"turns":3.0},{"damage":4.0,"enemies":"Jaw Worm","floor":4.0,"turns":4.0},{"damage":20.0,"enemies":"Lagavulin","floor":7.0,"turns":7.0},{"damage":1.0,"enemies":"Cultist","floor":8.0,"turns":5.0},{"damage":18.0,"enemies":"Large Slime","floor":12.0,"turns":8.0},{"damage":15.0,"enemies":"Looter","floor":13.0,"turns":5.0},{"damage":4.0,"enemies":"Red Slaver","floor":14.0,"turns":5.0},{"damage":37,"enemies":"Fading Forest","floor":16,"turns":7}],"seed_played":"7890511850984646956","potions_obtained":[{"floor":1.0,"key":"Block Potion"},{"floor":13.0,"key":"LiquidBronze"},{"floor":14.0,"key":"Explosive Potion"}],"is_trial":false,"path_per_floor":["M","?","$","M","?","R","E","M","T","R","?","M","M","M","R","B"],"character_chosen":"DEFECT","items_purchased":["Capacitor"],"campfire_rested":1,"item_purchase_floors":[3],"current_hp_per_floor":[60,60,60,56,56,56,43,42,42,42,42,24,9,5,26,0],"gold":200,"neow_bonus":"BOSS_RELIC","is_prod":false,"is_daily":false,"chose_seed":false,"campfire_upgraded":2,"win_rate":0,"timestamp":1553839515,"path_taken":["M","?","$","M","?","R","E","M","T","R","?","M","M","M","R","BOSS"],"build_version":"2019-01-23","purchased_purges":0,"victory":false,"max_hp_per_floor":[71,64,64,64,64,64,71,71,71,71,71,71,71,71,71,71],"card_choices":[{"not_picked":["ReplaySort","Panic Button"],"picked":"Crystallizer","floor":1.0},{"not_picked":["Go for the Eyes","Tempest"],"picked":"Rebound","floor":4.0},{"not_picked":["Go for the Eyes","Beam Cell"],"picked":"Coolheaded","floor":7.0},{"not_picked":["FIFO Queue","Rebound"],"picked":"BasicCrystalCard","floor":8.0},{"not_picked":["Blizzard","Mirror Shield"],"picked":"Consume","floor":12.0},{"not_picked":["BasicCrystalCard","Redo"],"picked":"Glacier","floor":13.0},{"not_picked":["Rip and Tear","Compile Driver"],"picked":"Cold Snap","floor":14.0},{"not_picked":["Compile Driver","Aggregate"],"picked":"Coolheaded","floor":15.0}],"player_experience":866281,"relics_obtained":[{"floor":7.0,"key":"Strawberry"},{"floor":9.0,"key":"Dream Catcher"}],"event_choices":[{"damage_healed":0.0,"max_hp_gain":0.0,"max_hp_loss":7.0,"gold_gain":0.0,"event_name":"Golden Idol","player_choice":"Lose Max HP","floor":2.0,"gold_loss":0.0,"damage_taken":0.0,"relics_obtained":["Golden Idol"]},{"damage_healed":0.0,"max_hp_gain":0.0,"max_hp_loss":0.0,"gold_gain":0.0,"event_name":"Golden Wing","player_choice":"Ignored","floor":5.0,"gold_loss":0.0,"damage_taken":0.0}],"is_beta":false,"boss_relics":[],"items_purged_floors":[],"is_endless":false,"potions_floor_spawned":[1,13,14],"killed_by":"Fading Forest","ascension_level":19}