{"gold_per_floor":[115,125,142,154,100,134,153,153,230,246,246,246,261,261,261,261],"floor_reached":16,"playtime":1678,"items_purged":[],"score":104,"play_id":"eba81ab9-1d35-48fc-b070-a3d83fba5507","local_time":"20190309185232","is_ascension_mode":false,"campfire_choices":[{"floor":8,"key":"REST"},{"floor":15,"key":"REST"}],"neow_cost":"NONE","seed_source_timestamp":448800974220,"circlet_count":0,"master_deck":["Defend_G","Defend_G","Defend_G","Defend_G","Defend_G","Strike_G","Strike_G","Strike_G","Strike_G","Strike_G","Survivor","Neutralize","Dagger Spray","Poisoned Stab","Bouncing Flask","Heel Hook","Quick Slash","Catalyst","Bane","Injury","Deadly Poison","Flash of Steel","Slice","After Image"],"relics":["Ring of the Snake","Potion Belt","Bag of Marbles","Ice Cream","Matryoshka","Smiling Mask","Golden Idol"],"potions_floor_usage":[16,16,16],"damage_taken":[{"damage":0,"enemies":"Small Slimes","floor":1,"turns":5},{"damage":0,"enemies":"Cultist","floor":2,"turns":4},{"damage":6,"enemies":"Jaw Worm","floor":3,"turns":4},{"damage":21,"enemies":"Large Slime","floor":4,"turns":9},{"damage":27,"enemies":"3 Sentries","floor":6,"turns":8},{"damage":5,"enemies":"Looter","floor":7,"turns":3},{"damage":0,"enemies":"Lots of Slimes","floor":10,"turns":1},{"damage":7,"enemies":"Blue Slaver","floor":13,"turns":3},{"damage":35,"enemies":"Slime Boss","floor":16,"turns":8}],"seed_played":"-9023325019172867478","potions_obtained":[{"floor":4,"key":"Swift Potion"},{"floor":7,"key":"AttackPotion"},{"floor":13,"key":"GhostInAJar"}],"is_trial":false,"path_per_floor":["?","M","?","?","?"],"character_chosen":"THE_SILENT","items_purchased":[],"campfire_rested":2,"item_purchase_floors":[],"current_hp_per_floor":[70,70,64,43,43,16,11,32,32,32,20,20,13,13,34,0],"gold":261,"neow_bonus":"RANDOM_COMMON_RELIC","is_prod":false,"is_daily":false,"chose_seed":false,"campfire_upgraded":0,"win_rate":0.0,"timestamp":1552153952,"path_taken":["M","M","M","M","?","E","?","R","T","M","?","?","M","?","R","BOSS"],"build_version":"2019-01-23","purchased_purges":0,"victory":false,"max_hp_per_floor":[70,70,70,70,70,70,70,70,70,70,70,70,70,70,70,70],"card_choices":[{"not_picked":["Outmaneuver","Flying Knee"],"picked":"Dagger Spray","floor":1},{"not_picked":["PiercingWail","Reflex"],"picked":"Poisoned Stab","floor":2},{"not_picked":["Flying Knee","Dagger Throw"],"picked":"Bouncing Flask","floor":3},{"not_picked":["Storm of Steel","Dagger Throw"],"picked":"Heel Hook","floor":4},{"not_picked":["Slice","Acrobatics"],"picked":"Quick Slash","floor":6},{"not_picked":["PiercingWail","Accuracy"],"picked":"Catalyst","floor":7},{"not_picked":["Deflect","Deadly Poison"],"picked":"Bane","floor":10},{"not_picked":["Distraction","Flying Knee"],"picked":"Deadly Poison","floor":13}],"player_experience":35823,"relics_obtained":[{"floor":6,"key":"Ice Cream"},{"floor":9,"key":"Matryoshka"}],"event_choices":[{"damage_healed":0,"gold_gain":0,"player_choice":"Paid Gold","damage_taken":0,"relics_obtained":["Bag of Marbles"],"max_hp_gain":0,"max_hp_loss":0,"event_name":"WeMeetAgain","floor":5,"gold_loss":54},{"damage_healed":0,"gold_gain":0,"player_choice":"Success","damage_taken":12,"relics_obtained":["Smiling Mask"],"max_hp_gain":0,"max_hp_loss":0,"event_name":"Scrap Ooze","floor":11,"gold_loss":0},{"damage_healed":0,"gold_gain":0,"player_choice":"Take Wound","damage_taken":0,"relics_obtained":["Golden Idol"],"max_hp_gain":0,"max_hp_loss":0,"event_name":"Golden Idol","floor":12,"gold_loss":0,"cards_obtained":["Injury"]},{"damage_healed":0,"gold_gain":0,"player_choice":"3 cards matched","damage_taken":0,"max_hp_gain":0,"max_hp_loss":0,"event_name":"Match and Keep!","floor":14,"gold_loss":0,"cards_obtained":["Flash of Steel","Slice","After Image"]}],"is_beta":false,"boss_relics":[],"items_purged_floors":[],"is_endless":false,"potions_floor_spawned":[4,7,13],"killed_by":"Slime Boss","ascension_level":0}