{"gold_per_floor":[216,20,38,48,63,91,91,110,110,136,148,148,223,26,26,122,122,132,152,35,52,52,52,71,22,98,98,98],"floor_reached":28,"playtime":1694,"items_purged":["Strike_B","Strike_B"],"score":280,"play_id":"ec0e4176-631a-41b0-9944-346f6699bd2c","local_time":"20180702185955","is_ascension_mode":false,"campfire_choices":[{"floor":7,"key":"REST"},{"floor":12,"key":"REST"},{"floor":15,"key":"REST"},{"floor":23,"key":"REST"}],"neow_cost":"NONE","seed_source_timestamp":64597882718055,"circlet_count":0,"master_deck":["Strike_B","Strike_B","Defend_B","Defend_B","Defend_B","Defend_B","Zap","Dualcast","Go for the Eyes","Hologram","Coolheaded","Compile Driver","Redo","Coolheaded","Barrage","Melter","Leap","Buffer","Steam","Defragment","Beam Cell","Rainbow","Defragment","FTL","Go for the Eyes","White Noise","Sweeping Beam","Skim","Conserve Battery","Defragment","Rebound","Hologram","Ghostly","Ghostly","Ghostly","Ghostly","Ghostly","Auto Shields","Redo"],"relics":["Cracked Core","Peace Pipe","Dodecahedron","Regal Pillow","Orrery","Bottled Tornado"],"potions_floor_usage":[5,5,19,21,21,28],"damage_taken":[{"damage":1,"enemies":"Cultist","floor":1,"turns":4},{"damage":6,"enemies":"Jaw Worm","floor":3,"turns":3},{"damage":8,"enemies":"Small Slimes","floor":4,"turns":4},{"damage":34,"enemies":"Gremlin Gang","floor":5,"turns":5},{"damage":5,"enemies":"Lagavulin","floor":6,"turns":10},{"damage":7,"enemies":"Looter","floor":8,"turns":3},{"damage":13,"enemies":"3 Sentries","floor":10,"turns":7},{"damage":2,"enemies":"Large Slime","floor":11,"turns":4},{"damage":39,"enemies":"Hexaghost","floor":16,"turns":16},{"damage":17,"enemies":"3 Byrds","floor":18,"turns":6},{"damage":44,"enemies":"2 Thieves","floor":19,"turns":5},{"damage":18,"enemies":"Centurion and Healer","floor":21,"turns":8},{"damage":23,"enemies":"Chosen and Byrds","floor":24,"turns":6},{"damage":21,"enemies":"Cultist and Chosen","floor":28,"turns":10}],"seed_played":"-5982801799042532929","potions_obtained":[{"floor":1,"key":"Block Potion"},{"floor":3,"key":"PowerPotion"},{"floor":10,"key":"Energy Potion"},{"floor":11,"key":"GamblersBrew"},{"floor":18,"key":"Energy Potion"},{"floor":24,"key":"EssenceOfSteel"}],"is_trial":false,"path_per_floor":["M","$","M","M","M","E","R","M","T","E","M","R","?","$","R","B",null,"M","M","$","M","?","R","M","$","T","?"],"character_chosen":"DEFECT","items_purchased":["Hologram","Coolheaded","Compile Driver","Defragment","Beam Cell","Defragment","Rebound","Redo"],"campfire_rested":4,"item_purchase_floors":[2,2,2,14,14,20,20,25],"current_hp_per_floor":[74,74,68,60,26,21,43,36,36,23,21,58,47,47,75,36,75,58,21,21,3,3,29,13,13,13,13,0],"gold":98,"neow_bonus":"HUNDRED_GOLD","is_prod":false,"is_daily":false,"chose_seed":false,"campfire_upgraded":0,"win_rate":0.0,"timestamp":1530579595,"path_taken":["M","$","M","M","M","E","R","?","T","E","M","R","?","$","R","BOSS","M","M","$","M","?","R","?","?","T","?","?"],"build_version":"2018-06-28","purchased_purges":2,"victory":false,"max_hp_per_floor":[75,75,75,75,75,75,75,75,75,75,75,75,75,75,75,75,75,75,75,75,75,37,37,37,37,37,37,37],"card_choices":[{"not_picked":["Genetic Algorithm","Static Discharge"],"picked":"Go for the Eyes","floor":1},{"not_picked":["Streamline","Hologram"],"picked":"Redo","floor":3},{"not_picked":["Genetic Algorithm","Aggregate"],"picked":"Coolheaded","floor":4},{"not_picked":["Doom and Gloom","Creative AI"],"picked":"Barrage","floor":5},{"not_picked":["Hologram","Multi-Cast"],"picked":"Melter","floor":6},{"not_picked":["Consume","Blizzard"],"picked":"Leap","floor":8},{"not_picked":["Beam Cell","Double Energy"],"picked":"Buffer","floor":10},{"not_picked":["Beam Cell","Stack"],"picked":"Steam","floor":11},{"not_picked":["Reboot","Core Surge"],"picked":"Rainbow","floor":16},{"not_picked":["Leap","Recycle"],"picked":"Defragment","floor":17},{"not_picked":["Recycle","Steam"],"picked":"FTL","floor":17},{"not_picked":["Darkness","Turbo"],"picked":"Go for the Eyes","floor":17},{"not_picked":["Tempest","Fusion"],"picked":"White Noise","floor":17},{"not_picked":["BootSequence","Gash"],"picked":"Sweeping Beam","floor":17},{"not_picked":["Biased Cognition","Coolheaded"],"picked":"Skim","floor":18},{"not_picked":["Ball Lightning","Redo"],"picked":"Conserve Battery","floor":19},{"not_picked":["Lockon","Static Discharge"],"picked":"Hologram","floor":21},{"not_picked":["BootSequence","Melter+1"],"picked":"Auto Shields","floor":24}],"player_experience":48847,"relics_obtained":[{"floor":6,"key":"Peace Pipe"},{"floor":9,"key":"Dodecahedron"},{"floor":10,"key":"Regal Pillow"},{"floor":26,"key":"Bottled Tornado"}],"event_choices":[{"event_name":"World of Goop","player_choice":"Gather Gold","floor":13,"damage_taken":0},{"event_name":"Ghosts","player_choice":"Became a Ghost","floor":22,"damage_taken":0},{"event_name":"Vampires","player_choice":"Ignored","floor":27,"damage_taken":0}],"boss_relics":[{"not_picked":["Runic Pyramid","Coffee Dripper"],"picked":"Orrery"}],"items_purged_floors":[2,14],"is_endless":false,"potions_floor_spawned":[1,3,10,11,18,24],"killed_by":"Cultist and Chosen","ascension_level":0}