{"gold_per_floor":[110,120,120,70,85,114,114,125,174,174,189,207,12,70,70,70],"floor_reached":16,"playtime":749,"items_purged":[],"score":102,"play_id":"ee6ca6a3-5f48-4dec-898d-79f3897887c5","local_time":"20180706015351","is_ascension_mode":false,"campfire_choices":[{"floor":7,"key":"REST"},{"floor":10,"key":"REST"},{"floor":15,"key":"REST"}],"neow_cost":"FIFTY_PERCENT_DAMAGE","seed_source_timestamp":349565685387117,"circlet_count":0,"master_deck":["Defend_G","Defend_G","Defend_G","Strike_G","Strike_G","Strike_G","Strike_G+1","Survivor","Neutralize","Caltrops","Finisher","Slice","Dagger Throw+1","Backflip","Finisher","Sucker Punch","Leg Sweep","Wraith Form v2"],"relics":["Ring of the Snake","Letter Opener","Whetstone","Juzu Bracelet","Bag of Marbles"],"potions_floor_usage":[6,12,16,16],"damage_taken":[{"damage":0,"enemies":"2 Louse","floor":1,"turns":3},{"damage":1,"enemies":"Cultist","floor":2,"turns":5},{"damage":0,"enemies":"Small Slimes","floor":5,"turns":3},{"damage":13,"enemies":"Lagavulin","floor":6,"turns":9},{"damage":2,"enemies":"Blue Slaver","floor":8,"turns":4},{"damage":6,"enemies":"3 Louse","floor":11,"turns":3},{"damage":8,"enemies":"Exordium Wildlife","floor":12,"turns":5},{"damage":18,"enemies":"Lagavulin Event","floor":14,"turns":7},{"damage":43,"enemies":"The Guardian","floor":16,"turns":11}],"seed_played":"-370309073231172508","potions_obtained":[{"floor":5,"key":"Weak Potion"},{"floor":8,"key":"FearPotion"},{"floor":11,"key":"LiquidBronze"},{"floor":14,"key":"AttackPotion"}],"is_trial":false,"path_per_floor":["M","M","?","?","M","E","R","M","T","R","M","M","$","?","R"],"character_chosen":"THE_SILENT","items_purchased":["Leg Sweep","Juzu Bracelet"],"campfire_rested":3,"item_purchase_floors":[13,13],"current_hp_per_floor":[35,34,27,27,27,14,35,33,33,54,48,40,40,22,43,0],"gold":70,"neow_bonus":"REMOVE_TWO","is_prod":false,"is_daily":false,"chose_seed":false,"campfire_upgraded":0,"win_rate":0,"timestamp":1530863631,"path_taken":["M","M","?","?","M","E","R","M","T","R","M","M","$","?","R","BOSS"],"build_version":"2018-07-05","purchased_purges":0,"victory":false,"max_hp_per_floor":[70,70,70,70,70,70,70,70,70,70,70,70,70,70,70,70],"card_choices":[{"not_picked":["PiercingWail","Underhanded Strike"],"picked":"Caltrops","floor":1},{"not_picked":["Prepared","Outmaneuver"],"picked":"Finisher","floor":2},{"not_picked":["Cloak And Dagger","Eviscerate"],"picked":"Slice","floor":5},{"not_picked":["All Out Attack","Prepared"],"picked":"Dagger Throw","floor":6},{"not_picked":["Cloak And Dagger","Prepared"],"picked":"Backflip","floor":8},{"not_picked":["Crippling Poison","Slice"],"picked":"Finisher","floor":11},{"not_picked":["Prepared","Calculated Gamble"],"picked":"Sucker Punch","floor":12},{"not_picked":["Poisoned Stab","Deadly Poison"],"picked":"Wraith Form v2","floor":14}],"player_experience":68823,"relics_obtained":[{"floor":6,"key":"Letter Opener"},{"floor":9,"key":"Whetstone"},{"floor":14,"key":"Bag of Marbles"}],"event_choices":[{"event_name":"Wheel of Change","player_choice":"Damage","floor":3,"damage_taken":0},{"event_name":"The Cleric","player_choice":"Card Removal","floor":4,"damage_taken":0},{"event_name":"Dead Adventurer","player_choice":"Searched \u00271\u0027 times","floor":14,"damage_taken":0}],"boss_relics":[],"items_purged_floors":[],"is_endless":false,"potions_floor_spawned":[5,8,11,14],"killed_by":"The Guardian","ascension_level":0}