{"gold_per_floor":[111,125,143,68,82,82,95,126,149,23,23,33,33,33,33,136,136,150,150,150,165,178,178,178],"floor_reached":24,"playtime":991,"items_purged":["Defend_B"],"score":198,"play_id":"49f769ef-8a27-4e11-853f-338c7a3c35ad","local_time":"20181014123131","is_ascension_mode":false,"campfire_choices":[{"data":"Streamline","floor":6,"key":"SMITH"},{"data":"Glacier","floor":11,"key":"SMITH"},{"data":"Zap","floor":13,"key":"SMITH"},{"data":"Melter","floor":15,"key":"SMITH"},{"data":"Blizzard","floor":23,"key":"SMITH"}],"neow_cost":"NONE","seed_source_timestamp":160540762599040,"circlet_count":0,"master_deck":["Strike_B","Strike_B","Strike_B","Defend_B","Defend_B","Defend_B","Zap+1","Streamline+1","Melter+1","Glacier+1","Blizzard+1","Electrodynamics","Writhe"],"relics":["FrozenCore","Letter Opener","Centennial Puzzle","Bag of Preparation","Bronze Scales","Mercury Hourglass"],"potions_floor_usage":[7,8,16],"damage_taken":[{"damage":2,"enemies":"2 Louse","floor":1,"turns":3},{"damage":1,"enemies":"Cultist","floor":2,"turns":3},{"damage":8,"enemies":"Jaw Worm","floor":3,"turns":3},{"damage":11,"enemies":"Red Slaver","floor":5,"turns":3},{"damage":9,"enemies":"3 Louse","floor":7,"turns":3},{"damage":11,"enemies":"Gremlin Nob","floor":8,"turns":3},{"damage":3,"enemies":"Blue Slaver","floor":12,"turns":3},{"damage":21,"enemies":"Hexaghost","floor":16,"turns":9},{"damage":17,"enemies":"2 Thieves","floor":18,"turns":4},{"damage":16,"enemies":"Shell Parasite","floor":21,"turns":4},{"damage":5,"enemies":"Sentry and Sphere","floor":22,"turns":3},{"damage":37,"enemies":"Slavers","floor":24,"turns":3}],"seed_played":"-4079252717762069902","potions_obtained":[{"floor":3,"key":"Regen Potion"},{"floor":7,"key":"PowerPotion"},{"floor":12,"key":"PowerPotion"}],"is_trial":false,"path_per_floor":["M","M","M","$","M","R","M","E","T","?","R","M","R","?","R","B",null,"M","?","T","M","M","R"],"character_chosen":"DEFECT","items_purchased":[],"campfire_rested":0,"item_purchase_floors":[],"current_hp_per_floor":[73,72,64,64,53,53,44,33,33,33,33,30,30,30,30,9,75,58,58,58,42,37,37,0],"gold":178,"neow_bonus":"REMOVE_CARD","is_prod":false,"is_daily":false,"chose_seed":false,"campfire_upgraded":5,"win_rate":0,"timestamp":1539538291,"path_taken":["M","M","M","$","M","R","M","E","T","?","R","M","R","?","R","BOSS","M","?","?","M","M","R","E"],"build_version":"2018-10-11","purchased_purges":1,"victory":false,"max_hp_per_floor":[75,75,75,75,75,75,75,75,75,75,75,75,75,75,75,75,75,75,75,75,75,75,75,75],"card_choices":[{"not_picked":["Genetic Algorithm","Go for the Eyes"],"picked":"Streamline","floor":1},{"not_picked":["Beam Cell","Redo","Turbo"],"picked":"SKIP","floor":2},{"not_picked":["Barrage","Tempest"],"picked":"Melter","floor":3},{"not_picked":["White Noise","Defragment","Aggregate"],"picked":"SKIP","floor":5},{"not_picked":["Chill","Compile Driver","Go for the Eyes"],"picked":"SKIP","floor":7},{"not_picked":["Leap","Coolheaded"],"picked":"Glacier","floor":8},{"not_picked":["Static Discharge","Melter","Leap"],"picked":"SKIP","floor":12},{"not_picked":["Seek","Buffer"],"picked":"Electrodynamics","floor":16},{"not_picked":["Rebound","Barrage","Redo+1"],"picked":"SKIP","floor":18},{"not_picked":["Hello World+1","Ball Lightning+1","Steam"],"picked":"SKIP","floor":21},{"not_picked":["Cold Snap+1","Steam+1","Steam Power"],"picked":"SKIP","floor":22}],"player_experience":51355,"relics_obtained":[{"floor":8,"key":"Letter Opener"},{"floor":9,"key":"Centennial Puzzle"},{"floor":20,"key":"Mercury Hourglass"}],"event_choices":[{"event_name":"WeMeetAgain","player_choice":"Gold","floor":10,"damage_taken":0},{"event_name":"Transmorgrifier","player_choice":"Transform","floor":14,"damage_taken":0},{"event_name":"The Mausoleum","player_choice":"Yes","floor":19,"damage_taken":0}],"is_beta":false,"boss_relics":[{"not_picked":["Cursed Key","Eternal Feather"],"picked":"FrozenCore"}],"items_purged_floors":[4],"is_endless":false,"potions_floor_spawned":[3,7,12],"killed_by":"Slavers","ascension_level":0}