{"gold_per_floor":[99,99,63,63,63,63,63,33,33,33,33,33,33,33,33,33,33,33,33,33,33,33,33,33,33,33,33,33,33,33,33,33,33,33,33,33,33,33,33,33,33,33,33,0,0,0,0,0,0,0],"floor_reached":51,"playtime":14920,"items_purged":[],"score":1215,"play_id":"7b2daa80-0d78-4c48-a94d-c15857c75c56","local_time":"20190409123647","is_ascension_mode":true,"campfire_choices":[{"data":"Sunder","floor":6.0,"key":"SMITH"},{"data":"Defend_B","floor":11.0,"key":"SMITH"},{"floor":15.0,"key":"REST"},{"data":"Fusion","floor":23.0,"key":"SMITH"},{"floor":29.0,"key":"REST"},{"floor":32.0,"key":"REST"},{"floor":41.0,"key":"REST"},{"floor":46.0,"key":"REST"},{"floor":49.0,"key":"REST"}],"neow_cost":"NONE","seed_source_timestamp":0,"circlet_count":0,"master_deck":["AscendersBane","Strike_B","Strike_B","Strike_B","Defend_B","Defend_B+1","Defend_B+1","Defend_B","Zap+1","Dualcast","Ball Lightning","Streamline","Auto Shields+1","Sunder+1","Ball Lightning","Electrodynamics","Coolheaded","Buffer","Auto Shields+1","Flash of Steel","Fusion+1","Conserve Battery+1","Echo Form","Force Field+1","BootSequence","Heatsinks","Conserve Battery","Skim","Echo Form","Force Field+1","Double Energy","Hologram+1","Madness","Madness","Storm+1","Go for the Eyes","Parasite","Rebound","Tempest","Storm+1","Go for the Eyes"],"special_seed":0,"relics":["Ectoplasm","Dream Catcher","Smiling Mask","Boot","Runic Pyramid","Unceasing Top","Bottled Tornado","Fusion Hammer","Mango","Matryoshka","Meat on the Bone","Mummified Hand","Red Mask","Pear"],"potions_floor_usage":[],"damage_taken":[{"damage":13.0,"enemies":"Jaw Worm","floor":1.0,"turns":4.0},{"damage":0.0,"enemies":"2 Louse","floor":2.0,"turns":3.0},{"damage":0.0,"enemies":"Small Slimes","floor":4.0,"turns":3.0},{"damage":1.0,"enemies":"Looter","floor":8.0,"turns":4.0},{"damage":12.0,"enemies":"Gremlin Nob","floor":10.0,"turns":3.0},{"damage":12.0,"enemies":"Lagavulin","floor":13.0,"turns":4.0},{"damage":8.0,"enemies":"Lots of Slimes","floor":14.0,"turns":4.0},{"damage":25.0,"enemies":"The Guardian","floor":16.0,"turns":11.0},{"damage":0.0,"enemies":"3 Byrds","floor":18.0,"turns":3.0},{"damage":0.0,"enemies":"Chosen","floor":20.0,"turns":4.0},{"damage":16.0,"enemies":"Centurion and Healer","floor":22.0,"turns":4.0},{"damage":5.0,"enemies":"Slavers","floor":24.0,"turns":5.0},{"damage":0.0,"enemies":"Snecko","floor":25.0,"turns":4.0},{"damage":18.0,"enemies":"Chosen and Byrds","floor":27.0,"turns":5.0},{"damage":4.0,"enemies":"Centurion and Healer","floor":28.0,"turns":5.0},{"damage":2.0,"enemies":"Snake Plant","floor":30.0,"turns":4.0},{"damage":10.0,"enemies":"Cultist and Chosen","floor":31.0,"turns":4.0},{"damage":14.0,"enemies":"Collector","floor":33.0,"turns":11.0},{"damage":1.0,"enemies":"3 Darklings","floor":35.0,"turns":5.0},{"damage":0.0,"enemies":"2 Orb Walkers","floor":36.0,"turns":6.0},{"damage":1.0,"enemies":"Orb Walker","floor":38.0,"turns":3.0},{"damage":6.0,"enemies":"Giant Head","floor":40.0,"turns":10.0},{"damage":0.0,"enemies":"Writhing Mass","floor":42.0,"turns":5.0},{"damage":59.0,"enemies":"Reptomancer","floor":45.0,"turns":7.0},{"damage":13.0,"enemies":"4 Shapes","floor":47.0,"turns":3.0},{"damage":0.0,"enemies":"Jaw Worm Horde","floor":48.0,"turns":4.0},{"damage":30,"enemies":"Time Eater","floor":50,"turns":8}],"seed_played":"-491758309514744218","potions_obtained":[{"floor":10.0,"key":"SpeedPotion"},{"floor":13.0,"key":"Poison Potion"},{"floor":14.0,"key":"Weak Potion"},{"floor":18.0,"key":"SkillPotion"},{"floor":27.0,"key":"FearPotion"},{"floor":30.0,"key":"SkillPotion"},{"floor":31.0,"key":"Energy Potion"},{"floor":36.0,"key":"Swift Potion"},{"floor":38.0,"key":"PowerPotion"}],"is_trial":false,"path_per_floor":["M","M","$","M","?","R","?","M","T","E","R","?","E","M","R","B",null,"M","?","M","?","M","R","E","M","T","M","M","R","M","M","R","B",null,"M","?","?","M","?","E","R","M","T","?","E","R","M","M","R","B",null],"character_chosen":"DEFECT","items_purchased":["Auto Shields"],"campfire_rested":6,"item_purchase_floors":[3],"current_hp_per_floor":[55,55,55,55,60,60,60,59,59,47,47,31,19,11,35,10,63,63,48,48,48,32,32,27,27,27,9,5,30,28,18,43,29,71,70,84,84,83,71,65,94,94,94,94,57,89,76,76,108,78],"gold":0,"neow_bonus":"BOSS_RELIC","is_prod":false,"is_daily":false,"chose_seed":false,"campfire_upgraded":3,"win_rate":0,"timestamp":1554831407,"path_taken":["M","M","$","M","?","R","?","M","T","E","R","?","E","?","R","BOSS","M","?","M","?","M","R","E","M","T","M","?","R","M","M","R","BOSS","M","?","?","M","?","E","R","M","T","?","E","R","M","M","R","BOSS"],"build_version":"2019-01-23","purchased_purges":0,"victory":true,"max_hp_per_floor":[75,75,75,75,80,80,80,80,80,80,80,80,80,80,80,80,80,80,85,85,85,85,85,85,85,85,85,85,85,85,85,85,85,85,85,99,99,99,99,99,99,99,99,99,109,109,109,109,109,109],"card_choices":[{"not_picked":["Stack","Sweeping Beam"],"picked":"Ball Lightning","floor":1.0},{"not_picked":["Sweeping Beam","Rebound"],"picked":"Streamline","floor":2.0},{"not_picked":["Thunder Strike","Compile Driver"],"picked":"Sunder","floor":4.0},{"not_picked":["Blizzard","Redo"],"picked":"Ball Lightning","floor":8.0},{"not_picked":["Melter","Rebound","Scrape"],"picked":"SKIP","floor":10.0},{"not_picked":["Barrage","Skim","Stack"],"picked":"SKIP","floor":13.0},{"not_picked":["Sweeping Beam","Compile Driver"],"picked":"Electrodynamics","floor":14.0},{"not_picked":["Double Energy","Redo"],"picked":"Coolheaded","floor":15.0},{"not_picked":["Reboot","Multi-Cast"],"picked":"Buffer","floor":16.0},{"not_picked":["Steam","Turbo+1","Leap"],"picked":"SKIP","floor":18.0},{"not_picked":["Redo","Genetic Algorithm"],"picked":"Auto Shields+1","floor":20.0},{"not_picked":["Gash","Barrage"],"picked":"Conserve Battery+1","floor":22.0},{"not_picked":["Turbo","Redo"],"picked":"Echo Form","floor":24.0},{"not_picked":["Redo","Hello World"],"picked":"Force Field+1","floor":25.0},{"not_picked":["Steam+1","Redo"],"picked":"BootSequence","floor":27.0},{"not_picked":["Turbo","Consume"],"picked":"Heatsinks","floor":28.0},{"not_picked":["Sunder","Streamline","Turbo"],"picked":"SKIP","floor":30.0},{"not_picked":["Beam Cell","Turbo"],"picked":"Conserve Battery","floor":31.0},{"not_picked":["Go for the Eyes","Redo"],"picked":"Skim","floor":32.0},{"not_picked":["All For One","Amplify"],"picked":"Echo Form","floor":33.0},{"not_picked":["Sweeping Beam","Glacier+1"],"picked":"Force Field+1","floor":35.0},{"not_picked":["Cold Snap","Genetic Algorithm"],"picked":"Double Energy","floor":36.0},{"not_picked":["Melter","Fusion"],"picked":"Hologram+1","floor":38.0},{"not_picked":["Barrage","Turbo"],"picked":"Storm+1","floor":40.0},{"not_picked":["Gash+1","Hyperbeam"],"picked":"Go for the Eyes","floor":41.0},{"not_picked":["Compile Driver+1","Ball Lightning+1"],"picked":"Rebound","floor":42.0},{"not_picked":["Gash+1","Self Repair","Rebound"],"picked":"SKIP","floor":45.0},{"not_picked":["Fusion","Undo"],"picked":"Tempest","floor":47.0},{"not_picked":["Hello World","Rebound"],"picked":"Storm+1","floor":48.0},{"not_picked":["Beam Cell","Skim"],"picked":"Go for the Eyes","floor":49.0}],"player_experience":331945,"relics_obtained":[{"floor":9.0,"key":"Dream Catcher"},{"floor":10.0,"key":"Smiling Mask"},{"floor":13.0,"key":"Boot"},{"floor":24.0,"key":"Unceasing Top"},{"floor":26.0,"key":"Bottled Tornado"},{"floor":36.0,"key":"Mango"},{"floor":40.0,"key":"Matryoshka"},{"floor":43.0,"key":"Meat on the Bone"},{"floor":43.0,"key":"Mummified Hand"},{"floor":45.0,"key":"Pear"}],"event_choices":[{"damage_healed":0.0,"max_hp_gain":5.0,"max_hp_loss":0.0,"gold_gain":0.0,"event_name":"Big Fish","player_choice":"Donut","floor":5.0,"gold_loss":0.0,"damage_taken":0.0},{"damage_healed":0.0,"max_hp_gain":0.0,"max_hp_loss":0.0,"gold_gain":0.0,"event_name":"Living Wall","player_choice":"Grow","floor":7.0,"gold_loss":0.0,"damage_taken":0.0,"cards_upgraded":["Auto Shields"]},{"damage_healed":0.0,"max_hp_gain":0.0,"max_hp_loss":0.0,"gold_gain":0.0,"event_name":"Shining Light","player_choice":"Entered Light","floor":12.0,"gold_loss":0.0,"damage_taken":16.0,"cards_upgraded":["Defend_B","Zap"]},{"damage_healed":0.0,"max_hp_gain":5.0,"max_hp_loss":0.0,"gold_gain":0.0,"event_name":"Forgotten Altar","player_choice":"Shed Blood","floor":19.0,"gold_loss":0.0,"damage_taken":20.0},{"damage_healed":0.0,"max_hp_gain":0.0,"max_hp_loss":0.0,"gold_gain":0.0,"event_name":"Match and Keep!","player_choice":"2 cards matched","floor":21.0,"gold_loss":0.0,"damage_taken":0.0,"cards_obtained":["Flash of Steel","Fusion"]},{"damage_healed":0.0,"max_hp_gain":0.0,"max_hp_loss":0.0,"gold_gain":0.0,"event_name":"Mysterious Sphere","player_choice":"Fight","floor":36.0,"gold_loss":0.0,"damage_taken":0.0},{"cards_removed":["Strike_B"],"damage_healed":0.0,"max_hp_gain":0.0,"max_hp_loss":0.0,"gold_gain":0.0,"event_name":"Falling","player_choice":"Removed Attack","floor":37.0,"gold_loss":0.0,"damage_taken":0.0},{"damage_healed":0.0,"max_hp_gain":0.0,"max_hp_loss":0.0,"gold_gain":0.0,"event_name":"Winding Halls","player_choice":"Embrace Madness","floor":39.0,"gold_loss":0.0,"damage_taken":12.0,"cards_obtained":["Madness","Madness"]},{"damage_healed":0.0,"max_hp_gain":0.0,"max_hp_loss":0.0,"gold_gain":0.0,"event_name":"Tomb of Lord Red Mask","player_choice":"Paid","floor":44.0,"gold_loss":33.0,"damage_taken":0.0,"relics_obtained":["Red Mask"]}],"is_beta":false,"boss_relics":[{"not_picked":["Tiny House","Nuclear Battery"],"picked":"Runic Pyramid"},{"not_picked":["Empty Cage","Lizard Tail"],"picked":"Fusion Hammer"}],"items_purged_floors":[],"is_endless":false,"potions_floor_spawned":[10,13,14,16,18,27,30,31,33,36,38],"ascension_level":13}