{"gold_per_floor":[109,63,79,79,99,99,130,130,205,205,224,253,253,266,266,361,361,376,392,406,42,62,62,92,109,109,109,127,42,42,4,4,102,102,118,138,138,138],"floor_reached":38,"playtime":2829,"items_purged":["Strike_G"],"score":451,"play_id":"bbd7d3b5-9f45-4925-9f46-30c3b0adc51e","local_time":"20190404230649","is_ascension_mode":true,"campfire_choices":[{"data":"Madness","floor":6,"key":"SMITH"},{"floor":8,"key":"REST"},{"floor":10,"key":"RECALL"},{"data":"A Thousand Cuts","floor":13,"key":"SMITH"},{"floor":15,"key":"REST"},{"floor":23,"key":"REST"},{"data":"Thinking Ahead","floor":27,"key":"SMITH"},{"data":"Blur","floor":30,"key":"SMITH"},{"floor":32,"key":"REST"}],"neow_cost":"NONE","seed_source_timestamp":8841751597700,"circlet_count":0,"master_deck":["Defend_G","Defend_G","Defend_G","Defend_G","Defend_G","Strike_G","Strike_G","Strike_G","Strike_G","Survivor","Neutralize","Madness+1","PiercingWail","Sucker Punch","All Out Attack","Riddle With Holes+1","Leg Sweep","A Thousand Cuts+1","Backflip","Corpse Explosion","Blur+1","PiercingWail","Caltrops","Backflip","Dash+1","Thinking Ahead+1","Endless Agony+1","Quick Slash+1","Predator+1","Dagger Spray+1","Malaise","Dodge and Roll","Backflip","Endless Agony+1","Noxious Fumes","PiercingWail+1","Footwork","Dodge and Roll+1"],"relics":["Ring of the Snake","Molten Egg 2","Matryoshka","Regal Pillow","Bronze Scales","Sozu","Happy Flower","The Courier","Snake Skull","Pear","Orrery"],"potions_floor_usage":[33,38],"damage_taken":[{"damage":1,"enemies":"Cultist","floor":1,"turns":4},{"damage":2,"enemies":"Jaw Worm","floor":3,"turns":5},{"damage":3,"enemies":"Small Slimes","floor":5,"turns":3},{"damage":18,"enemies":"Gremlin Nob","floor":7,"turns":4},{"damage":0,"enemies":"Looter","floor":11,"turns":3},{"damage":16,"enemies":"Lagavulin","floor":12,"turns":10},{"damage":6,"enemies":"Exordium Wildlife","floor":14,"turns":3},{"damage":37,"enemies":"The Guardian","floor":16,"turns":16},{"damage":1,"enemies":"Chosen","floor":18,"turns":6},{"damage":5,"enemies":"2 Thieves","floor":19,"turns":2},{"damage":14,"enemies":"3 Cultists","floor":20,"turns":4},{"damage":5,"enemies":"Snake Plant","floor":22,"turns":4},{"damage":11,"enemies":"Book of Stabbing","floor":24,"turns":5},{"damage":3,"enemies":"Cultist and Chosen","floor":25,"turns":7},{"damage":16,"enemies":"Snecko","floor":28,"turns":5},{"damage":46,"enemies":"Collector","floor":33,"turns":10},{"damage":22,"enemies":"3 Darklings","floor":35,"turns":4},{"damage":36,"enemies":"3 Shapes","floor":36,"turns":4},{"damage":26,"enemies":"Spire Growth","floor":38,"turns":4}],"seed_played":"1799718540981839021","potions_obtained":[{"floor":5,"key":"GhostInAJar"},{"floor":11,"key":"Explosive Potion"},{"floor":12,"key":"Dexterity Potion"}],"is_trial":false,"path_per_floor":["M","$","M","T","M","R","E","R","T","R","M","E","R","M","R","B",null,"M","M","M","$","M","R","E","M","T","R","M","?","R","$","R","B",null,"M","M","?","M"],"character_chosen":"THE_SILENT","items_purchased":["Sucker Punch","Backflip","Dash+1","Thinking Ahead","Dagger Spray+1"],"campfire_rested":4,"item_purchase_floors":[2,21,21,21,31],"current_hp_per_floor":[69,69,67,67,64,64,46,67,67,67,67,51,51,45,70,33,70,69,64,50,50,45,70,59,56,56,56,40,50,50,50,80,34,80,58,22,22,0],"gold":138,"neow_bonus":"RANDOM_COLORLESS","is_prod":false,"is_daily":false,"chose_seed":false,"campfire_upgraded":4,"win_rate":0,"timestamp":1554433609,"path_taken":["M","?","M","?","M","R","E","R","T","R","M","E","R","M","R","BOSS","M","M","M","$","M","R","E","M","T","R","M","?","R","$","R","BOSS","M","M","?","M"],"build_version":"2019-01-23","purchased_purges":1,"victory":false,"max_hp_per_floor":[70,70,70,70,70,70,70,70,70,70,70,70,70,70,70,70,70,70,70,70,70,70,70,70,70,70,70,70,80,80,80,80,80,80,80,80,80,80],"card_choices":[{"not_picked":["Prepared","Underhanded Strike"],"picked":"PiercingWail","floor":1},{"not_picked":["Well Laid Plans","Underhanded Strike"],"picked":"All Out Attack","floor":3},{"not_picked":["Deflect","After Image"],"picked":"Riddle With Holes+1","floor":5},{"not_picked":["Blade Dance","Acrobatics"],"picked":"Leg Sweep","floor":7},{"not_picked":["Cloak And Dagger","Outmaneuver"],"picked":"Flechettes+1","floor":11},{"not_picked":["Underhanded Strike+1","Outmaneuver"],"picked":"A Thousand Cuts","floor":12},{"not_picked":["Prepared","Skewer+1"],"picked":"Backflip","floor":14},{"not_picked":["Night Terror","Burst"],"picked":"Corpse Explosion","floor":16},{"not_picked":["Riddle With Holes+1","Skewer+1"],"picked":"Blur","floor":18},{"not_picked":["Calculated Gamble+1","Quick Slash+1"],"picked":"PiercingWail","floor":19},{"not_picked":["All Out Attack+1","Prepared"],"picked":"Caltrops","floor":20},{"not_picked":["Finisher+1","Dagger Throw+1"],"picked":"Endless Agony+1","floor":22},{"not_picked":["Masterful Stab+1","Flechettes+1","Escape Plan"],"picked":"SKIP","floor":24},{"not_picked":["Outmaneuver+1","Deflect"],"picked":"Quick Slash+1","floor":25},{"not_picked":["Underhanded Strike+1","Cloak And Dagger"],"picked":"Predator+1","floor":28},{"not_picked":["Night Terror","Phantasmal Killer"],"picked":"Malaise","floor":33},{"not_picked":["Finisher+1","Prepared"],"picked":"Dodge and Roll","floor":34},{"not_picked":["Outmaneuver","Flying Knee+1"],"picked":"Backflip","floor":34},{"not_picked":["Underhanded Strike+1","Bouncing Flask"],"picked":"Endless Agony+1","floor":34},{"not_picked":["Storm of Steel","Slice+1"],"picked":"Noxious Fumes","floor":34},{"not_picked":["Catalyst","Cloak And Dagger"],"picked":"PiercingWail+1","floor":34},{"not_picked":["Poisoned Stab+1","Dagger Spray+1"],"picked":"Footwork","floor":35},{"not_picked":["Expertise+1","Bouncing Flask"],"picked":"Dodge and Roll+1","floor":36}],"player_experience":64289,"relics_obtained":[{"floor":4,"key":"Molten Egg 2"},{"floor":7,"key":"Matryoshka"},{"floor":9,"key":"Regal Pillow"},{"floor":12,"key":"Bronze Scales"},{"floor":24,"key":"Happy Flower"},{"floor":26,"key":"The Courier"},{"floor":26,"key":"Snake Skull"}],"event_choices":[{"damage_healed":0,"gold_gain":0,"player_choice":"Obtained Relic","damage_taken":0,"relics_obtained":["Pear"],"max_hp_gain":0,"max_hp_loss":0,"event_name":"Addict","floor":29,"gold_loss":85},{"cards_removed":["Flechettes"],"damage_healed":0,"gold_gain":0,"player_choice":"Removed Attack","damage_taken":0,"max_hp_gain":0,"max_hp_loss":0,"event_name":"Falling","floor":37,"gold_loss":0}],"is_beta":false,"boss_relics":[{"not_picked":["Philosopher\u0027s Stone","White Beast Statue"],"picked":"Sozu"},{"not_picked":["Busted Crown","WristBlade"],"picked":"Orrery"}],"items_purged_floors":[21],"is_endless":false,"potions_floor_spawned":[5,11,12,16,19,20,24,28,33],"killed_by":"Spire Growth","ascension_level":1}