{"gold_per_floor":[117,117,117,117,130,130,171,171,171,195,210,224,189,202,202,327,327,341,74,88,3,19,19,39,39,39,59,59,59,103,124,124,253,253,269,269,285,285,7,7,25,25,48,73,94,94,115,46,46,46],"floor_reached":50,"playtime":7602,"items_purged":[],"score":516,"play_id":"02c7d76a-2d86-4db3-9773-1e83f12266e2","local_time":"20190309205938","is_ascension_mode":false,"campfire_choices":[{"floor":6,"key":"REST"},{"floor":8,"key":"REST"},{"floor":15,"key":"REST"},{"floor":23,"key":"REST"},{"data":"Wraith Form v2","floor":25,"key":"SMITH"},{"floor":28,"key":"REST"},{"data":"Calculated Gamble","floor":32,"key":"SMITH"},{"floor":40,"key":"REST"},{"floor":42,"key":"REST"},{"floor":46,"key":"REST"},{"floor":49,"key":"REST"}],"neow_cost":"CURSE","seed_source_timestamp":2148440662035,"circlet_count":0,"master_deck":["Defend_G","Defend_G","Defend_G","Defend_G","Strike_G","Strike_G","Strike_G","Strike_G","Strike_G","Survivor","Neutralize","Quick Slash","Bouncing Flask","All Out Attack","Noxious Fumes","Caltrops","Wraith Form v2+1","Cloak And Dagger","Adrenaline","Flying Knee","Terror","Noxious Fumes","Tools of the Trade","Catalyst","Bane+1","Deadly Poison+1","Bullet Time","Calculated Gamble+1","A Thousand Cuts","Doubt","Pain","Flechettes+1","Quick Slash+1","Thinking Ahead","Purity","The Bomb","Cloak And Dagger+1","Riddle With Holes","Deadly Poison+1","Poisoned Stab","Dash+1","Well Laid Plans+1","Glass Knife"],"relics":["Ring of the Snake","Thread and Needle","Golden Idol","Bag of Preparation","Dodecahedron","Snecko Eye","Orichalcum","Anchor","Smiling Mask","GremlinMask","Pocketwatch","Astrolabe","Mummified Hand","Juzu Bracelet"],"potions_floor_usage":[14,18,24,31,33,33,33,41,44,44,50,50,50],"damage_taken":[{"damage":0,"enemies":"2 Louse","floor":1,"turns":2},{"damage":1,"enemies":"Small Slimes","floor":5,"turns":4},{"damage":41,"enemies":"Gremlin Nob","floor":7,"turns":6},{"damage":0,"enemies":"Jaw Worm","floor":10,"turns":4},{"damage":12,"enemies":"Large Slime","floor":11,"turns":5},{"damage":0,"enemies":"Exordium Thugs","floor":12,"turns":5},{"damage":0,"enemies":"Looter","floor":14,"turns":4},{"damage":36,"enemies":"Hexaghost","floor":16,"turns":8},{"damage":11,"enemies":"Chosen","floor":18,"turns":5},{"damage":8,"enemies":"Spheric Guardian","floor":20,"turns":4},{"damage":15,"enemies":"Centurion and Healer","floor":22,"turns":6},{"damage":14,"enemies":"3 Cultists","floor":24,"turns":6},{"damage":0,"enemies":"Chosen and Byrds","floor":27,"turns":6},{"damage":19,"enemies":"Slavers","floor":30,"turns":6},{"damage":0,"enemies":"Cultist and Chosen","floor":31,"turns":4},{"damage":55,"enemies":"Collector","floor":33,"turns":10},{"damage":46,"enemies":"3 Darklings","floor":35,"turns":5},{"damage":10,"enemies":"3 Shapes","floor":37,"turns":5},{"damage":6,"enemies":"Transient","floor":41,"turns":5},{"damage":39,"enemies":"Writhing Mass","floor":44,"turns":4},{"damage":0,"enemies":"Spire Growth","floor":45,"turns":5},{"damage":3,"enemies":"Jaw Worm Horde","floor":47,"turns":5},{"damage":82,"enemies":"Awakened One","floor":50,"turns":10}],"seed_played":"6430130672944084105","potions_obtained":[{"floor":1,"key":"Explosive Potion"},{"floor":11,"key":"SpeedPotion"},{"floor":14,"key":"Fruit Juice"},{"floor":16,"key":"SkillPotion"},{"floor":18,"key":"FearPotion"},{"floor":24,"key":"EssenceOfSteel"},{"floor":27,"key":"AttackPotion"},{"floor":31,"key":"SkillPotion"},{"floor":38,"key":"Fire Potion"},{"floor":38,"key":"Fire Potion"},{"floor":38,"key":"GhostInAJar"},{"floor":41,"key":"Energy Potion"},{"floor":45,"key":"Explosive Potion"},{"floor":47,"key":"Energy Potion"}],"is_trial":false,"path_per_floor":["?","?","?","?","?","?","?","?","M"],"character_chosen":"THE_SILENT","items_purchased":["Orichalcum","Terror","Noxious Fumes","Mummified Hand","Riddle With Holes","Glass Knife"],"campfire_rested":9,"item_purchase_floors":[19,19,19,39,39,48],"current_hp_per_floor":[84,51,51,51,50,75,34,59,59,59,47,47,68,73,89,53,89,78,78,70,70,55,81,67,67,67,67,89,89,70,70,70,15,89,43,33,23,23,23,49,43,69,69,30,30,56,53,53,79,0],"gold":46,"neow_bonus":"TWENTY_PERCENT_HP_BONUS","is_prod":false,"is_daily":false,"chose_seed":false,"campfire_upgraded":2,"win_rate":0.0,"timestamp":1552161578,"path_taken":["M","?","?","?","M","R","E","R","T","M","M","M","?","M","R","BOSS","M","$","M","?","M","R","M","R","T","M","R","?","E","M","R","BOSS","M","?","M","?","$","R","?","R","T","M","M","R","M","$","R","BOSS"],"build_version":"2019-01-23","purchased_purges":0,"victory":false,"max_hp_per_floor":[84,84,84,84,84,84,84,84,84,84,84,84,84,89,89,89,89,89,89,89,89,89,89,89,89,89,89,89,89,89,89,89,89,89,89,89,89,89,89,89,89,89,89,89,89,89,89,89,89,89],"card_choices":[{"not_picked":["Expertise","Deflect"],"picked":"Quick Slash","floor":1},{"not_picked":["Slice","Blade Dance"],"picked":"Bouncing Flask","floor":5},{"not_picked":["Masterful Stab","Infinite Blades"],"picked":"All Out Attack","floor":7},{"not_picked":["Sucker Punch","Underhanded Strike"],"picked":"Noxious Fumes","floor":10},{"not_picked":["Blade Dance","Underhanded Strike"],"picked":"Caltrops","floor":11},{"not_picked":["Dagger Spray","Accuracy"],"picked":"Wraith Form v2","floor":12},{"not_picked":["Accuracy","Dagger Throw"],"picked":"Cloak And Dagger","floor":14},{"not_picked":["Corpse Explosion","Wraith Form v2"],"picked":"Adrenaline","floor":16},{"not_picked":["Underhanded Strike","Slice"],"picked":"Flying Knee","floor":18},{"not_picked":["Bouncing Flask","Tactician+1"],"picked":"Tools of the Trade","floor":20},{"not_picked":["Bouncing Flask","All Out Attack"],"picked":"Catalyst","floor":22},{"not_picked":["Prepared","Poisoned Stab+1"],"picked":"Bane+1","floor":24},{"not_picked":["Deflect","Cloak And Dagger"],"picked":"Deadly Poison+1","floor":27},{"not_picked":["Cloak And Dagger","Quick Slash"],"picked":"Bullet Time","floor":30},{"not_picked":["Deflect","Masterful Stab"],"picked":"Calculated Gamble","floor":31},{"not_picked":["After Image","Doppelganger"],"picked":"A Thousand Cuts","floor":33},{"not_picked":["Deadly Poison","Catalyst+1"],"picked":"Quick Slash+1","floor":35},{"not_picked":["Blind","Finesse"],"picked":"Thinking Ahead","floor":36},{"not_picked":["Flash of Steel","Finesse"],"picked":"Purity","floor":36},{"not_picked":["Enlightenment","Dark Shackles"],"picked":"The Bomb","floor":36},{"not_picked":["Deflect","PiercingWail"],"picked":"Cloak And Dagger+1","floor":37},{"not_picked":["Bane+1","Malaise"],"picked":"Deadly Poison+1","floor":41},{"not_picked":["Cloak And Dagger","Deadly Poison"],"picked":"Poisoned Stab","floor":44},{"not_picked":["Acrobatics","Deflect"],"picked":"Dash+1","floor":45},{"not_picked":["Heel Hook","Dodge and Roll"],"picked":"Well Laid Plans+1","floor":47}],"player_experience":37501,"relics_obtained":[{"floor":7,"key":"Bag of Preparation"},{"floor":9,"key":"Dodecahedron"},{"floor":26,"key":"Smiling Mask"},{"floor":30,"key":"Pocketwatch"},{"floor":43,"key":"Juzu Bracelet"}],"event_choices":[{"damage_healed":0,"gold_gain":0,"player_choice":"Success","damage_taken":33,"relics_obtained":["Thread and Needle"],"max_hp_gain":0,"max_hp_loss":0,"event_name":"Scrap Ooze","floor":2,"gold_loss":0},{"damage_healed":0,"gold_gain":0,"player_choice":"Ignored","damage_taken":0,"max_hp_gain":0,"max_hp_loss":0,"event_name":"Liars Game","floor":3,"gold_loss":0},{"damage_healed":0,"gold_gain":0,"player_choice":"Take Wound","damage_taken":0,"relics_obtained":["Golden Idol"],"max_hp_gain":0,"max_hp_loss":0,"event_name":"Golden Idol","floor":4,"gold_loss":0,"cards_obtained":["Injury"]},{"damage_healed":21,"gold_gain":0,"player_choice":"Healed","damage_taken":0,"max_hp_gain":0,"max_hp_loss":0,"event_name":"The Cleric","floor":13,"gold_loss":35},{"damage_healed":0,"gold_gain":0,"player_choice":"Obtained Relic","damage_taken":0,"relics_obtained":["Anchor"],"max_hp_gain":0,"max_hp_loss":0,"event_name":"Addict","floor":21,"gold_loss":85},{"damage_healed":0,"gold_gain":0,"player_choice":"Trade","damage_taken":0,"relics_obtained":["GremlinMask"],"max_hp_gain":0,"max_hp_loss":0,"event_name":"FaceTrader","floor":29,"gold_loss":0},{"damage_healed":0,"gold_gain":0,"player_choice":"Memory 3","damage_taken":10,"max_hp_gain":0,"max_hp_loss":0,"event_name":"SensoryStone","floor":36,"gold_loss":0},{"damage_healed":0,"gold_gain":0,"player_choice":"Got Potions","damage_taken":0,"max_hp_gain":0,"max_hp_loss":0,"event_name":"Lab","floor":38,"gold_loss":0}],"is_beta":false,"boss_relics":[{"not_picked":["Lizard Tail","Runic Dome"],"picked":"Snecko Eye"},{"not_picked":["Black Star","Orrery"],"picked":"Astrolabe"}],"items_purged_floors":[],"is_endless":false,"potions_floor_spawned":[1,11,14,16,18,24,27,30,31,41,45,47],"killed_by":"Awakened One","ascension_level":0}