{"gold_per_floor":[113,288,288,66,79,112,112,140,208,239,39,52,127,77,77,77],"floor_reached":16,"playtime":1359,"items_purged":["Doubt"],"score":133,"play_id":"d334c443-3209-4cf5-8ccb-1046eb3f2372","local_time":"20190331192001","is_ascension_mode":true,"campfire_choices":[{"floor":7,"key":"REST"},{"floor":15,"key":"REST"}],"neow_cost":"NONE","seed_source_timestamp":3000675488433,"circlet_count":0,"master_deck":["Defend_G","Defend_G","Defend_G","Defend_G","Defend_G","Strike_G","Strike_G","Strike_G","Strike_G","Survivor","Neutralize","Dagger Spray","Neutralize","Storm of Steel","Sucker Punch","Glass Knife","Crippling Poison","Concentrate","Footwork","Masterful Stab","Acrobatics"],"relics":["Ring of the Snake","Blood Vial","Pen Nib","Omamori","Snake Skull","Meat on the Bone","Anchor"],"potions_floor_usage":[8,16,16],"damage_taken":[{"damage":1,"enemies":"Cultist","floor":1,"turns":4},{"damage":0,"enemies":"2 Louse","floor":5,"turns":3},{"damage":27,"enemies":"Gremlin Nob","floor":6,"turns":5},{"damage":10,"enemies":"Lagavulin","floor":8,"turns":5},{"damage":13,"enemies":"3 Sentries","floor":10,"turns":8},{"damage":0,"enemies":"Small Slimes","floor":12,"turns":3},{"damage":60,"enemies":"Slime Boss","floor":16,"turns":8}],"seed_played":"3412162583659800092","potions_obtained":[{"floor":5,"key":"Strength Potion"},{"floor":8,"key":"SteroidPotion"},{"floor":10,"key":"Weak Potion"}],"is_trial":false,"path_per_floor":["?","?","M","?","?"],"character_chosen":"THE_SILENT","items_purchased":["Pen Nib","Footwork","Masterful Stab","Acrobatics"],"campfire_rested":2,"item_purchase_floors":[4,11,11,11],"current_hp_per_floor":[69,69,69,69,70,43,64,56,56,45,45,47,36,36,57,0],"gold":77,"neow_bonus":"RANDOM_COMMON_RELIC","is_prod":false,"is_daily":false,"chose_seed":false,"campfire_upgraded":0,"win_rate":0,"timestamp":1554052801,"path_taken":["M","?","?","$","M","E","R","E","T","E","$","?","?","?","R","BOSS"],"build_version":"2019-01-23","purchased_purges":1,"victory":false,"max_hp_per_floor":[70,70,70,70,70,70,70,70,70,70,70,70,70,70,70,70],"card_choices":[{"not_picked":["Prepared","Deadly Poison"],"picked":"Dagger Spray","floor":1},{"not_picked":["Bane","Outmaneuver"],"picked":"Sucker Punch","floor":5},{"not_picked":["Riddle With Holes","Bane"],"picked":"Glass Knife","floor":6},{"not_picked":["Poisoned Stab","Prepared"],"picked":"Crippling Poison","floor":8},{"not_picked":["Dagger Throw","Outmaneuver"],"picked":"Concentrate","floor":10},{"not_picked":["Dagger Throw","Prepared","Bane"],"picked":"SKIP","floor":12}],"player_experience":175334,"relics_obtained":[{"floor":6,"key":"Omamori"},{"floor":8,"key":"Snake Skull"},{"floor":9,"key":"Meat on the Bone"},{"floor":10,"key":"Anchor"}],"event_choices":[{"damage_healed":0,"gold_gain":175,"player_choice":"AGREE","damage_taken":0,"max_hp_gain":0,"max_hp_loss":0,"event_name":"Liars Game","floor":2,"gold_loss":0,"cards_obtained":["Doubt"]},{"damage_healed":0,"gold_gain":0,"player_choice":"2 cards matched","damage_taken":0,"max_hp_gain":0,"max_hp_loss":0,"event_name":"Match and Keep!","floor":3,"gold_loss":0,"cards_obtained":["Neutralize","Storm of Steel"]},{"damage_healed":0,"gold_gain":75,"player_choice":"Gather Gold","damage_taken":11,"max_hp_gain":0,"max_hp_loss":0,"event_name":"World of Goop","floor":13,"gold_loss":0},{"cards_removed":["Strike_G"],"damage_healed":0,"gold_gain":0,"player_choice":"Card Removal","damage_taken":0,"max_hp_gain":0,"max_hp_loss":0,"event_name":"The Cleric","floor":14,"gold_loss":50}],"is_beta":false,"boss_relics":[],"items_purged_floors":[4],"is_endless":false,"potions_floor_spawned":[5,8,10],"killed_by":"Slime Boss","ascension_level":3}