{"gold_per_floor":[110,110,121,0,17,50,50,72,72,82,107,124,56,73,73,177,177,187,80,99,99,117,117,150,166,166,183,37,37,37,71,71,170,170,180,180,180],"floor_reached":37,"playtime":1602,"items_purged":["Strike_B"],"score":444,"play_id":"5bcfce88-e744-4a92-afb0-82ea8340f636","local_time":"20181204130013","is_ascension_mode":false,"campfire_choices":[{"floor":7,"key":"REST"},{"floor":15,"key":"REST"},{"floor":23,"key":"REST"},{"floor":30,"key":"REST"},{"floor":32,"key":"REST"}],"neow_cost":"NONE","seed_source_timestamp":1513842603992405,"circlet_count":0,"master_deck":["Strike_B","Strike_B","Defend_B","Defend_B+1","Defend_B+1","Defend_B","Zap+1","Dualcast+1","Streamline","Darkness","Leap","Go for the Eyes","Leap","Go for the Eyes","Cold Snap","Gash","Conserve Battery","Loop","Barrage","Electrodynamics","Beam Cell","Capacitor","Leap","BootSequence","Redo+1","Stack+1","Glacier","Hologram+1","Decay","Reboot","Buffer","Coolheaded+1"],"relics":["Cracked Core","Torii","Odd Mushroom","Mango","Strawberry","Runic Pyramid","Anchor","Dodecahedron","Lantern","War Paint","Velvet Choker"],"potions_floor_usage":[37,37,37],"damage_taken":[{"damage":0,"enemies":"Small Slimes","floor":1,"turns":2},{"damage":0,"enemies":"2 Louse","floor":3,"turns":2},{"damage":6,"enemies":"Jaw Worm","floor":5,"turns":3},{"damage":13,"enemies":"Lagavulin","floor":6,"turns":5},{"damage":11,"enemies":"The Mushroom Lair","floor":8,"turns":5},{"damage":1,"enemies":"Lots of Slimes","floor":10,"turns":5},{"damage":22,"enemies":"Gremlin Nob","floor":11,"turns":5},{"damage":8,"enemies":"Gremlin Gang","floor":12,"turns":4},{"damage":0,"enemies":"Red Slaver","floor":14,"turns":3},{"damage":9,"enemies":"Hexaghost","floor":16,"turns":12},{"damage":26,"enemies":"2 Thieves","floor":18,"turns":3},{"damage":12,"enemies":"Spheric Guardian","floor":20,"turns":4},{"damage":3,"enemies":"Shelled Parasite and Fungi","floor":22,"turns":6},{"damage":36,"enemies":"Gremlin Leader","floor":24,"turns":8},{"damage":2,"enemies":"Snake Plant","floor":25,"turns":5},{"damage":24,"enemies":"Cultist and Chosen","floor":27,"turns":7},{"damage":25,"enemies":"Slavers","floor":31,"turns":7},{"damage":17,"enemies":"Champ","floor":33,"turns":18},{"damage":53,"enemies":"3 Shapes","floor":35,"turns":6},{"damage":48,"enemies":"Time Eater","floor":37,"turns":13}],"seed_played":"6100266454659307383","potions_obtained":[{"floor":3,"key":"AttackPotion"},{"floor":6,"key":"EssenceOfSteel"},{"floor":11,"key":"SneckoOil"},{"floor":25,"key":"GamblersBrew"}],"is_trial":false,"path_per_floor":["M","?","M","$","M","E","R","?","T","M","E","M","$","M","R","B",null,"M","$","M","?","M","R","E","M","T","M","$","?","R","E","R","B",null,"M","?","B"],"character_chosen":"DEFECT","items_purchased":["Leap","Loop","Capacitor","Leap","Lantern"],"campfire_rested":5,"item_purchase_floors":[4,13,19,19,28],"current_hp_per_floor":[75,60,60,60,54,41,63,52,66,65,50,42,42,42,70,61,96,70,70,58,58,55,83,47,45,45,21,21,21,49,24,52,35,96,43,43,0],"gold":180,"neow_bonus":"UPGRADE_CARD","is_prod":false,"is_daily":false,"chose_seed":false,"campfire_upgraded":0,"win_rate":0.0,"timestamp":1543950013,"path_taken":["M","?","M","$","M","E","R","?","T","M","E","M","$","M","R","BOSS","M","$","M","?","M","R","E","?","T","?","?","?","R","E","R","BOSS","M","?","BOSS"],"build_version":"2018-11-15","purchased_purges":1,"victory":false,"max_hp_per_floor":[75,75,75,75,75,75,75,75,89,89,96,96,96,96,96,96,96,96,96,96,96,96,96,96,96,96,96,96,96,96,96,96,96,96,96,96,96],"card_choices":[{"not_picked":["Stack","Rebound"],"picked":"Streamline","floor":1},{"not_picked":["Compile Driver","Scrape"],"picked":"Darkness","floor":3},{"not_picked":["Beam Cell","Core Surge"],"picked":"Go for the Eyes","floor":5},{"not_picked":["Streamline","Stack"],"picked":"Leap","floor":6},{"not_picked":["Turbo","Sweeping Beam"],"picked":"Go for the Eyes","floor":8},{"not_picked":["Turbo","Ball Lightning"],"picked":"Cold Snap","floor":10},{"not_picked":["Skim","Leap"],"picked":"Gash","floor":11},{"not_picked":["Barrage","Rip and Tear"],"picked":"Conserve Battery","floor":12},{"not_picked":["Core Surge","Scrape"],"picked":"Barrage","floor":14},{"not_picked":["All For One","Amplify"],"picked":"Electrodynamics","floor":16},{"not_picked":["Rebound","Streamline"],"picked":"Beam Cell","floor":18},{"not_picked":["Lockon","Hologram+1"],"picked":"BootSequence","floor":20},{"not_picked":["Genetic Algorithm","Reprogram"],"picked":"Redo+1","floor":22},{"not_picked":["Scrape","Leap"],"picked":"Stack","floor":24},{"not_picked":["Gash","Streamline"],"picked":"Glacier","floor":25},{"not_picked":["Chill","Leap"],"picked":"Hologram+1","floor":27},{"not_picked":["Go for the Eyes+1","Loop"],"picked":"Reboot","floor":31},{"not_picked":["Meteor Strike","Seek"],"picked":"Buffer","floor":33},{"not_picked":["Storm","Force Field+1"],"picked":"Coolheaded+1","floor":35}],"player_experience":102853,"relics_obtained":[{"floor":6,"key":"Torii"},{"floor":8,"key":"Odd Mushroom"},{"floor":9,"key":"Mango"},{"floor":11,"key":"Strawberry"},{"floor":24,"key":"Anchor"},{"floor":26,"key":"Dodecahedron"},{"floor":31,"key":"War Paint"}],"event_choices":[{"damage_healed":0,"gold_gain":0,"player_choice":"Entered Light","damage_taken":15,"max_hp_gain":0,"max_hp_loss":0,"event_name":"Shining Light","floor":2,"gold_loss":0,"cards_upgraded":["Dualcast","Defend_B"]},{"damage_healed":0,"gold_gain":0,"player_choice":"Fought Mushrooms","damage_taken":0,"max_hp_gain":0,"max_hp_loss":0,"event_name":"Mushrooms","floor":8,"gold_loss":0},{"cards_removed":["Strike_B"],"damage_healed":0,"gold_gain":0,"player_choice":"Purged","damage_taken":0,"max_hp_gain":0,"max_hp_loss":0,"event_name":"Purifier","floor":21,"gold_loss":0},{"damage_healed":0,"gold_gain":0,"player_choice":"Smashed Altar","damage_taken":0,"max_hp_gain":0,"max_hp_loss":0,"event_name":"Forgotten Altar","floor":29,"gold_loss":0,"cards_obtained":["Decay"]},{"damage_healed":0,"gold_gain":0,"player_choice":"Took Portal","damage_taken":0,"max_hp_gain":0,"max_hp_loss":0,"event_name":"SecretPortal","floor":36,"gold_loss":0}],"is_beta":false,"boss_relics":[{"not_picked":["Cursed Key","Lizard Tail"],"picked":"Runic Pyramid"},{"not_picked":["Astrolabe","Calling Bell"],"picked":"Velvet Choker"}],"items_purged_floors":[4],"is_endless":false,"potions_floor_spawned":[3,6,11,12,16,24,25,27,35],"killed_by":"Time Eater","ascension_level":0}