{"gold_per_floor":[110,110,58,58,72,72,92,92,92,62,78,78,153,153,153,227,227,238,256,256],"floor_reached":20,"playtime":820,"items_purged":[],"score":284,"play_id":"314a4081-eedd-414e-ba04-2eed1af54550","local_time":"20190308160043","is_ascension_mode":true,"campfire_choices":[{"data":"Coolheaded","floor":6.0,"key":"SMITH"},{"data":"Hologram","floor":8.0,"key":"SMITH"},{"floor":12.0,"key":"REST"},{"data":"Zap","floor":15.0,"key":"SMITH"}],"neow_cost":"NONE","seed_source_timestamp":125026367813844,"circlet_count":0,"master_deck":["AscendersBane","Strike_B","Defend_B","Defend_B","Defend_B","Defend_B","Zap+1","Dualcast","Hologram+1","Coolheaded+1","Sweeping Beam","Hello World","Cold Snap","Gash","All For One","Machine Learning+1","Meteor Strike+1","Compile Driver+1","Chill","Hologram+1"],"special_seed":0,"relics":["Inserter","The Courier","Meat on the Bone","Astrolabe"],"potions_floor_usage":[],"damage_taken":[{"damage":11.0,"enemies":"Cultist","floor":1.0,"turns":4.0},{"damage":2.0,"enemies":"Jaw Worm","floor":5.0,"turns":6.0},{"damage":4.0,"enemies":"2 Louse","floor":7.0,"turns":3.0},{"damage":0.0,"enemies":"Looter","floor":10.0,"turns":4.0},{"damage":1.0,"enemies":"Blue Slaver","floor":11.0,"turns":7.0},{"damage":23.0,"enemies":"Hexaghost","floor":16.0,"turns":11.0},{"damage":12.0,"enemies":"Chosen","floor":18.0,"turns":6.0},{"damage":21.0,"enemies":"Spheric Guardian","floor":19.0,"turns":5.0},{"damage":39,"enemies":"Colosseum Slavers","floor":20,"turns":4}],"seed_played":"-2411598839581207265","potions_obtained":[{"floor":1.0,"key":"PowerPotion"},{"floor":16.0,"key":"FearPotion"}],"is_trial":false,"path_per_floor":["M","$","$","T","M","R","M","R","T","M","M","R","?","?","R","B",null,"M","M","?"],"character_chosen":"DEFECT","items_purchased":["Coolheaded"],"campfire_rested":1,"item_purchase_floors":[3],"current_hp_per_floor":[53,53,53,53,51,51,47,47,47,47,46,67,56,56,56,45,65,53,44,5],"gold":256,"neow_bonus":"BOSS_RELIC","is_prod":false,"is_daily":false,"chose_seed":false,"campfire_upgraded":3,"win_rate":0,"timestamp":1552082443,"path_taken":["M","?","$","?","M","R","?","R","T","M","?","R","?","?","R","BOSS","M","M","?"],"build_version":"2019-01-23","purchased_purges":0,"victory":false,"max_hp_per_floor":[71,71,71,71,71,71,71,71,71,71,71,71,71,71,71,71,71,71,71,71],"card_choices":[{"not_picked":["Double Energy","Force Field"],"picked":"Hologram","floor":1.0},{"not_picked":["Aggregate","Lockon"],"picked":"Sweeping Beam","floor":5.0},{"not_picked":["Stack","Compile Driver"],"picked":"Hello World","floor":7.0},{"not_picked":["Beam Cell","Go for the Eyes"],"picked":"Cold Snap","floor":10.0},{"not_picked":["Compile Driver","Rip and Tear"],"picked":"Gash","floor":11.0},{"not_picked":["Fission","Thunder Strike"],"picked":"All For One","floor":16.0},{"not_picked":["Steam+1","Ball Lightning+1"],"picked":"Chill","floor":18.0},{"not_picked":["Beam Cell","Conserve Battery"],"picked":"Hologram+1","floor":19.0}],"player_experience":657537,"relics_obtained":[{"floor":4.0,"key":"The Courier"},{"floor":9.0,"key":"Meat on the Bone"}],"event_choices":[{"damage_healed":0.0,"max_hp_gain":0.0,"max_hp_loss":0.0,"gold_gain":75.0,"event_name":"World of Goop","player_choice":"Gather Gold","floor":13.0,"gold_loss":0.0,"damage_taken":11.0},{"damage_healed":0.0,"max_hp_gain":0.0,"max_hp_loss":0.0,"gold_gain":0.0,"event_name":"Scrap Ooze","player_choice":"Fled","floor":14.0,"gold_loss":0.0,"damage_taken":0.0},{"damage_healed":0,"gold_gain":0,"player_choice":"Fight","damage_taken":0,"max_hp_gain":0,"max_hp_loss":0,"event_name":"Colosseum","floor":20,"gold_loss":0}],"is_beta":false,"boss_relics":[{"not_picked":["Calling Bell","Runic Dome"],"picked":"Astrolabe"}],"items_purged_floors":[],"is_endless":false,"potions_floor_spawned":[1,16],"killed_by":"Colosseum Slavers","ascension_level":15}