{"gold_per_floor":[111,111,127,127,143,173,18,18,41,52,70,134,134,145,145,145],"floor_reached":16,"playtime":710,"items_purged":[],"score":102,"play_id":"b08161b5-2bba-43a3-8d57-13387f8e0ba4","local_time":"20180630011534","is_ascension_mode":false,"campfire_choices":[{"floor":8,"key":"REST"},{"floor":13,"key":"REST"},{"floor":15,"key":"REST"}],"neow_cost":"TEN_PERCENT_HP_LOSS","seed_source_timestamp":798644825571771,"circlet_count":0,"master_deck":["Strike_B","Strike_B","Defend_B","Defend_B","Defend_B","Defend_B","Zap","Dualcast","BootSequence","Scrape","Genetic Algorithm","Loop","Multi-Cast","Leap","Chaos","Force Field","Loop","Melter","Rebound","Conserve Battery","Leap","Sunder"],"relics":["Cracked Core","Juzu Bracelet","Anchor"],"potions_floor_usage":[14,14],"damage_taken":[{"damage":0,"enemies":"Jaw Worm","floor":1,"turns":4},{"damage":6,"enemies":"Cultist","floor":3,"turns":4},{"damage":0,"enemies":"Small Slimes","floor":5,"turns":2},{"damage":61,"enemies":"Gremlin Nob","floor":6,"turns":6},{"damage":5,"enemies":"Blue Slaver","floor":10,"turns":6},{"damage":14,"enemies":"Exordium Wildlife","floor":11,"turns":6},{"damage":29,"enemies":"Gremlin Gang","floor":14,"turns":6},{"damage":30,"enemies":"Slime Boss","floor":16,"turns":6}],"seed_played":"-2314099026383510917","potions_obtained":[{"floor":1,"key":"SteroidPotion"},{"floor":11,"key":"Regen Potion"}],"is_trial":false,"path_per_floor":["M","?","M","?","M","E","$","R","T","M","M","?","R","M","R"],"character_chosen":"DEFECT","items_purchased":["Loop","Melter","Rebound"],"campfire_rested":3,"item_purchase_floors":[7,7,7],"current_hp_per_floor":[68,68,62,62,62,1,1,21,21,16,2,2,22,5,25,0],"gold":145,"neow_bonus":"TRANSFORM_TWO_CARDS","is_prod":false,"is_daily":false,"chose_seed":false,"campfire_upgraded":0,"win_rate":0.0,"timestamp":1530342934,"path_taken":["M","?","M","?","M","E","$","R","T","M","M","?","R","M","R","BOSS"],"build_version":"2018-06-28","purchased_purges":0,"victory":false,"max_hp_per_floor":[68,68,68,68,68,68,68,68,68,68,68,68,68,68,68,68],"card_choices":[{"not_picked":["Cold Snap","Force Field"],"picked":"Genetic Algorithm","floor":1},{"not_picked":["Turbo","Go for the Eyes"],"picked":"Leap","floor":3},{"not_picked":["Streamline","Hologram"],"picked":"Chaos","floor":5},{"not_picked":["Meteor Strike","Barrage"],"picked":"Force Field","floor":6},{"not_picked":["Hologram","Self Repair"],"picked":"Conserve Battery","floor":10},{"not_picked":["Aggregate","Sweeping Beam"],"picked":"Leap","floor":11},{"not_picked":["Coolheaded","Hologram"],"picked":"Sunder","floor":14}],"player_experience":37920,"relics_obtained":[{"floor":6,"key":"Juzu Bracelet"},{"floor":9,"key":"Anchor"}],"event_choices":[{"event_name":"Match and Keep!","player_choice":"2 cards matched","floor":2,"damage_taken":0},{"event_name":"Liars Game","player_choice":"disagreed","floor":4,"damage_taken":0},{"event_name":"Golden Wing","player_choice":"Gained Gold","floor":12,"damage_taken":0}],"boss_relics":[],"items_purged_floors":[],"is_endless":false,"potions_floor_spawned":[1,11],"killed_by":"Slime Boss","ascension_level":0}