{"gold_per_floor":[110,210,221,235,235,235,252,284,284,294,306,382,399,414,414,515,515,532,516,496,514,564,591,591],"floor_reached":24,"playtime":1221,"items_purged":[],"score":222,"play_id":"6d07df03-2688-4c4c-976f-8ccb64a8603e","local_time":"20180630013605","is_ascension_mode":false,"campfire_choices":[{"floor":6,"key":"REST"},{"floor":15,"key":"REST"}],"neow_cost":"FIFTY_PERCENT_DAMAGE","seed_source_timestamp":799365313973097,"circlet_count":0,"master_deck":["Strike_B","Strike_B","Defend_B","Defend_B","Defend_B","Defend_B","Zap","Dualcast","Rip and Tear","Steam+1","Capacitor","Auto Shields","Compile Driver","Lockon","Buffer","Self Repair","Blizzard","Leap","Ball Lightning","Thunder Strike","Steam+1","Glacier","Ball Lightning+1","Sweeping Beam"],"relics":["Cracked Core","Anchor","Bottled Tornado","Gremlin Horn","Nuclear Battery","Gambling Chip"],"potions_floor_usage":[8,8,23,23],"damage_taken":[{"damage":0,"enemies":"2 Louse","floor":1,"turns":2},{"damage":0,"enemies":"Cultist","floor":3,"turns":3},{"damage":0,"enemies":"Small Slimes","floor":4,"turns":3},{"damage":2,"enemies":"Red Slaver","floor":7,"turns":3},{"damage":8,"enemies":"3 Sentries","floor":8,"turns":6},{"damage":0,"enemies":"2 Fungi Beasts","floor":10,"turns":3},{"damage":0,"enemies":"Blue Slaver","floor":11,"turns":5},{"damage":15,"enemies":"Gremlin Gang","floor":13,"turns":6},{"damage":1,"enemies":"Looter","floor":14,"turns":4},{"damage":35,"enemies":"Slime Boss","floor":16,"turns":11},{"damage":13,"enemies":"Chosen","floor":18,"turns":5},{"damage":8,"enemies":"2 Thieves","floor":19,"turns":4},{"damage":15,"enemies":"Snake Plant","floor":21,"turns":7},{"damage":57,"enemies":"Slavers","floor":23,"turns":6},{"damage":10,"enemies":"3 Cultists","floor":24,"turns":3}],"seed_played":"-1035499132394321188","potions_obtained":[{"floor":1,"key":"Explosive Potion"},{"floor":4,"key":"FocusPotion"},{"floor":7,"key":"FocusPotion"},{"floor":18,"key":"Dexterity Potion"},{"floor":20,"key":"SmokeBomb"}],"is_trial":false,"path_per_floor":["M","?","M","M","?","R","M","E","T","M","M","T","M","M","R","B",null,"M","M","?","M","?","E"],"character_chosen":"DEFECT","items_purchased":[],"campfire_rested":2,"item_purchase_floors":[],"current_hp_per_floor":[38,38,38,38,38,60,58,50,50,50,57,57,49,55,75,47,75,69,68,68,60,60,10,0],"gold":591,"neow_bonus":"TRANSFORM_TWO_CARDS","is_prod":false,"is_daily":false,"chose_seed":false,"campfire_upgraded":0,"win_rate":0.0,"timestamp":1530344165,"path_taken":["M","?","M","?","?","R","M","E","T","M","M","?","M","M","R","BOSS","M","?","?","M","?","E","M"],"build_version":"2018-06-28","purchased_purges":0,"victory":false,"max_hp_per_floor":[75,75,75,75,75,75,75,75,75,75,75,75,75,75,75,75,75,75,75,75,75,75,75,75],"card_choices":[{"not_picked":["Skim","Stack"],"picked":"Capacitor","floor":1},{"not_picked":["Barrage","Compile Driver"],"picked":"Auto Shields","floor":3},{"not_picked":["Hello World","Turbo"],"picked":"Compile Driver","floor":4},{"not_picked":["Turbo","Compile Driver"],"picked":"Lockon","floor":7},{"not_picked":["Steam","Turbo"],"picked":"Buffer","floor":8},{"not_picked":["Hologram","BootSequence"],"picked":"Self Repair","floor":10},{"not_picked":["Melter","Hologram"],"picked":"Blizzard","floor":11},{"not_picked":["Static Discharge","Rip and Tear"],"picked":"Leap","floor":13},{"not_picked":["Gash","Thunder Strike"],"picked":"Ball Lightning","floor":14},{"not_picked":["Rainbow","Machine Learning"],"picked":"Thunder Strike","floor":16},{"not_picked":["Beam Cell","Reinforced Body"],"picked":"Steam+1","floor":18},{"not_picked":["Fusion","BootSequence"],"picked":"Glacier","floor":19},{"not_picked":["Melter+1","Steam"],"picked":"Ball Lightning+1","floor":21},{"not_picked":["Glacier+1","Hologram"],"picked":"Sweeping Beam","floor":23}],"player_experience":38630,"relics_obtained":[{"floor":8,"key":"Anchor"},{"floor":9,"key":"Bottled Tornado"},{"floor":12,"key":"Gremlin Horn"},{"floor":23,"key":"Gambling Chip"}],"event_choices":[{"event_name":"Golden Shrine","player_choice":"Pray","floor":2,"damage_taken":0},{"event_name":"Upgrade Shrine","player_choice":"Upgraded","floor":5,"damage_taken":0},{"event_name":"The Woman in Blue","player_choice":"Bought 1 Potion","floor":20,"damage_taken":0},{"event_name":"The Joust","player_choice":"Bet on Murderer","floor":22,"damage_taken":0}],"boss_relics":[{"not_picked":["Cursed Key","Calling Bell"],"picked":"Nuclear Battery"}],"items_purged_floors":[],"is_endless":false,"potions_floor_spawned":[1,4,7,18,21],"killed_by":"3 Cultists","ascension_level":0}