{"gold_per_floor":[368,378,112,131,306,306,340,340,367,392,392,392,411,411],"floor_reached":14,"playtime":632,"items_purged":["Shame"],"score":108,"play_id":"be4494c5-a96c-4fd2-afe0-9479549757f2","local_time":"20181025121620","is_ascension_mode":true,"campfire_choices":[{"data":"Barrage","floor":6,"key":"SMITH"},{"data":"Redo","floor":8,"key":"SMITH"},{"data":"Zap","floor":11,"key":"SMITH"}],"neow_cost":"CURSE","seed_source_timestamp":132894710790947,"circlet_count":0,"master_deck":["Strike_B","Strike_B","Strike_B","Strike_B","Defend_B","Defend_B","Defend_B","Defend_B","Zap+1","Dualcast","Capacitor","Barrage+1","Chill","Doubt","Redo+1","Dodge and Roll"],"relics":["Cracked Core","PrismaticShard","Happy Flower","Art of War","Strawberry","Question Card"],"potions_floor_usage":[7,10,10,10,10,14],"damage_taken":[{"damage":9,"enemies":"Jaw Worm","floor":1,"turns":3},{"damage":6,"enemies":"Small Slimes","floor":2,"turns":3},{"damage":5,"enemies":"2 Louse","floor":4,"turns":3},{"damage":21,"enemies":"Lagavulin","floor":7,"turns":9},{"damage":7,"enemies":"3 Sentries","floor":10,"turns":7},{"damage":0,"enemies":"2 Fungi Beasts","floor":13,"turns":3},{"damage":51,"enemies":"Gremlin Nob","floor":14,"turns":4}],"seed_played":"4494233183190480337","potions_obtained":[{"floor":2,"key":"Block Potion"},{"floor":7,"key":"EntropicBrew"},{"floor":10,"key":"Strength Potion"},{"floor":13,"key":"LiquidBronze"}],"is_trial":false,"path_per_floor":["M","M","$","M","?","R","E","R","T","E","R","?","M"],"character_chosen":"DEFECT","items_purchased":["PrismaticShard"],"campfire_rested":0,"item_purchase_floors":[3],"current_hp_per_floor":[66,60,60,55,55,55,34,34,34,34,34,22,22,0],"gold":411,"neow_bonus":"TWO_FIFTY_GOLD","is_prod":false,"is_daily":false,"chose_seed":false,"campfire_upgraded":3,"win_rate":0,"timestamp":1540487780,"path_taken":["M","M","$","M","?","R","E","R","T","E","R","?","M","?"],"build_version":"2018-10-18","purchased_purges":1,"victory":false,"max_hp_per_floor":[75,75,75,75,75,75,75,75,75,82,82,82,82,82],"card_choices":[{"not_picked":["Double Energy","Heatsinks"],"picked":"Capacitor","floor":1},{"not_picked":["Compile Driver","Self Repair"],"picked":"Barrage","floor":2},{"not_picked":["Enlightenment","Anger"],"picked":"Chill","floor":4},{"not_picked":["Steam","Wild Strike"],"picked":"Redo","floor":7},{"not_picked":["Riddle With Holes","Swift Strike","Wraith Form v2"],"picked":"SKIP","floor":10},{"not_picked":["Flex","Force Field","Perfected Strike"],"picked":"Dodge and Roll","floor":13}],"player_experience":198045,"relics_obtained":[{"floor":7,"key":"Happy Flower"},{"floor":9,"key":"Art of War"},{"floor":10,"key":"Strawberry"}],"event_choices":[{"damage_healed":0,"gold_gain":175,"player_choice":"AGREE","damage_taken":0,"max_hp_gain":0,"max_hp_loss":0,"event_name":"Liars Game","floor":5,"gold_loss":0,"cards_obtained":["Doubt"]},{"damage_healed":0,"gold_gain":0,"player_choice":"Success","damage_taken":12,"relics_obtained":["Question Card"],"max_hp_gain":0,"max_hp_loss":0,"event_name":"Scrap Ooze","floor":12,"gold_loss":0},{"damage_healed":0,"gold_gain":30,"player_choice":"Searched \u00272\u0027 times","damage_taken":0,"max_hp_gain":0,"max_hp_loss":0,"event_name":"Dead Adventurer","floor":14,"gold_loss":0}],"is_beta":false,"boss_relics":[],"items_purged_floors":[3],"is_endless":false,"potions_floor_spawned":[2,7,10,13],"killed_by":"Gremlin Nob","ascension_level":2}