{"path_per_floor":["M","?","M","M","M","E","M","R","T","E","$","R","?","M","R","B",null,"M","M","$","M","$","R","M","?","T"],"character_chosen":"DEFECT","items_purchased":["Rip and Tear"],"gold_per_floor":[113,113,129,140,154,188,199,199,199,227,76,76,26,40,40,140,140,151,168,68,88,88,88,105,105,173,173],"floor_reached":27,"campfire_rested":3,"playtime":1102,"item_purchase_floors":[11],"current_hp_per_floor":[61,54,54,54,50,45,25,47,47,40,40,62,62,62,62,26,63,63,29,29,16,16,38,16,16,16,0],"items_purged":["Strike_B","Zap"],"gold":173,"score":315,"play_id":"ff5bd2cf-8e48-42b9-a69c-4a141d6cc4e1","local_time":"20180529053406","is_prod":false,"is_daily":false,"chose_seed":false,"is_ascension_mode":true,"campfire_upgraded":0,"win_rate":0,"timestamp":1527564846,"campfire_choices":[{"floor":8,"key":"REST"},{"floor":12,"key":"REST"},{"data":"Strike_B","floor":15,"key":"PURGE"},{"floor":23,"key":"REST"}],"path_taken":["M","?","M","M","?","E","M","R","T","E","?","R","?","M","R","BOSS","M","M","$","?","$","R","?","?","T","M"],"build_version":"2018-05-27","seed_source_timestamp":93095335190153,"purchased_purges":2,"victory":false,"master_deck":["Defend_B","Defend_B","Defend_B","Defend_B","Dualcast","Rip and Tear","Auto Shields","Melter","Glacier","Glacier","White Noise","Beam Cell","Auto Shields","Rip and Tear","Echo Form","Beam Cell","Scrape","Ball Lightning+1","Rip and Tear","Gash"],"max_hp_per_floor":[75,75,75,75,75,75,75,75,75,75,75,75,75,75,75,75,75,75,75,75,75,75,75,75,75,75,75],"relics":["Cracked Core","Peace Pipe","Bag of Preparation","Bag of Marbles","Orrery","Frozen Egg 2"],"card_choices":[{"not_picked":["Leap","Storm"],"picked":"Rip and Tear","floor":0},{"not_picked":["Double Energy","Streamline"],"picked":"Auto Shields","floor":1},{"not_picked":["Go for the Eyes","Leap"],"picked":"Melter","floor":3},{"not_picked":["Hologram","Go for the Eyes"],"picked":"Glacier","floor":4},{"not_picked":["Rainbow","Stack"],"picked":"Glacier","floor":5},{"not_picked":["Streamline","Meteor Strike"],"picked":"White Noise","floor":6},{"not_picked":["Streamline","Sweeping Beam"],"picked":"Beam Cell","floor":7},{"not_picked":["Ball Lightning","Go for the Eyes"],"picked":"Auto Shields","floor":10},{"not_picked":["Doom and Gloom","Steam","Turbo"],"picked":"SKIP","floor":14},{"not_picked":["Amplify","Multi-Cast"],"picked":"Echo Form","floor":16},{"not_picked":["Sweeping Beam","Genetic Algorithm"],"picked":"Beam Cell","floor":17},{"not_picked":["Static Discharge","Barrage"],"picked":"Scrape","floor":17},{"not_picked":["Coolheaded+1","Stack"],"picked":"Ball Lightning+1","floor":18},{"not_picked":["Sweeping Beam","Loop"],"picked":"Rip and Tear","floor":19},{"not_picked":["Tempest","FTL"],"picked":"Gash","floor":21},{"not_picked":["Fission","Compile Driver","Darkness+1"],"picked":"SKIP","floor":24}],"player_experience":112437,"potions_floor_usage":[6,7,16],"damage_taken":[{"damage":7,"enemies":"Jaw Worm","floor":1,"turns":3},{"damage":0,"enemies":"2 Louse","floor":3,"turns":2},{"damage":0,"enemies":"Cultist","floor":4,"turns":2},{"damage":4,"enemies":"Lots of Slimes","floor":5,"turns":4},{"damage":5,"enemies":"3 Sentries","floor":6,"turns":8},{"damage":20,"enemies":"Exordium Thugs","floor":7,"turns":9},{"damage":7,"enemies":"Lagavulin","floor":10,"turns":7},{"damage":0,"enemies":"Looter","floor":14,"turns":2},{"damage":36,"enemies":"Slime Boss","floor":16,"turns":23},{"damage":0,"enemies":"Spheric Guardian","floor":18,"turns":3},{"damage":34,"enemies":"3 Byrds","floor":19,"turns":9},{"damage":13,"enemies":"Centurion and Healer","floor":21,"turns":6},{"damage":22,"enemies":"Chosen and Byrds","floor":24,"turns":7},{"damage":40,"enemies":"Cultist and Chosen","floor":27,"turns":4}],"relics_obtained":[{"floor":6,"key":"Peace Pipe"},{"floor":9,"key":"Bag of Preparation"},{"floor":10,"key":"Bag of Marbles"},{"floor":26,"key":"Frozen Egg 2"}],"event_choices":[{"event_name":"Golden Wing","player_choice":"Card Removal","floor":2,"damage_taken":0},{"event_name":"The Cleric","player_choice":"Card Removal","floor":13,"damage_taken":0},{"event_name":"Ghosts","player_choice":"Ignored","floor":25,"damage_taken":0}],"boss_relics":[{"not_picked":["Ectoplasm","Runic Dome"],"picked":"Orrery"}],"items_purged_floors":[11,20],"potions_floor_spawned":[1,3,5,6,10,14],"seed_played":"8197638813014070128","killed_by":"Cultist and Chosen","ascension_level":8,"potions_obtained":[{"floor":1,"key":"AttackPotion"},{"floor":3,"key":"FairyPotion"},{"floor":5,"key":"SteroidPotion"},{"floor":6,"key":"Swift Potion"},{"floor":10,"key":"Strength Potion"},{"floor":14,"key":"SkillPotion"}],"is_trial":false}