{"gold_per_floor":[115,115,115,128,128,128,128,128,198,216,216,236,135,149,149,277,277,296,314,361,70,83,83,83,83,134,134,146,146,157,157],"floor_reached":31,"playtime":1118,"items_purged":["Bash"],"score":250,"play_id":"f8646ce9-007f-4ea9-9c3d-4dcb889b466f","local_time":"20181124231943","is_ascension_mode":false,"campfire_choices":[{"floor":6,"key":"DIG"},{"floor":8,"key":"DIG"},{"floor":11,"key":"DIG"},{"floor":15,"key":"DIG"},{"floor":23,"key":"REST"},{"floor":27,"key":"DIG"}],"neow_cost":"PERCENT_DAMAGE","seed_source_timestamp":687502244394126,"circlet_count":0,"master_deck":["Defend_R","Defend_R","Defend_R","Defend_R","Heavy Blade+1","Regret","Spot Weakness","Bash","Second Wind","Cleave","Intimidate","Shrug It Off","Shockwave","Barricade","Dropkick+1","Pommel Strike+1","Flex","Flame Barrier+1","Bite","Bite","Bite","Bite","Bite+1","Anger+1","Battle Trance"],"relics":["Burning Blood","Gambling Chip","Bag of Marbles","Bloody Idol","Shovel","Pear","Lantern","Question Card","Boot","Kunai","Lizard Tail","Potion Belt","Paper Frog","Anchor","Whetstone","Enchiridion"],"potions_floor_usage":[18,30,30,30],"damage_taken":[{"damage":0,"enemies":"Small Slimes","floor":1,"turns":5},{"damage":4,"enemies":"Jaw Worm","floor":4,"turns":3},{"damage":0,"enemies":"2 Louse","floor":10,"turns":2},{"damage":14,"enemies":"Large Slime","floor":12,"turns":6},{"damage":8,"enemies":"Red Slaver","floor":14,"turns":2},{"damage":47,"enemies":"Hexaghost","floor":16,"turns":9},{"damage":25,"enemies":"Chosen","floor":18,"turns":6},{"damage":22,"enemies":"2 Thieves","floor":19,"turns":3},{"damage":43,"enemies":"3 Cultists","floor":22,"turns":7},{"damage":51,"enemies":"Centurion and Healer","floor":28,"turns":9},{"damage":22,"enemies":"Snake Plant","floor":30,"turns":4},{"damage":54,"enemies":"Cultist and Chosen","floor":31,"turns":4}],"seed_played":"5983690391004463942","potions_obtained":[{"floor":12,"key":"Explosive Potion"},{"floor":14,"key":"Strength Potion"},{"floor":18,"key":"Poison Potion"},{"floor":19,"key":"SneckoOil"},{"floor":22,"key":"GamblersBrew"},{"floor":30,"key":"Block Potion"}],"is_trial":false,"path_per_floor":["M","?","?","M","?","R","?","R","T","M","R","M","$","M","R","B",null,"M","M","T","$","M","R","?","?","T","R","M","?","M","M"],"character_chosen":"IRONCLAD","items_purchased":["Shrug It Off","Paper Frog","Flex"],"campfire_rested":1,"item_purchase_floors":[13,21,21],"current_hp_per_floor":[62,62,62,64,61,71,71,71,71,77,77,69,69,67,67,26,84,65,49,49,49,12,37,37,37,42,42,17,1,29,0],"gold":157,"neow_bonus":"ONE_RARE_RELIC","is_prod":false,"is_daily":false,"chose_seed":false,"campfire_upgraded":0,"win_rate":0.0,"timestamp":1543123183,"path_taken":["M","?","?","M","?","R","?","R","T","M","R","M","$","M","R","BOSS","M","M","?","$","M","R","?","?","T","R","M","?","M","M"],"build_version":"2018-11-15","purchased_purges":1,"victory":false,"max_hp_per_floor":[80,80,74,74,74,84,84,84,84,84,84,84,84,84,84,84,84,84,84,84,84,84,84,58,58,58,58,58,58,58,58],"card_choices":[{"not_picked":["Wild Strike","Power Through"],"picked":"Heavy Blade","floor":1},{"not_picked":["Dropkick","Ghostly Armor"],"picked":"Spot Weakness","floor":4},{"not_picked":["Thunderclap","Pommel Strike","Perfected Strike"],"picked":"Cleave","floor":10},{"not_picked":["Rupture","Shrug It Off","Heavy Blade"],"picked":"Intimidate","floor":12},{"not_picked":["Reckless Charge","Clash","Pommel Strike"],"picked":"Shockwave","floor":14},{"not_picked":["Offering","Fiend Fire","Dark Embrace"],"picked":"Barricade","floor":16},{"not_picked":["Headbutt","Reckless Charge","Hemokinesis"],"picked":"Dropkick+1","floor":18},{"not_picked":["True Grit","Thunderclap","Havoc+1"],"picked":"Pommel Strike+1","floor":19},{"not_picked":["Iron Wave","Power Through+1","Exhume"],"picked":"Flame Barrier+1","floor":22},{"not_picked":["Perfected Strike","Power Through","Reckless Charge"],"picked":"Anger+1","floor":28},{"not_picked":["Corruption","Entrench+1","Body Slam"],"picked":"Battle Trance","floor":30}],"player_experience":36538,"relics_obtained":[{"floor":6,"key":"Pear"},{"floor":8,"key":"Lantern"},{"floor":9,"key":"Question Card"},{"floor":11,"key":"Boot"},{"floor":15,"key":"Kunai"},{"floor":20,"key":"Potion Belt"},{"floor":26,"key":"Anchor"},{"floor":27,"key":"Whetstone"},{"floor":29,"key":"Enchiridion"}],"event_choices":[{"damage_healed":0,"gold_gain":0,"player_choice":"Box","damage_taken":0,"relics_obtained":["Bag of Marbles"],"max_hp_gain":0,"max_hp_loss":0,"event_name":"Big Fish","floor":2,"gold_loss":0,"cards_obtained":["Regret"]},{"damage_healed":0,"gold_gain":0,"player_choice":"Lose Max HP","damage_taken":0,"relics_obtained":["Golden Idol"],"max_hp_gain":0,"max_hp_loss":6,"event_name":"Golden Idol","floor":3,"gold_loss":0},{"damage_healed":0,"gold_gain":0,"player_choice":"Success","damage_taken":3,"relics_obtained":["Shovel"],"max_hp_gain":0,"max_hp_loss":0,"event_name":"Scrap Ooze","floor":5,"gold_loss":0},{"damage_healed":0,"gold_gain":0,"player_choice":"2 cards matched","damage_taken":0,"max_hp_gain":0,"max_hp_loss":0,"event_name":"Match and Keep!","floor":7,"gold_loss":0,"cards_obtained":["Bash","Second Wind"]},{"damage_healed":0,"gold_gain":0,"player_choice":"Became a vampire","damage_taken":0,"max_hp_gain":0,"max_hp_loss":26,"event_name":"Vampires","floor":24,"gold_loss":0,"cards_obtained":["Bite","Bite","Bite","Bite","Bite"]},{"damage_healed":0,"gold_gain":0,"player_choice":"Gave Idol","damage_taken":0,"relics_obtained":["Bloody Idol"],"max_hp_gain":0,"max_hp_loss":0,"event_name":"Forgotten Altar","floor":25,"relics_lost":["Golden Idol"],"gold_loss":0},{"damage_healed":0,"gold_gain":0,"player_choice":"Obtained Book","damage_taken":16,"max_hp_gain":0,"max_hp_loss":0,"event_name":"Cursed Tome","floor":29,"gold_loss":0}],"is_beta":false,"boss_relics":[{"not_picked":["Eternal Feather","Mark of Pain"],"picked":"Lizard Tail"}],"items_purged_floors":[13],"is_endless":false,"potions_floor_spawned":[12,14,18,19,22,30],"killed_by":"Cultist and Chosen","ascension_level":0}