{"gold_per_floor":[111,111,122,297,311,311,341,341,341,375,375,387,0,14,14,14],"floor_reached":16,"playtime":1283,"items_purged":[],"score":116,"play_id":"f906c570-b275-42ca-998a-21be31499622","local_time":"20190314204614","is_ascension_mode":true,"campfire_choices":[{"data":"Storm","floor":6,"key":"SMITH"},{"floor":8,"key":"REST"},{"floor":15,"key":"REST"}],"neow_cost":"NONE","seed_source_timestamp":5234073619427,"circlet_count":0,"master_deck":["Strike_B","Strike_B","Strike_B","Strike_B","Defend_B","Defend_B","Defend_B","Defend_B","Zap","Dualcast","White Noise","Regret","Storm+1","Doubt","Ball Lightning","Storm","Multi-Cast+1","Double Energy","Mayhem","Dagger Throw"],"relics":["Cracked Core","Ice Cream","Dodecahedron","Pantograph","Letter Opener","PrismaticShard"],"potions_floor_usage":[7,12,16],"damage_taken":[{"damage":0,"enemies":"2 Louse","floor":1,"turns":2},{"damage":7,"enemies":"Small Slimes","floor":3,"turns":4},{"damage":4,"enemies":"Jaw Worm","floor":5,"turns":3},{"damage":34,"enemies":"3 Sentries","floor":7,"turns":15},{"damage":25,"enemies":"Gremlin Nob","floor":10,"turns":4},{"damage":23,"enemies":"Gremlin Gang","floor":12,"turns":3},{"damage":0,"enemies":"3 Louse","floor":14,"turns":2},{"damage":65,"enemies":"The Guardian","floor":16,"turns":9}],"seed_played":"-2875087196169311979","potions_obtained":[{"floor":1,"key":"SkillPotion"},{"floor":10,"key":"LiquidBronze"},{"floor":12,"key":"FairyPotion"},{"floor":14,"key":"Ancient Potion"}],"is_trial":false,"path_per_floor":["?","?","?","$"],"character_chosen":"DEFECT","items_purchased":["Mayhem","PrismaticShard"],"campfire_rested":2,"item_purchase_floors":[13,13],"current_hp_per_floor":[82,82,75,75,71,71,37,61,61,36,36,13,13,13,37,0],"gold":14,"neow_bonus":"TEN_PERCENT_HP_BONUS","is_prod":false,"is_daily":false,"chose_seed":false,"campfire_upgraded":1,"win_rate":0,"timestamp":1552592774,"path_taken":["M","?","M","?","M","R","E","R","T","E","?","M","?","M","R","BOSS"],"build_version":"2019-01-23","purchased_purges":0,"victory":false,"max_hp_per_floor":[82,82,82,82,82,82,82,82,82,82,82,82,82,82,82,82],"card_choices":[{"not_picked":["Skim","Cold Snap"],"picked":"White Noise","floor":1},{"not_picked":["Streamline","Sweeping Beam"],"picked":"Storm","floor":3},{"not_picked":["Chill","Leap"],"picked":"Ball Lightning","floor":5},{"not_picked":["Turbo","Sweeping Beam"],"picked":"Storm","floor":7},{"not_picked":["Heatsinks","Steam Power"],"picked":"Multi-Cast","floor":10},{"not_picked":["Redo","Leap"],"picked":"Double Energy","floor":12},{"not_picked":["Skewer","Cloak And Dagger"],"picked":"Dagger Throw","floor":14}],"player_experience":88482,"relics_obtained":[{"floor":7,"key":"Dodecahedron"},{"floor":9,"key":"Pantograph"},{"floor":10,"key":"Letter Opener"}],"event_choices":[{"damage_healed":0,"gold_gain":0,"player_choice":"Box","damage_taken":0,"relics_obtained":["Ice Cream"],"max_hp_gain":0,"max_hp_loss":0,"event_name":"Big Fish","floor":2,"gold_loss":0,"cards_obtained":["Regret"]},{"damage_healed":0,"gold_gain":175,"player_choice":"AGREE","damage_taken":0,"max_hp_gain":0,"max_hp_loss":0,"event_name":"Liars Game","floor":4,"gold_loss":0,"cards_obtained":["Doubt"]},{"damage_healed":0,"gold_gain":0,"player_choice":"Grow","damage_taken":0,"max_hp_gain":0,"max_hp_loss":0,"event_name":"Living Wall","floor":11,"gold_loss":0,"cards_upgraded":["Multi-Cast"]}],"is_beta":false,"boss_relics":[],"items_purged_floors":[],"is_endless":false,"potions_floor_spawned":[1,10,12,14],"killed_by":"The Guardian","ascension_level":1}