{"gold_per_floor":[118,118,118,138,158,186,136,170,170,170,184,20,38,53,53,153,153,173,98,98,110,130,160,160,160,160,160,160,160,60,160,160,160],"floor_reached":33,"playtime":3152,"items_purged":["Strike_R","Defend_R"],"score":323,"play_id":"63d5ab32-5c73-493c-8260-3c00ff7362c6","local_time":"20190407000704","is_ascension_mode":false,"campfire_choices":[{"data":"Armaments","floor":10,"key":"SMITH"},{"data":"Feed","floor":15,"key":"SMITH"},{"floor":24,"key":"REST"},{"data":"Battle Trance","floor":28,"key":"SMITH"},{"data":"Anger","floor":32,"key":"SMITH"}],"neow_cost":"NONE","seed_source_timestamp":6618337140065169,"circlet_count":0,"master_deck":["Strike_R","Strike_R","Strike_R","Defend_R","Defend_R","Bloodletting","Anger+1","Armaments+1","Inflame","Warcry","Feed+1","Flex","Offering","Battle Trance+1","Pommel Strike","Shrug It Off"],"relics":["Burning Blood","NeowsBlessing","Bag of Preparation","Pear","Dream Catcher","Self Forming Clay","Philosopher\u0027s Stone","Shuriken","Question Card","MutagenicStrength","Calipers","Ornamental Fan"],"potions_floor_usage":[8,16,16,18,23,23,31],"damage_taken":[{"damage":0,"enemies":"Cultist","floor":1,"turns":1},{"damage":3,"enemies":"Small Slimes","floor":4,"turns":1},{"damage":0,"enemies":"Jaw Worm","floor":5,"turns":1},{"damage":59,"enemies":"Gremlin Nob","floor":6,"turns":6},{"damage":22,"enemies":"3 Sentries","floor":8,"turns":10},{"damage":0,"enemies":"Red Slaver","floor":11,"turns":3},{"damage":3,"enemies":"Blue Slaver","floor":13,"turns":2},{"damage":14,"enemies":"3 Louse","floor":14,"turns":4},{"damage":32,"enemies":"Hexaghost","floor":16,"turns":10},{"damage":11,"enemies":"Chosen","floor":18,"turns":4},{"damage":19,"enemies":"Spheric Guardian","floor":21,"turns":4},{"damage":37,"enemies":"Snecko","floor":22,"turns":7},{"damage":58,"enemies":"Slavers","floor":23,"turns":6},{"damage":7,"enemies":"Colosseum Slavers","floor":31,"turns":3},{"damage":12,"enemies":"Colosseum Nobs","floor":31,"turns":3},{"damage":59,"enemies":"Collector","floor":33,"turns":5}],"seed_played":"-3474900332470596881","potions_obtained":[{"floor":1,"key":"BloodPotion"},{"floor":5,"key":"Swift Potion"},{"floor":6,"key":"BloodPotion"},{"floor":16,"key":"Swift Potion"},{"floor":21,"key":"EssenceOfSteel"},{"floor":22,"key":"Weak Potion"},{"floor":23,"key":"Strength Potion"}],"is_trial":false,"path_per_floor":["M","?","?","M","M","E","?","E","T","R","M","$","M","M","R","B",null,"M","$","?","M","M","E","R","?","T","?","R","?","$","?","R","B"],"character_chosen":"IRONCLAD","items_purchased":["Feed"],"campfire_rested":1,"item_purchase_floors":[12],"current_hp_per_floor":[80,73,66,69,75,32,32,25,25,25,31,31,37,32,32,19,100,99,99,99,90,63,15,49,49,49,49,49,49,49,50,50,0],"gold":160,"neow_bonus":"THREE_ENEMY_KILL","is_prod":false,"is_daily":false,"chose_seed":false,"campfire_upgraded":4,"win_rate":0.0,"timestamp":1554610024,"path_taken":["M","?","?","M","M","E","?","E","T","R","M","?","M","?","R","BOSS","M","$","?","M","M","E","R","?","T","?","R","?","$","?","R","BOSS"],"build_version":"2019-01-23","purchased_purges":2,"victory":false,"max_hp_per_floor":[80,80,80,80,80,90,90,90,90,90,90,90,93,96,96,100,100,104,104,104,108,112,116,116,116,116,116,116,116,116,124,124,124],"card_choices":[{"not_picked":["Seeing Red","True Grit"],"picked":"Bloodletting","floor":1},{"not_picked":["Sword Boomerang","Cleave"],"picked":"Anger","floor":4},{"not_picked":["Cleave","Iron Wave"],"picked":"Armaments","floor":5},{"not_picked":["Warcry","Flame Barrier","Clothesline"],"picked":"SKIP","floor":6},{"not_picked":["Clothesline","Combust"],"picked":"Inflame","floor":8},{"not_picked":["Corruption","Cleave"],"picked":"Warcry","floor":11},{"not_picked":["Clash","Dropkick"],"picked":"Flex","floor":13},{"not_picked":["Warcry","Dark Embrace","Power Through"],"picked":"SKIP","floor":14},{"not_picked":["Reaper","Dark Embrace"],"picked":"Offering","floor":16},{"not_picked":["Warcry","Clash","Headbutt"],"picked":"SKIP","floor":18},{"not_picked":["Flame Barrier","Clash","Iron Wave"],"picked":"SKIP","floor":21},{"not_picked":["Shrug It Off","Sword Boomerang+1"],"picked":"Pommel Strike","floor":22},{"not_picked":["Headbutt","Whirlwind"],"picked":"Shrug It Off","floor":23}],"player_experience":186796,"relics_obtained":[{"floor":6,"key":"Pear"},{"floor":8,"key":"Dream Catcher"},{"floor":9,"key":"Self Forming Clay"},{"floor":23,"key":"Shuriken"},{"floor":26,"key":"Question Card"},{"floor":31,"key":"Calipers"},{"floor":31,"key":"Ornamental Fan"}],"event_choices":[{"cards_removed":["Bash"],"damage_healed":0,"gold_gain":0,"player_choice":"Card Removal","damage_taken":7,"max_hp_gain":0,"max_hp_loss":0,"event_name":"Golden Wing","floor":2,"gold_loss":0},{"damage_healed":0,"gold_gain":0,"player_choice":"Success","damage_taken":7,"relics_obtained":["Bag of Preparation"],"max_hp_gain":0,"max_hp_loss":0,"event_name":"Scrap Ooze","floor":3,"gold_loss":0},{"cards_removed":["Defend_R"],"damage_healed":0,"gold_gain":0,"player_choice":"Card Removal","damage_taken":0,"max_hp_gain":0,"max_hp_loss":0,"event_name":"The Cleric","floor":7,"gold_loss":50},{"damage_healed":0,"gold_gain":0,"player_choice":"Read","damage_taken":0,"max_hp_gain":0,"max_hp_loss":0,"event_name":"The Library","floor":20,"gold_loss":0,"cards_obtained":["Battle Trance"]},{"damage_healed":0,"gold_gain":0,"player_choice":"Ignored","damage_taken":0,"max_hp_gain":0,"max_hp_loss":0,"event_name":"Ghosts","floor":25,"gold_loss":0},{"damage_healed":0,"gold_gain":0,"player_choice":"Inject Mutagens","damage_taken":0,"relics_obtained":["MutagenicStrength"],"max_hp_gain":0,"max_hp_loss":0,"event_name":"Drug Dealer","floor":27,"gold_loss":0},{"cards_removed":["Strike_R"],"damage_healed":0,"gold_gain":0,"player_choice":"Elegance","damage_taken":0,"max_hp_gain":0,"max_hp_loss":0,"event_name":"Back to Basics","floor":29,"gold_loss":0},{"damage_healed":0,"gold_gain":0,"player_choice":"Fight","damage_taken":0,"max_hp_gain":0,"max_hp_loss":0,"event_name":"Colosseum","floor":31,"gold_loss":0},{"damage_healed":0,"gold_gain":0,"player_choice":"Fought Nobs","damage_taken":0,"max_hp_gain":0,"max_hp_loss":0,"event_name":"Colosseum","floor":31,"gold_loss":0}],"is_beta":false,"boss_relics":[{"not_picked":["White Beast Statue","Busted Crown"],"picked":"Philosopher\u0027s Stone"}],"items_purged_floors":[19,30],"is_endless":false,"potions_floor_spawned":[1,5,6,16,21,22,23],"killed_by":"Collector","ascension_level":0}