{"gold_per_floor":[116,116,191,191,205,236,236,261,261,295,295],"floor_reached":11,"playtime":485,"items_purged":[],"score":98,"play_id":"4baeb9c9-02a6-41c1-a959-8952f1e89029","local_time":"20180712024346","is_ascension_mode":true,"campfire_choices":[{"floor":7,"key":"REST"}],"neow_cost":"NONE","seed_source_timestamp":871156991446472,"circlet_count":0,"master_deck":["Defend_G","Defend_G","Defend_G","Defend_G","Defend_G","Strike_G","Strike_G","Strike_G","Strike_G","Strike_G","Survivor","Neutralize","Acrobatics","Caltrops","Dagger Throw","Blur","Finisher"],"relics":["White Beast Statue","NlothsMask","Tingsha","Mummified Hand","The Specimen","Ice Cream"],"potions_floor_usage":[6,6,8,10],"damage_taken":[{"damage":4,"enemies":"Jaw Worm","floor":1,"turns":7},{"damage":0,"enemies":"Cultist","floor":5,"turns":6},{"damage":36,"enemies":"3 Sentries","floor":6,"turns":10},{"damage":28,"enemies":"Gremlin Nob","floor":8,"turns":5},{"damage":21,"enemies":"3 Sentries","floor":10,"turns":11},{"damage":6,"enemies":"2 Louse","floor":11,"turns":1}],"seed_played":"3385983638264164467","potions_obtained":[{"floor":1,"key":"Regen Potion"},{"floor":5,"key":"Fire Potion"},{"floor":6,"key":"Swift Potion"},{"floor":8,"key":"Strength Potion"},{"floor":10,"key":"Poison Potion"}],"is_trial":false,"path_per_floor":["M","?","?","T","M","E","R","E","T","E"],"character_chosen":"THE_SILENT","items_purchased":[],"campfire_rested":1,"item_purchase_floors":[],"current_hp_per_floor":[66,66,55,55,55,34,55,27,27,6,0],"gold":295,"neow_bonus":"BOSS_RELIC","is_prod":false,"is_daily":false,"chose_seed":false,"campfire_upgraded":0,"win_rate":0,"timestamp":1531385026,"path_taken":["M","?","?","?","M","E","R","E","T","E","M"],"build_version":"2018-07-05","purchased_purges":0,"victory":false,"max_hp_per_floor":[70,70,70,70,70,70,70,70,70,70,70],"card_choices":[{"not_picked":["Slice","Crippling Poison"],"picked":"Acrobatics","floor":1},{"not_picked":["Sucker Punch","Slice"],"picked":"Caltrops","floor":5},{"not_picked":["Acrobatics","Dagger Spray"],"picked":"Dagger Throw","floor":6},{"not_picked":["Setup","Reflex"],"picked":"Blur","floor":8},{"not_picked":["Distraction","Prepared"],"picked":"Finisher","floor":10}],"player_experience":97122,"relics_obtained":[{"floor":6,"key":"Tingsha"},{"floor":8,"key":"Mummified Hand"},{"floor":9,"key":"The Specimen"},{"floor":10,"key":"Ice Cream"}],"event_choices":[{"event_name":"FaceTrader","player_choice":"Trade","floor":2,"damage_taken":0},{"event_name":"World of Goop","player_choice":"Gather Gold","floor":3,"damage_taken":0}],"boss_relics":[],"items_purged_floors":[],"is_endless":false,"potions_floor_spawned":[1,5,6,8,10],"killed_by":"2 Louse","ascension_level":2}