{"gold_per_floor":[117,392,408,426,426,426,441,516,516,41,41,41,69,87,87,166,166,183,183],"floor_reached":19,"playtime":749,"items_purged":["Regret"],"score":301,"play_id":"a984026a-1dec-4fe2-81d0-1fcccb81b958","local_time":"20190313201305","is_ascension_mode":true,"campfire_choices":[{"data":"White Noise","floor":6.0,"key":"SMITH"},{"floor":12.0,"key":"REST"},{"floor":15.0,"key":"REST"}],"neow_cost":"NONE","seed_source_timestamp":71632807073145,"circlet_count":0,"master_deck":["AscendersBane","Strike_B","Strike_B","Strike_B","Defend_B","Defend_B","Defend_B","Defend_B","Zap","Dualcast","Stack","Darkness","Rebound","Darkness","Redo","Compile Driver","White Noise+1","Stack","Defragment","Thunder Strike","Core Surge","Genetic Algorithm","Fission","Undo"],"special_seed":0,"relics":["Orrery","Pen Nib","Question Card","PreservedInsect","Shovel","Inserter"],"potions_floor_usage":[16],"damage_taken":[{"damage":1.0,"enemies":"2 Louse","floor":1.0,"turns":2.0},{"damage":0.0,"enemies":"Cultist","floor":3.0,"turns":4.0},{"damage":12.0,"enemies":"Jaw Worm","floor":4.0,"turns":3.0},{"damage":6.0,"enemies":"2 Fungi Beasts","floor":7.0,"turns":2.0},{"damage":29.0,"enemies":"3 Sentries","floor":13.0,"turns":7.0},{"damage":12.0,"enemies":"Gremlin Gang","floor":14.0,"turns":8.0},{"damage":42,"enemies":"Hexaghost","floor":16,"turns":9},{"damage":53,"enemies":"3 Byrds","floor":18,"turns":7},{"damage":0,"enemies":"2 Thieves","floor":19,"turns":1}],"seed_played":"5529208861160470073","potions_obtained":[{"floor":4.0,"key":"AttackPotion"},{"floor":13.0,"key":"FocusPotion"},{"floor":16,"key":"FairyPotion"}],"is_trial":false,"path_per_floor":["M","?","M","M","T","R","M","?","T","$","?","R","E","M","R","B",null,"M","M"],"character_chosen":"DEFECT","items_purchased":["Defragment","PreservedInsect","Regen Potion","SkillPotion"],"campfire_rested":2,"item_purchase_floors":[10,10,10,10],"current_hp_per_floor":[63,63,63,51,51,51,45,34,34,34,34,55,41,29,50,8,55,2,2],"gold":183,"neow_bonus":"BOSS_RELIC","is_prod":false,"is_daily":false,"chose_seed":false,"campfire_upgraded":1,"win_rate":0,"timestamp":1552525985,"path_taken":["M","?","?","M","?","R","M","?","T","$","?","R","E","?","R","BOSS","M","M"],"build_version":"2019-01-23","purchased_purges":1,"victory":false,"max_hp_per_floor":[71,71,71,71,71,71,71,71,71,71,71,71,71,71,71,71,71,71,71],"card_choices":[{"not_picked":["Barrage","Hello World"],"picked":"Stack","floor":0.0},{"not_picked":["Rip and Tear","Rebound"],"picked":"Darkness","floor":0.0},{"not_picked":["Storm","Sweeping Beam"],"picked":"Rebound","floor":0.0},{"not_picked":["Beam Cell","Stack"],"picked":"Darkness","floor":0.0},{"not_picked":["Streamline","Gash"],"picked":"Redo","floor":0.0},{"not_picked":["Ball Lightning","Reprogram"],"picked":"Compile Driver","floor":1.0},{"not_picked":["Gash","Beam Cell"],"picked":"White Noise","floor":3.0},{"not_picked":["Consume","Recycle","Doom and Gloom"],"picked":"SKIP","floor":4.0},{"not_picked":["Compile Driver","Ball Lightning"],"picked":"Stack","floor":7.0},{"not_picked":["Double Energy","Stack","Tempest"],"picked":"Core Surge","floor":13.0},{"not_picked":["Redo","Steam Power","Sweeping Beam"],"picked":"Genetic Algorithm","floor":14.0},{"not_picked":["Echo Form","All For One","Seek"],"picked":"Fission","floor":16},{"not_picked":["Heatsinks","Conserve Battery","Skim"],"picked":"Undo","floor":18}],"player_experience":689847,"relics_obtained":[{"floor":5.0,"key":"Pen Nib"},{"floor":9.0,"key":"Question Card"},{"floor":13.0,"key":"Shovel"}],"event_choices":[{"damage_healed":0.0,"max_hp_gain":0.0,"max_hp_loss":0.0,"gold_gain":275.0,"event_name":"Golden Shrine","player_choice":"Desecrate","floor":2.0,"gold_loss":0.0,"damage_taken":0.0,"cards_obtained":["Regret"]},{"damage_healed":0.0,"max_hp_gain":0.0,"max_hp_loss":0.0,"gold_gain":75.0,"event_name":"World of Goop","player_choice":"Gather Gold","floor":8.0,"gold_loss":0.0,"damage_taken":11.0},{"damage_healed":0.0,"max_hp_gain":0.0,"max_hp_loss":0.0,"gold_gain":0.0,"cards_transformed":["Strike_B"],"event_name":"Transmorgrifier","player_choice":"Transformed","floor":11.0,"gold_loss":0.0,"damage_taken":0.0,"cards_obtained":["Thunder Strike"]}],"is_beta":false,"boss_relics":[{"not_picked":["Runic Dome","Black Star"],"picked":"Inserter"}],"items_purged_floors":[10],"is_endless":false,"potions_floor_spawned":[4,13,16],"killed_by":"2 Thieves","ascension_level":16}