{"gold_per_floor":[109,109,127,15,15,15,46,46,46,80,80,98,98,117,117,216,216,228,228,246,75,5,5,33,50,50,67,67,95,45,55,55,55],"floor_reached":33,"playtime":3081,"items_purged":["Injury","Writhe","Strike_R"],"score":293,"play_id":"1e3cb0e4-061e-4606-82e2-5caf03c89517","local_time":"20190411003754","is_ascension_mode":false,"campfire_choices":[{"data":"Shrug It Off","floor":6,"key":"SMITH"},{"floor":11,"key":"REST"},{"data":"Juggernaut","floor":15,"key":"SMITH"},{"data":"Feed","floor":23,"key":"SMITH"},{"data":"Flame Barrier","floor":28,"key":"SMITH"},{"floor":32,"key":"REST"}],"neow_cost":"NONE","seed_source_timestamp":476867255724589,"circlet_count":0,"master_deck":["Strike_R","Strike_R","Strike_R","Defend_R","Defend_R","Defend_R","Defend_R","Bash","Evolve","Bash","Shrug It Off+1","Ghostly Armor","Juggernaut+1","Armaments","Shrug It Off","Reckless Charge","Feed+1","Shrug It Off+1","Limit Break","Jack Of All Trades","True Grit","Feel No Pain","Blood for Blood","Flame Barrier+1","True Grit","Feel No Pain+1","Dual Wield"],"relics":["Burning Blood","Ancient Tea Set","Happy Flower","Centennial Puzzle","Bottled Tornado","Mark of Pain","Smiling Mask","Bottled Flame","Frozen Egg 2"],"potions_floor_usage":[7,24,29,29,33],"damage_taken":[{"damage":0,"enemies":"Small Slimes","floor":1,"turns":3},{"damage":6,"enemies":"Cultist","floor":3,"turns":4},{"damage":54,"enemies":"Gremlin Nob","floor":7,"turns":6},{"damage":3,"enemies":"3 Sentries","floor":10,"turns":10},{"damage":1,"enemies":"Jaw Worm","floor":12,"turns":3},{"damage":2,"enemies":"Blue Slaver","floor":14,"turns":4},{"damage":15,"enemies":"Slime Boss","floor":16,"turns":8},{"damage":5,"enemies":"Chosen","floor":18,"turns":4},{"damage":10,"enemies":"3 Byrds","floor":20,"turns":5},{"damage":28,"enemies":"Slavers","floor":24,"turns":5},{"damage":10,"enemies":"Snake Plant","floor":25,"turns":4},{"damage":4,"enemies":"Cultist and Chosen","floor":27,"turns":5},{"damage":13,"enemies":"Gremlin Leader","floor":29,"turns":7},{"damage":30,"enemies":"Shelled Parasite and Fungi","floor":31,"turns":6},{"damage":59,"enemies":"Collector","floor":33,"turns":7}],"seed_played":"-4737850876223767663","potions_obtained":[{"floor":1,"key":"GamblersBrew"},{"floor":10,"key":"SkillPotion"},{"floor":12,"key":"SteroidPotion"},{"floor":16,"key":"Poison Potion"},{"floor":31,"key":"Ancient Potion"}],"is_trial":false,"path_per_floor":["M","?","M","$","T","R","E","$","T","E","R","M","?","M","R","B",null,"M","?","M","$","$","R","E","M","T","M","R","E","$","M","R","B"],"character_chosen":"IRONCLAD","items_purchased":["Ghostly Armor","Feel No Pain","Blood for Blood"],"campfire_rested":2,"item_purchase_floors":[4,21,22],"current_hp_per_floor":[88,88,88,88,88,88,40,40,40,43,69,74,74,78,78,69,88,88,88,84,84,84,84,62,58,58,60,60,53,53,29,55,0],"gold":55,"neow_bonus":"TEN_PERCENT_HP_BONUS","is_prod":false,"is_daily":false,"chose_seed":false,"campfire_upgraded":4,"win_rate":0.0,"timestamp":1554968274,"path_taken":["M","?","M","?","?","R","E","?","T","E","R","M","?","M","R","BOSS","M","?","M","?","$","R","E","M","T","M","R","E","$","M","R","BOSS"],"build_version":"2019-01-23","purchased_purges":3,"victory":false,"max_hp_per_floor":[88,88,88,88,88,88,88,88,88,88,88,88,88,88,88,88,88,88,88,88,88,88,88,88,88,88,88,88,88,88,88,88,88],"card_choices":[{"not_picked":["Intimidate","Twin Strike"],"picked":"Evolve","floor":1},{"not_picked":["Thunderclap","True Grit"],"picked":"Shrug It Off","floor":3},{"not_picked":["Feel No Pain","Disarm"],"picked":"Juggernaut","floor":7},{"not_picked":["Uppercut","Headbutt"],"picked":"Armaments","floor":10},{"not_picked":["Anger","Body Slam"],"picked":"Shrug It Off","floor":12},{"not_picked":["Seeing Red","Dropkick"],"picked":"Reckless Charge","floor":14},{"not_picked":["Immolate","Dark Embrace"],"picked":"Feed","floor":16},{"not_picked":["Body Slam","Searing Blow"],"picked":"Shrug It Off+1","floor":18},{"not_picked":["Cleave","Burning Pact"],"picked":"True Grit","floor":20},{"not_picked":["Pommel Strike","Shrug It Off+1","Evolve"],"picked":"SKIP","floor":24},{"not_picked":["Second Wind","Shrug It Off+1"],"picked":"Flame Barrier","floor":25},{"not_picked":["Body Slam","Perfected Strike"],"picked":"True Grit","floor":27},{"not_picked":["Searing Blow","Bludgeon"],"picked":"Feel No Pain","floor":29},{"not_picked":["Clash","Flex"],"picked":"Dual Wield","floor":31}],"player_experience":37385,"relics_obtained":[{"floor":5,"key":"Ancient Tea Set"},{"floor":7,"key":"Happy Flower"},{"floor":9,"key":"Centennial Puzzle"},{"floor":10,"key":"Bottled Tornado"},{"floor":24,"key":"Smiling Mask"},{"floor":26,"key":"Bottled Flame"},{"floor":29,"key":"Frozen Egg 2"}],"event_choices":[{"damage_healed":0,"gold_gain":0,"player_choice":"2 cards matched","damage_taken":0,"max_hp_gain":0,"max_hp_loss":0,"event_name":"Match and Keep!","floor":2,"gold_loss":0,"cards_obtained":["Injury","Bash"]},{"damage_healed":0,"gold_gain":0,"player_choice":"2 cards matched","damage_taken":0,"max_hp_gain":0,"max_hp_loss":0,"event_name":"Match and Keep!","floor":2,"gold_loss":0,"cards_obtained":["Injury","Bash"]},{"cards_removed":["Strike_R"],"damage_healed":0,"gold_gain":0,"player_choice":"Purged","damage_taken":0,"max_hp_gain":0,"max_hp_loss":0,"event_name":"Purifier","floor":13,"gold_loss":0},{"damage_healed":0,"gold_gain":0,"player_choice":"3 cards matched","damage_taken":0,"max_hp_gain":0,"max_hp_loss":0,"event_name":"Match and Keep!","floor":19,"gold_loss":0,"cards_obtained":["Limit Break","Writhe","Jack Of All Trades"]}],"is_beta":false,"boss_relics":[{"not_picked":["Calling Bell","Tiny House"],"picked":"Mark of Pain"}],"items_purged_floors":[4,21,30],"is_endless":false,"potions_floor_spawned":[1,10,12,16,18,31],"killed_by":"Collector","ascension_level":0}