{"gold_per_floor":[114,67,86,261,241,274,274,274,325,350,350,378,378,388,388,484,484,502,513,16,115,115],"floor_reached":22,"playtime":1573,"items_purged":[],"score":202,"play_id":"86dae502-78f6-4b4c-8417-7653285e9df8","local_time":"20180711205944","is_ascension_mode":false,"campfire_choices":[{"data":"Noxious Fumes","floor":8,"key":"SMITH"},{"floor":11,"key":"REST"},{"floor":15,"key":"REST"}],"neow_cost":"","seed_source_timestamp":86718810315437,"circlet_count":0,"master_deck":["Defend_G","Defend_G","Defend_G","Defend_G","Defend_G","Strike_G","Strike_G","Strike_G","Strike_G","Strike_G","Survivor","Neutralize","Deadly Poison","Deadly Poison","Noxious Fumes+1","Doubt","Backstab","Deadly Poison+1","Backstab","Blur+1"],"relics":["Ring of the Snake","Pen Nib","Vajra","Tough Bandages","Strawberry","Toxic Egg 2","Philosopher\u0027s Stone","Kunai","Tiny Chest"],"potions_floor_usage":[6,10,10,16,19],"damage_taken":[{"damage":0,"enemies":"Jaw Worm","floor":1,"turns":5},{"damage":0,"enemies":"Small Slimes","floor":3,"turns":3},{"damage":21,"enemies":"3 Sentries","floor":6,"turns":8},{"damage":1,"enemies":"Cultist","floor":7,"turns":4},{"damage":17,"enemies":"Gremlin Nob","floor":10,"turns":4},{"damage":20,"enemies":"3 Sentries","floor":12,"turns":7},{"damage":6,"enemies":"Exordium Wildlife","floor":14,"turns":4},{"damage":47,"enemies":"Slime Boss","floor":16,"turns":9},{"damage":20,"enemies":"Shell Parasite","floor":18,"turns":5},{"damage":24,"enemies":"Spheric Guardian","floor":19,"turns":4},{"damage":33,"enemies":"Chosen and Byrds","floor":22,"turns":4}],"seed_played":"-3710942947011909680","potions_obtained":[{"floor":1,"key":"Strength Potion"},{"floor":3,"key":"EssenceOfSteel"},{"floor":5,"key":"SpeedPotion"},{"floor":10,"key":"Fire Potion"},{"floor":18,"key":"Strength Potion"}],"is_trial":false,"path_per_floor":["M","$","M","?","?","E","M","R","T","E","R","E","?","M","R","B",null,"M","M","$","?"],"character_chosen":"THE_SILENT","items_purchased":["Deadly Poison","Backstab","Kunai","Tiny Chest","Blur+1"],"campfire_rested":2,"item_purchase_floors":[2,20,20,20,20],"current_hp_per_floor":[70,70,70,70,70,49,48,48,48,31,52,39,39,33,56,9,77,57,33,33,33,0],"gold":115,"neow_bonus":"","is_prod":false,"is_daily":false,"chose_seed":false,"campfire_upgraded":1,"win_rate":0,"timestamp":1531367984,"path_taken":["M","$","M","?","?","E","M","R","T","E","R","E","?","M","R","BOSS","M","M","$","?","M"],"build_version":"2018-07-05","purchased_purges":0,"victory":false,"max_hp_per_floor":[70,70,70,70,70,70,70,70,70,70,70,77,77,77,77,77,77,77,77,77,77,77],"card_choices":[{"not_picked":["Blur","Flying Knee"],"picked":"Deadly Poison","floor":1},{"not_picked":["Reflex","Flying Knee"],"picked":"Noxious Fumes","floor":3},{"not_picked":["Choke","Flying Knee","Dodge and Roll"],"picked":"SKIP","floor":6},{"not_picked":["Leg Sweep","Terror","Quick Slash"],"picked":"SKIP","floor":7},{"not_picked":["Blade Dance","PiercingWail","Accuracy"],"picked":"SKIP","floor":10},{"not_picked":["Predator","All Out Attack","Grand Finale"],"picked":"SKIP","floor":12},{"not_picked":["Footwork","Concentrate+1"],"picked":"Backstab","floor":14},{"not_picked":["Masterful Stab","Slice"],"picked":"Deadly Poison+1","floor":18},{"not_picked":["Well Laid Plans","Predator","Poisoned Stab"],"picked":"SKIP","floor":19}],"player_experience":74961,"relics_obtained":[{"floor":6,"key":"Pen Nib"},{"floor":9,"key":"Vajra"},{"floor":10,"key":"Tough Bandages"},{"floor":12,"key":"Strawberry"}],"event_choices":[{"event_name":"Liars Game","player_choice":"agreed","floor":4,"damage_taken":0},{"event_name":"The Woman in Blue","player_choice":"Bought 1 Potion","floor":5,"damage_taken":0},{"event_name":"Dead Adventurer","player_choice":"Searched \u00271\u0027 times","floor":13,"damage_taken":0},{"event_name":"Nest","player_choice":"Stole From Cult","floor":21,"damage_taken":0}],"boss_relics":[{"not_picked":["Coffee Dripper","Runic Pyramid"],"picked":"Philosopher\u0027s Stone"}],"items_purged_floors":[],"is_endless":false,"potions_floor_spawned":[1,3,10,18],"killed_by":"Chosen and Byrds","ascension_level":0}