{"gold_per_floor":[110,129,142,156,156,156,168,168,168,168,184,184,211,190,190,190],"floor_reached":16,"playtime":977,"items_purged":[],"score":107,"play_id":"8280f87d-cee3-43db-a89f-06ba5ce914cc","local_time":"20190404221146","is_ascension_mode":true,"campfire_choices":[{"data":"Uppercut","floor":6,"key":"SMITH"},{"floor":8,"key":"REST"},{"floor":10,"key":"RECALL"},{"floor":15,"key":"REST"}],"neow_cost":"NONE","seed_source_timestamp":7394217910702,"circlet_count":0,"master_deck":["Strike_R","Strike_R","Strike_R","Strike_R","Strike_R","Defend_R","Defend_R","Defend_R","Defend_R","Bash","Dark Embrace","Uppercut+1","Disarm","Whirlwind","Metallicize","Pommel Strike","Iron Wave","Cleave"],"relics":["Burning Blood","Shuriken","Gremlin Horn","Darkstone Periapt"],"potions_floor_usage":[],"damage_taken":[{"damage":18,"enemies":"Jaw Worm","floor":1,"turns":6},{"damage":0,"enemies":"2 Louse","floor":2,"turns":3},{"damage":1,"enemies":"Small Slimes","floor":3,"turns":5},{"damage":7,"enemies":"Blue Slaver","floor":4,"turns":6},{"damage":25,"enemies":"Exordium Thugs","floor":7,"turns":9},{"damage":8,"enemies":"Large Slime","floor":11,"turns":6},{"damage":19,"enemies":"Lagavulin","floor":13,"turns":9},{"damage":67,"enemies":"Hexaghost","floor":16,"turns":16}],"seed_played":"-3414750742461245343","potions_obtained":[{"floor":2,"key":"Energy Potion"},{"floor":13,"key":"Strength Potion"}],"is_trial":false,"path_per_floor":["M","M","M","M","?","R","M","R","T","R","M","T","E","?","R","B"],"character_chosen":"IRONCLAD","items_purchased":[],"campfire_rested":2,"item_purchase_floors":[],"current_hp_per_floor":[68,74,79,78,53,53,34,58,58,58,56,56,43,43,67,0],"gold":190,"neow_bonus":"ONE_RANDOM_RARE_CARD","is_prod":false,"is_daily":false,"chose_seed":false,"campfire_upgraded":1,"win_rate":0,"timestamp":1554430306,"path_taken":["M","M","M","M","?","R","M","R","T","R","M","?","E","?","R","BOSS"],"build_version":"2019-01-23","purchased_purges":0,"victory":false,"max_hp_per_floor":[80,80,80,80,80,80,80,80,80,80,80,80,80,80,80,80],"card_choices":[{"not_picked":["Anger","Clash"],"picked":"Uppercut","floor":1},{"not_picked":["Perfected Strike","Twin Strike"],"picked":"Disarm","floor":2},{"not_picked":["Bloodletting","Perfected Strike"],"picked":"Whirlwind","floor":3},{"not_picked":["Twin Strike","Sword Boomerang"],"picked":"Metallicize","floor":4},{"not_picked":["Thunderclap","Flex"],"picked":"Pommel Strike","floor":7},{"not_picked":["Pommel Strike","Battle Trance"],"picked":"Iron Wave","floor":11},{"not_picked":["Brutality","Reckless Charge"],"picked":"Cleave","floor":13}],"player_experience":63312,"relics_obtained":[{"floor":12,"key":"Gremlin Horn"},{"floor":13,"key":"Darkstone Periapt"}],"event_choices":[{"damage_healed":0,"gold_gain":0,"player_choice":"Success","damage_taken":25,"relics_obtained":["Shuriken"],"max_hp_gain":0,"max_hp_loss":0,"event_name":"Scrap Ooze","floor":5,"gold_loss":0},{"damage_healed":0,"gold_gain":0,"player_choice":"Left Gold","damage_taken":0,"max_hp_gain":0,"max_hp_loss":0,"event_name":"World of Goop","floor":14,"gold_loss":21}],"is_beta":false,"boss_relics":[],"items_purged_floors":[],"is_endless":false,"potions_floor_spawned":[2,13],"killed_by":"Hexaghost","ascension_level":1}