{"path_per_floor":["M","?","M","?","?","E","M","M","T","M","R","M","E","$","R"],"character_chosen":"IRONCLAD","items_purchased":["Juzu Bracelet","Twin Strike"],"gold_per_floor":[115,65,84,84,84,117,142,158,211,231,231,256,289,43,43,43],"floor_reached":16,"campfire_rested":2,"playtime":782,"current_hp_per_floor":[80,80,80,80,60,66,65,59,59,54,78,67,55,55,79,0],"items_purged":["Strike_R"],"gold":43,"score":137,"play_id":"05e34f52-54e9-45d7-9ccd-eb2657902b8c","local_time":"20180519121101","is_prod":false,"is_daily":false,"chose_seed":false,"is_ascension_mode":false,"campfire_upgraded":0,"timestamp":1526757061,"campfire_choices":[{"floor":11,"key":"REST"},{"floor":15,"key":"REST"}],"path_taken":["M","?","M","?","?","E","M","M","T","?","R","M","E","?","R","BOSS"],"build_version":"2018-05-17","seed_source_timestamp":330265075877990,"purchased_purges":1,"victory":false,"master_deck":["Strike_R","Strike_R","Strike_R","Strike_R","Defend_R","Defend_R","Defend_R","Defend_R","Headbutt","Flex+1","Twin Strike"],"max_hp_per_floor":[80,80,80,80,80,80,80,80,80,80,80,80,82,82,82,82],"relics":["Burning Blood","NeowsBlessing","Golden Idol","Toxic Egg 2","Ancient Tea Set","Singing Bowl","Juzu Bracelet"],"card_choices":[{"not_picked":["Disarm","Pummel"],"picked":"Headbutt","floor":1},{"not_picked":["Iron Wave","Combust","Headbutt"],"picked":"SKIP","floor":3},{"not_picked":["Disarm","Entrench","Perfected Strike"],"picked":"SKIP","floor":6},{"not_picked":["Sword Boomerang","Havoc+1","Dropkick"],"picked":"SKIP","floor":7},{"not_picked":["Reckless Charge","Reaper","Combust"],"picked":"SKIP","floor":8},{"not_picked":["Pommel Strike","Anger"],"picked":"Flex+1","floor":10},{"not_picked":["Infernal Blade+1","Twin Strike","Anger"],"picked":"SKIP","floor":12},{"not_picked":["Rampage","Thunderclap","Twin Strike"],"picked":"Singing Bowl","floor":13}],"player_experience":72250,"potions_floor_usage":[13,16,16],"damage_taken":[{"damage":0,"enemies":"Jaw Worm","floor":1,"turns":1},{"damage":0,"enemies":"2 Louse","floor":3,"turns":1},{"damage":0,"enemies":"Gremlin Nob","floor":6,"turns":1},{"damage":7,"enemies":"Small Slimes","floor":7,"turns":4},{"damage":12,"enemies":"Looter","floor":8,"turns":4},{"damage":11,"enemies":"3 Louse","floor":10,"turns":5},{"damage":17,"enemies":"Gremlin Gang","floor":12,"turns":4},{"damage":20,"enemies":"3 Sentries","floor":13,"turns":7},{"damage":84,"enemies":"The Guardian","floor":16,"turns":13}],"relics_obtained":[{"floor":6,"key":"Toxic Egg 2"},{"floor":9,"key":"Ancient Tea Set"},{"floor":13,"key":"Singing Bowl"}],"event_choices":[{"event_name":"The Cleric","player_choice":"Card Removal","floor":2,"damage_taken":0},{"event_name":"Shining Light","player_choice":"Ignored","floor":4,"damage_taken":0},{"event_name":"Golden Idol","player_choice":"Take Damage","floor":5,"damage_taken":0}],"boss_relics":[],"potions_floor_spawned":[1,8,13],"seed_played":"-5593206034305905494","killed_by":"The Guardian","ascension_level":0,"potions_obtained":[{"floor":1,"key":"FearPotion"},{"floor":8,"key":"Fire Potion"},{"floor":13,"key":"Block Potion"}],"is_trial":false}