{"gold_per_floor":[115,115,0,0,0,29,29,59,59,87,87,101,116,151,151,247,247,262,262,262,262,275,306,1,1],"floor_reached":25,"playtime":1170,"items_purged":["Strike_B"],"score":351,"play_id":"eec79f4c-a22b-4dc1-b862-349afe7677f6","local_time":"20180707221909","is_ascension_mode":true,"campfire_choices":[{"data":"Loop","floor":7,"key":"SMITH"},{"floor":11,"key":"REST"},{"data":"Dualcast","floor":15,"key":"SMITH"}],"neow_cost":"","seed_source_timestamp":609851508120919,"circlet_count":0,"master_deck":["Strike_B","Strike_B+1","Defend_B","Defend_B","Defend_B","Defend_B","Zap+1","Dualcast+1","Coolheaded","Loop+1","Storm","Cold Snap","Gash","Compile Driver","Chill","Coolheaded","Rainbow","Consume","Coolheaded","Chill+1"],"relics":["Cracked Core","Symbiotic Virus","Letter Opener","Regal Pillow","Boot","Orichalcum","Inserter","Bottled Lightning","Gambling Chip"],"potions_floor_usage":[13,16,22,25],"damage_taken":[{"damage":2,"enemies":"Jaw Worm","floor":1,"turns":3},{"damage":27,"enemies":"Gremlin Nob","floor":6,"turns":4},{"damage":11,"enemies":"Lagavulin","floor":8,"turns":6},{"damage":0,"enemies":"3 Sentries","floor":10,"turns":6},{"damage":0,"enemies":"Small Slimes","floor":12,"turns":2},{"damage":0,"enemies":"2 Louse","floor":13,"turns":1},{"damage":11,"enemies":"Gremlin Nob","floor":14,"turns":3},{"damage":2,"enemies":"The Guardian","floor":16,"turns":10},{"damage":0,"enemies":"Spheric Guardian","floor":18,"turns":4},{"damage":13,"enemies":"Chosen","floor":22,"turns":5},{"damage":39,"enemies":"Book of Stabbing","floor":23,"turns":6},{"damage":15,"enemies":"Slavers","floor":25,"turns":8}],"seed_played":"-8835519595678616358","potions_obtained":[{"floor":6,"key":"SteroidPotion"},{"floor":8,"key":"Explosive Potion"},{"floor":12,"key":"Poison Potion"},{"floor":18,"key":"Weak Potion"},{"floor":23,"key":"EssenceOfSteel"}],"is_trial":false,"path_per_floor":["M","?","$","?","?","E","R","E","T","E","R","M","M","E","R","B",null,"M","?","?","?","M","E","$"],"character_chosen":"DEFECT","items_purchased":["Loop","Gambling Chip"],"campfire_rested":1,"item_purchase_floors":[3,24],"current_hp_per_floor":[66,51,51,44,44,17,17,6,6,6,43,43,43,32,32,30,64,64,64,64,64,51,12,12,0],"gold":1,"neow_bonus":"","is_prod":false,"is_daily":false,"chose_seed":false,"campfire_upgraded":2,"win_rate":0,"timestamp":1531027149,"path_taken":["M","?","$","?","?","E","R","E","T","E","R","M","M","E","R","BOSS","M","?","?","?","M","E","?","E"],"build_version":"2018-07-05","purchased_purges":1,"victory":false,"max_hp_per_floor":[75,75,75,75,75,75,75,75,75,75,75,75,75,75,75,75,75,75,75,75,75,75,75,75,75],"card_choices":[{"not_picked":["Scrape","Redo"],"picked":"Coolheaded","floor":1},{"not_picked":["Sweeping Beam","Skim"],"picked":"Storm","floor":6},{"not_picked":["Sweeping Beam","Multi-Cast"],"picked":"Cold Snap","floor":8},{"not_picked":["Scrape","Beam Cell"],"picked":"Gash","floor":10},{"not_picked":["Barrage","Turbo"],"picked":"Compile Driver","floor":12},{"not_picked":["Barrage","Cold Snap"],"picked":"Chill","floor":13},{"not_picked":["Rebound","Beam Cell"],"picked":"Coolheaded","floor":14},{"not_picked":["Core Surge","Reboot"],"picked":"Rainbow","floor":16},{"not_picked":["Blizzard","FTL"],"picked":"Consume","floor":18},{"not_picked":["Hologram","Cold Snap"],"picked":"Coolheaded","floor":22},{"not_picked":["Cold Snap+1","Redo"],"picked":"Chill+1","floor":23}],"player_experience":267239,"relics_obtained":[{"floor":6,"key":"Symbiotic Virus"},{"floor":8,"key":"Letter Opener"},{"floor":9,"key":"Regal Pillow"},{"floor":10,"key":"Boot"},{"floor":14,"key":"Orichalcum"},{"floor":23,"key":"Bottled Lightning"}],"event_choices":[{"event_name":"Shining Light","player_choice":"Entered Light","floor":2,"damage_taken":0},{"event_name":"Golden Wing","player_choice":"Card Removal","floor":4,"damage_taken":0},{"event_name":"World of Goop","player_choice":"Left","floor":5,"damage_taken":0},{"event_name":"Vampires","player_choice":"Ignored","floor":19,"damage_taken":0},{"event_name":"Ghosts","player_choice":"Ignored","floor":20,"damage_taken":0},{"event_name":"Addict","player_choice":"Ignored","floor":21,"damage_taken":0}],"boss_relics":[{"not_picked":["Runic Pyramid","Empty Cage"],"picked":"Inserter"}],"items_purged_floors":[3],"is_endless":false,"potions_floor_spawned":[6,8,12,18,23],"killed_by":"Slavers","ascension_level":6}