{"gold_per_floor":[113,113,2,13,13,45,45,79,79,91,119,133,133,192,192,297,297,307,78,78,78,78,109,62,62,62,62,96,109,128,157,157,261,261,275,287,297,51,51,78,92,122,122,151,165,183,200,212,212,212],"floor_reached":51,"playtime":2935,"items_purged":["Defend_B","Strike_B"],"score":1443,"play_id":"f2970721-e3c0-4104-9a70-66e61b42ddf7","local_time":"20190406223227","is_ascension_mode":true,"campfire_choices":[{"data":"Zap","floor":7,"key":"SMITH"},{"data":"Defragment","floor":13,"key":"SMITH"},{"data":"Loop","floor":15,"key":"SMITH"},{"data":"Creative AI","floor":25,"key":"SMITH"},{"data":"Defragment","floor":27,"key":"SMITH"},{"data":"Buffer","floor":32,"key":"SMITH"},{"data":"Reboot","floor":49,"key":"SMITH"}],"neow_cost":"NONE","seed_source_timestamp":26193196274664,"circlet_count":0,"master_deck":["AscendersBane","Strike_B+1","Strike_B+1","Defend_B+1","Defend_B+1","Defend_B+1","Zap+1","Dualcast","Auto Shields","Loop+1","Self Repair","Cold Snap","Leap","Defragment+1","FTL","Reboot+1","BootSequence","Creative AI+1","Steam+1","Defragment+1","Conserve Battery","Coolheaded+1","Leap+1","Darkness+1","Go for the Eyes+1","Conserve Battery+1","Buffer+1","Fission+1","Capacitor","Decay","Reboot+1","Leap+1","Hologram+1"],"relics":["Cracked Core","NeowsBlessing","Centennial Puzzle","Mercury Hourglass","Meat on the Bone","Anchor","Thread and Needle","Philosopher\u0027s Stone","Toxic Egg 2","Darkstone Periapt","Pantograph","Bronze Scales","Gremlin Horn","Question Card","Sozu","Mummified Hand","Strawberry","Bottled Tornado","Dodecahedron","Du-Vu Doll"],"potions_floor_usage":[11,14,16,23,31,31],"damage_taken":[{"damage":0,"enemies":"Cultist","floor":1,"turns":1},{"damage":0,"enemies":"2 Louse","floor":4,"turns":1},{"damage":0,"enemies":"Lagavulin","floor":6,"turns":2},{"damage":10,"enemies":"3 Sentries","floor":8,"turns":8},{"damage":7,"enemies":"Jaw Worm","floor":10,"turns":3},{"damage":20,"enemies":"Gremlin Nob","floor":11,"turns":4},{"damage":0,"enemies":"Blue Slaver","floor":12,"turns":3},{"damage":2,"enemies":"Lagavulin Event","floor":14,"turns":5},{"damage":17,"enemies":"Hexaghost","floor":16,"turns":9},{"damage":0,"enemies":"Shell Parasite","floor":18,"turns":4},{"damage":61,"enemies":"Gremlin Leader","floor":23,"turns":11},{"damage":6,"enemies":"Slavers","floor":28,"turns":6},{"damage":0,"enemies":"Chosen","floor":29,"turns":3},{"damage":23,"enemies":"Snake Plant","floor":30,"turns":3},{"damage":25,"enemies":"Gremlin Leader","floor":31,"turns":6},{"damage":8,"enemies":"Automaton","floor":33,"turns":7},{"damage":0,"enemies":"3 Shapes","floor":35,"turns":5},{"damage":0,"enemies":"Orb Walker","floor":36,"turns":6},{"damage":1,"enemies":"Sphere and 2 Shapes","floor":37,"turns":4},{"damage":0,"enemies":"Nemesis","floor":40,"turns":9},{"damage":0,"enemies":"Maw","floor":41,"turns":9},{"damage":41,"enemies":"Reptomancer","floor":42,"turns":9},{"damage":0,"enemies":"Nemesis","floor":44,"turns":7},{"damage":0,"enemies":"Spire Growth","floor":45,"turns":6},{"damage":0,"enemies":"4 Shapes","floor":46,"turns":4},{"damage":0,"enemies":"Maw","floor":47,"turns":7},{"damage":0,"enemies":"3 Darklings","floor":48,"turns":7},{"damage":0,"enemies":"Time Eater","floor":50,"turns":13}],"seed_played":"6758773341216561225","potions_obtained":[{"floor":1,"key":"SteroidPotion"},{"floor":11,"key":"Swift Potion"},{"floor":14,"key":"LiquidBronze"},{"floor":18,"key":"Swift Potion"},{"floor":29,"key":"AttackPotion"},{"floor":30,"key":"SpeedPotion"}],"is_trial":false,"path_per_floor":["M","?","$","M","?","E","R","E","T","M","E","M","R","?","R","B",null,"M","$","?","?","T","E","$","R","T","R","E","M","M","E","R","B",null,"M","M","M","$","?","E","M","E","T","E","M","M","M","M","R","B",null],"character_chosen":"DEFECT","items_purchased":["Loop","Defragment","Conserve Battery","Leap+1","Mummified Hand"],"campfire_rested":0,"item_purchase_floors":[3,19,19,24,38],"current_hp_per_floor":[68,68,68,68,68,75,75,72,72,72,59,66,66,71,71,61,72,75,75,75,75,75,33,33,33,33,33,46,46,42,36,36,60,71,75,75,75,75,81,88,88,54,54,61,68,75,82,88,88,88],"gold":212,"neow_bonus":"THREE_ENEMY_KILL","is_prod":false,"is_daily":false,"chose_seed":false,"campfire_upgraded":7,"win_rate":0,"timestamp":1554615147,"path_taken":["M","?","$","?","?","E","R","E","T","M","E","M","R","?","R","BOSS","M","$","?","?","?","E","?","R","T","R","E","M","M","E","R","BOSS","M","M","M","$","?","E","M","E","T","E","M","?","M","M","R","BOSS"],"build_version":"2019-01-23","purchased_purges":2,"victory":true,"max_hp_per_floor":[75,75,75,75,75,75,75,75,75,75,75,75,75,75,75,75,75,75,75,75,75,75,75,75,75,75,75,75,75,75,75,75,75,75,75,75,75,75,81,88,88,88,88,88,88,88,88,88,88,88],"card_choices":[{"not_picked":["Hello World","Stack"],"picked":"Auto Shields","floor":1},{"not_picked":["Coolheaded","Melter"],"picked":"Self Repair","floor":4},{"not_picked":["Amplify","Skim"],"picked":"Cold Snap","floor":6},{"not_picked":["Thunder Strike","Rebound"],"picked":"Leap","floor":8},{"not_picked":["Stack","Go for the Eyes"],"picked":"Defragment","floor":10},{"not_picked":["Double Energy","Force Field"],"picked":"FTL","floor":11},{"not_picked":["Blizzard","Compile Driver"],"picked":"Reboot","floor":12},{"not_picked":["Sweeping Beam","Coolheaded"],"picked":"BootSequence","floor":14},{"not_picked":["Electrodynamics","Biased Cognition"],"picked":"Creative AI","floor":16},{"not_picked":["Undo","Sweeping Beam"],"picked":"Steam+1","floor":18},{"not_picked":["Doom and Gloom","Beam Cell"],"picked":"Coolheaded+1","floor":23},{"not_picked":["Coolheaded+1","Sweeping Beam"],"picked":"Darkness+1","floor":28},{"not_picked":["Steam Power+1","Coolheaded+1"],"picked":"Go for the Eyes+1","floor":29},{"not_picked":["Go for the Eyes","Undo+1"],"picked":"Conserve Battery+1","floor":30},{"not_picked":["Sweeping Beam","Stack+1"],"picked":"Buffer","floor":31},{"not_picked":["Buffer","All For One","Echo Form"],"picked":"Fission+1","floor":33},{"not_picked":["Redo+1","Barrage","Coolheaded+1"],"picked":"Capacitor","floor":35},{"not_picked":["Sweeping Beam+1","Beam Cell","Redo+1","Ball Lightning"],"picked":"SKIP","floor":36},{"not_picked":["Steam+1","Consume+1","Barrage+1","Redo+1"],"picked":"SKIP","floor":37},{"not_picked":["Force Field+1","Melter","Cold Snap+1"],"picked":"Reboot+1","floor":40},{"not_picked":["Consume+1","White Noise+1","Fusion+1","Rebound"],"picked":"SKIP","floor":41},{"not_picked":["Tempest+1","Redo+1","Skim+1"],"picked":"Leap+1","floor":42},{"not_picked":["Streamline","Heatsinks+1","BootSequence+1","Skim+1"],"picked":"SKIP","floor":44},{"not_picked":["Hologram+1","Redo+1","Streamline","Compile Driver"],"picked":"SKIP","floor":45},{"not_picked":["Self Repair+1","Static Discharge+1","Stack+1"],"picked":"Hologram+1","floor":46},{"not_picked":["Scrape+1","Ball Lightning","Hello World","Sweeping Beam+1"],"picked":"SKIP","floor":47},{"not_picked":["Redo+1","Undo+1","Rip and Tear","Auto Shields+1"],"picked":"SKIP","floor":48}],"player_experience":316125,"relics_obtained":[{"floor":6,"key":"Centennial Puzzle"},{"floor":8,"key":"Mercury Hourglass"},{"floor":9,"key":"Meat on the Bone"},{"floor":11,"key":"Anchor"},{"floor":14,"key":"Thread and Needle"},{"floor":22,"key":"Darkstone Periapt"},{"floor":23,"key":"Pantograph"},{"floor":26,"key":"Bronze Scales"},{"floor":28,"key":"Gremlin Horn"},{"floor":31,"key":"Question Card"},{"floor":40,"key":"Strawberry"},{"floor":42,"key":"Bottled Tornado"},{"floor":43,"key":"Dodecahedron"},{"floor":44,"key":"Du-Vu Doll"}],"event_choices":[{"cards_removed":["Strike_B"],"damage_healed":0,"gold_gain":0,"player_choice":"Card Removal","damage_taken":0,"max_hp_gain":0,"max_hp_loss":0,"event_name":"Wheel of Change","floor":2,"gold_loss":0},{"damage_healed":0,"gold_gain":0,"player_choice":"Ignored","damage_taken":0,"max_hp_gain":0,"max_hp_loss":0,"event_name":"Liars Game","floor":5,"gold_loss":0},{"damage_healed":0,"gold_gain":30,"player_choice":"Searched \u00272\u0027 times","damage_taken":0,"max_hp_gain":0,"max_hp_loss":0,"event_name":"Dead Adventurer","floor":14,"gold_loss":0},{"damage_healed":0,"gold_gain":0,"player_choice":"Simplicity","damage_taken":0,"max_hp_gain":0,"max_hp_loss":0,"event_name":"Back to Basics","floor":20,"gold_loss":0,"cards_upgraded":["Strike_B","Strike_B","Defend_B","Defend_B","Defend_B"]},{"damage_healed":0,"gold_gain":0,"player_choice":"Opened","damage_taken":0,"relics_obtained":["Toxic Egg 2"],"max_hp_gain":0,"max_hp_loss":0,"event_name":"The Mausoleum","floor":21,"gold_loss":0},{"damage_healed":0,"gold_gain":0,"player_choice":"Cursed","damage_taken":0,"max_hp_gain":0,"max_hp_loss":0,"event_name":"Wheel of Change","floor":39,"gold_loss":0,"cards_obtained":["Decay"]}],"is_beta":false,"boss_relics":[{"not_picked":["Busted Crown","Fusion Hammer"],"picked":"Philosopher\u0027s Stone"},{"not_picked":["Runic Pyramid","Eternal Feather"],"picked":"Sozu"}],"items_purged_floors":[3,19],"is_endless":false,"potions_floor_spawned":[1,11,14,18,29,30,42,44,45,46,48],"ascension_level":11}