{"gold_per_floor":[116,116,132,132,54,89,89,99,178,190,201,213,228,255,255,352,352,322,322,421,67,67,99,99,99,99,14,14,27,27,27],"floor_reached":31,"playtime":1283,"items_purged":[],"score":317,"play_id":"8112d0cd-0f82-45a8-9109-66c5b27c24f0","local_time":"20181025123755","is_ascension_mode":true,"campfire_choices":[{"data":"Loop","floor":7,"key":"SMITH"},{"floor":15,"key":"REST"},{"floor":24,"key":"REST"},{"data":"Seek","floor":30,"key":"SMITH"}],"neow_cost":"NONE","seed_source_timestamp":133538165704693,"circlet_count":0,"master_deck":["Strike_B+1","Strike_B+1","Strike_B+1","Defend_B+1","Defend_B+1","Defend_B+1","Defend_B+1","Zap","Dualcast","Ball Lightning","Melter","Loop+1","Capacitor","Stack","Chaos","Recycle","Go for the Eyes","Compile Driver","All For One","Seek+1","Capacitor+1","Coolheaded","White Noise+1","Barrage+1"],"relics":["FrozenCore","NeowsBlessing","Omamori","Shuriken","Frozen Egg 2","Matryoshka","Letter Opener","Vajra","Question Card","Centennial Puzzle"],"potions_floor_usage":[11,11,11,13,13,18,31],"damage_taken":[{"damage":0,"enemies":"2 Louse","floor":1,"turns":1},{"damage":0,"enemies":"Jaw Worm","floor":3,"turns":1},{"damage":0,"enemies":"3 Sentries","floor":6,"turns":1},{"damage":6,"enemies":"Cultist","floor":8,"turns":3},{"damage":0,"enemies":"Large Slime","floor":10,"turns":4},{"damage":25,"enemies":"Gremlin Gang","floor":11,"turns":3},{"damage":10,"enemies":"Exordium Wildlife","floor":12,"turns":4},{"damage":9,"enemies":"Large Slime","floor":13,"turns":5},{"damage":17,"enemies":"Lagavulin","floor":14,"turns":6},{"damage":17,"enemies":"Slime Boss","floor":16,"turns":9},{"damage":17,"enemies":"2 Thieves","floor":18,"turns":2},{"damage":34,"enemies":"Book of Stabbing","floor":23,"turns":7},{"damage":0,"enemies":"Spheric Guardian","floor":29,"turns":3},{"damage":51,"enemies":"Gremlin Leader","floor":31,"turns":6}],"seed_played":"6396982395529130244","potions_obtained":[{"floor":3,"key":"PowerPotion"},{"floor":8,"key":"AttackPotion"},{"floor":10,"key":"EntropicBrew"},{"floor":14,"key":"SmokeBomb"},{"floor":25,"key":"FairyPotion"},{"floor":25,"key":"SkillPotion"}],"is_trial":false,"path_per_floor":["M","?","M","?","$","E","R","M","T","M","M","M","M","E","R","B",null,"M","?","?","$","?","E","R","?","T","?","?","M","R"],"character_chosen":"DEFECT","items_purchased":["Loop","Capacitor+1","Matryoshka","Coolheaded"],"campfire_rested":2,"item_purchase_floors":[5,21,21,21],"current_hp_per_floor":[75,75,75,75,75,75,75,69,69,69,44,34,25,8,30,13,75,58,58,58,58,49,15,37,37,37,37,37,37,37,0],"gold":27,"neow_bonus":"THREE_ENEMY_KILL","is_prod":false,"is_daily":false,"chose_seed":false,"campfire_upgraded":2,"win_rate":0,"timestamp":1540489075,"path_taken":["M","?","?","?","$","E","R","M","T","?","M","M","M","E","R","BOSS","M","?","?","$","?","E","R","?","T","?","?","M","R","E"],"build_version":"2018-10-18","purchased_purges":0,"victory":false,"max_hp_per_floor":[75,75,75,75,75,75,75,75,75,75,75,75,75,75,75,75,75,75,75,75,75,75,75,75,75,75,75,75,75,75,75],"card_choices":[{"not_picked":["Sweeping Beam","Steam"],"picked":"Ball Lightning","floor":1},{"not_picked":["Lockon","Ball Lightning"],"picked":"Melter","floor":3},{"not_picked":["Conserve Battery","Reinforced Body"],"picked":"Capacitor","floor":6},{"not_picked":["Redo","Beam Cell"],"picked":"Stack","floor":8},{"not_picked":["Recycle","Gash"],"picked":"Chaos","floor":10},{"not_picked":["Cold Snap","Rebound"],"picked":"Recycle","floor":11},{"not_picked":["Streamline","Steam"],"picked":"Go for the Eyes","floor":12},{"not_picked":["Buffer","Streamline"],"picked":"Compile Driver","floor":13},{"not_picked":["Stack","Streamline"],"picked":"All For One","floor":14},{"not_picked":["Core Surge","Thunder Strike"],"picked":"Seek","floor":16},{"not_picked":["Sweeping Beam+1","Lockon"],"picked":"White Noise+1","floor":23},{"not_picked":["Redo","Conserve Battery","Hologram+1"],"picked":"Barrage+1","floor":29}],"player_experience":198677,"relics_obtained":[{"floor":6,"key":"Omamori"},{"floor":9,"key":"Shuriken"},{"floor":14,"key":"Frozen Egg 2"},{"floor":23,"key":"Letter Opener"},{"floor":26,"key":"Vajra"},{"floor":26,"key":"Question Card"}],"event_choices":[{"damage_healed":0,"gold_gain":0,"player_choice":"Ignored","damage_taken":0,"max_hp_gain":0,"max_hp_loss":0,"event_name":"Shining Light","floor":2,"gold_loss":0},{"cards_removed":["Strike_B"],"damage_healed":0,"gold_gain":0,"player_choice":"Offered Basic","damage_taken":0,"max_hp_gain":0,"max_hp_loss":0,"event_name":"Bonfire Elementals","floor":4,"gold_loss":0},{"damage_healed":0,"gold_gain":0,"player_choice":"Simplicity","damage_taken":0,"max_hp_gain":0,"max_hp_loss":0,"event_name":"Back to Basics","floor":19,"gold_loss":0,"cards_upgraded":["Strike_B","Strike_B","Strike_B","Defend_B","Defend_B","Defend_B","Defend_B"]},{"damage_healed":0,"gold_gain":99,"player_choice":"Stole From Cult","damage_taken":0,"max_hp_gain":0,"max_hp_loss":0,"event_name":"Nest","floor":20,"gold_loss":0},{"damage_healed":0,"gold_gain":0,"player_choice":"Stopped","damage_taken":9,"max_hp_gain":0,"max_hp_loss":0,"event_name":"Cursed Tome","floor":22,"gold_loss":0},{"damage_healed":0,"gold_gain":0,"player_choice":"Got Potions","damage_taken":0,"max_hp_gain":0,"max_hp_loss":0,"event_name":"The Lab","floor":25,"gold_loss":0},{"damage_healed":0,"gold_gain":0,"player_choice":"Obtained Relic","damage_taken":0,"relics_obtained":["Centennial Puzzle"],"max_hp_gain":0,"max_hp_loss":0,"event_name":"Addict","floor":27,"gold_loss":85},{"damage_healed":0,"gold_gain":0,"player_choice":"Ignored","damage_taken":0,"max_hp_gain":0,"max_hp_loss":0,"event_name":"Beggar","floor":28,"gold_loss":0}],"is_beta":false,"boss_relics":[{"not_picked":["Orrery","Tiny House"],"picked":"FrozenCore"}],"items_purged_floors":[],"is_endless":false,"potions_floor_spawned":[3,8,10,14,18,29],"killed_by":"Gremlin Leader","ascension_level":2}