{"gold_per_floor":[112,112,14,14,24,51,71,0,0,0,0,16,36,0,0,97,97,117,117,79,79,89,89],"floor_reached":23,"playtime":749,"items_purged":["Defend_B"],"score":255,"play_id":"e3b0a128-73b4-4f46-a86e-53ebdbd48b43","local_time":"20190219191257","is_ascension_mode":true,"campfire_choices":[{"floor":11,"key":"REST"},{"floor":15,"key":"REST"}],"neow_cost":"NONE","seed_source_timestamp":265951033951608,"circlet_count":0,"master_deck":["Strike_B","Strike_B","Strike_B","Defend_B","Defend_B","Defend_B","Zap","Dualcast","Conserve Battery","Barrage","Coolheaded","Coolheaded","Melter","Defragment","Seek","Cold Snap","Self Repair","Gash+1"],"relics":["Cracked Core","Bronze Scales","Shuriken","Bag of Marbles","Inserter","MutagenicStrength"],"potions_floor_usage":[12,16,23,23,23,23],"damage_taken":[{"damage":9,"enemies":"Jaw Worm","floor":1,"turns":4},{"damage":1,"enemies":"2 Louse","floor":5,"turns":2},{"damage":52,"enemies":"Lagavulin","floor":6,"turns":9},{"damage":0,"enemies":"Small Slimes","floor":7,"turns":2},{"damage":5,"enemies":"Blue Slaver","floor":12,"turns":5},{"damage":0,"enemies":"Exordium Thugs","floor":13,"turns":4},{"damage":60,"enemies":"Slime Boss","floor":16,"turns":12},{"damage":31,"enemies":"Chosen","floor":18,"turns":5},{"damage":20,"enemies":"3 Byrds","floor":22,"turns":3},{"damage":13,"enemies":"Slavers","floor":23,"turns":1}],"seed_played":"-4385839386107597903","potions_obtained":[{"floor":7,"key":"Regen Potion"},{"floor":12,"key":"Poison Potion"},{"floor":13,"key":"Ancient Potion"},{"floor":19,"key":"Dexterity Potion"},{"floor":19,"key":"Weak Potion"},{"floor":19,"key":"EntropicBrew"}],"is_trial":false,"path_per_floor":["M","?","$","?","M","E","M","$","T","?","R","M","M","?","R","B",null,"M","?","$","?","M","E"],"character_chosen":"DEFECT","items_purchased":["Conserve Battery","Melter","Self Repair"],"campfire_rested":2,"item_purchase_floors":[3,8,20],"current_hp_per_floor":[59,64,64,57,56,4,4,4,4,4,28,37,37,37,61,1,60,29,29,29,29,9,0],"gold":89,"neow_bonus":"RANDOM_COMMON_RELIC","is_prod":false,"is_daily":false,"chose_seed":false,"campfire_upgraded":0,"win_rate":0,"timestamp":1550599977,"path_taken":["M","?","$","?","M","E","M","$","T","?","R","?","M","?","R","BOSS","M","?","?","?","M","E"],"build_version":"2019-01-23","purchased_purges":1,"victory":false,"max_hp_per_floor":[75,80,80,80,80,80,80,80,80,80,80,80,80,80,80,80,80,80,80,80,80,80,80],"card_choices":[{"not_picked":["Beam Cell","Consume","Hologram"],"picked":"SKIP","floor":1},{"not_picked":["Compile Driver","Genetic Algorithm"],"picked":"Barrage","floor":5},{"not_picked":["Fusion","Aggregate"],"picked":"Coolheaded","floor":6},{"not_picked":["Leap","Beam Cell"],"picked":"Coolheaded","floor":7},{"not_picked":["Gash","Sweeping Beam"],"picked":"Defragment","floor":12},{"not_picked":["Beam Cell","Undo","Scrape"],"picked":"SKIP","floor":13},{"not_picked":["Buffer","Biased Cognition"],"picked":"Seek","floor":16},{"not_picked":["White Noise","Leap"],"picked":"Cold Snap","floor":18},{"not_picked":["Compile Driver+1","Multi-Cast"],"picked":"Gash+1","floor":22}],"player_experience":242128,"relics_obtained":[{"floor":6,"key":"Shuriken"},{"floor":9,"key":"Bag of Marbles"}],"event_choices":[{"damage_healed":0,"gold_gain":0,"player_choice":"Donut","damage_taken":0,"max_hp_gain":5,"max_hp_loss":0,"event_name":"Big Fish","floor":2,"gold_loss":0},{"cards_removed":["Strike_B"],"damage_healed":0,"gold_gain":0,"player_choice":"Card Removal","damage_taken":7,"max_hp_gain":0,"max_hp_loss":0,"event_name":"Golden Wing","floor":4,"gold_loss":0},{"damage_healed":0,"gold_gain":0,"player_choice":"Leave","damage_taken":0,"max_hp_gain":0,"max_hp_loss":0,"event_name":"The Cleric","floor":10,"gold_loss":0},{"damage_healed":0,"gold_gain":0,"player_choice":"Left Gold","damage_taken":0,"max_hp_gain":0,"max_hp_loss":0,"event_name":"World of Goop","floor":14,"gold_loss":36},{"damage_healed":0,"gold_gain":0,"player_choice":"Got Potions","damage_taken":0,"max_hp_gain":0,"max_hp_loss":0,"event_name":"Lab","floor":19,"gold_loss":0},{"damage_healed":0,"gold_gain":0,"player_choice":"Inject Mutagens","damage_taken":0,"relics_obtained":["MutagenicStrength"],"max_hp_gain":0,"max_hp_loss":0,"event_name":"Drug Dealer","floor":21,"gold_loss":0}],"is_beta":false,"boss_relics":[{"not_picked":["Fusion Hammer","Busted Crown"],"picked":"Inserter"}],"items_purged_floors":[3],"is_endless":false,"potions_floor_spawned":[7,12,13,22],"killed_by":"Slavers","ascension_level":7}