{"gold_per_floor":[113,128,128,144,59,59,59,72,154,154,15,90,0,25,25,25],"floor_reached":16,"playtime":774,"items_purged":[],"score":176,"play_id":"382545c2-fb69-4e50-9380-993d9bdb76b3","local_time":"20190324125709","is_ascension_mode":true,"campfire_choices":[{"data":"Fission","floor":6.0,"key":"SMITH"},{"data":"Sweeping Beam","floor":10.0,"key":"SMITH"},{"floor":15.0,"key":"REST"}],"neow_cost":"NONE","seed_source_timestamp":0,"circlet_count":0,"master_deck":["AscendersBane","Strike_B","Strike_B","Strike_B","Strike_B","Defend_B","Defend_B","Defend_B","Defend_B","Zap","Dualcast","Gash","Leap","Fission+1","Coolheaded","Sweeping Beam+1","Glacier","Steam Power","Gash","Glacier","Cold Snap","Defragment","Coolheaded","Defragment","BootSequence"],"special_seed":0,"relics":["Orrery","Golden Idol","Darkstone Periapt"],"potions_floor_usage":[16],"damage_taken":[{"damage":0.0,"enemies":"Cultist","floor":1.0,"turns":4.0},{"damage":0.0,"enemies":"2 Louse","floor":2.0,"turns":4.0},{"damage":2.0,"enemies":"Jaw Worm","floor":4.0,"turns":3.0},{"damage":14.0,"enemies":"Large Slime","floor":8.0,"turns":9.0},{"damage":5.0,"enemies":"Exordium Wildlife","floor":14.0,"turns":5.0},{"damage":53,"enemies":"Hexaghost","floor":16,"turns":16}],"seed_played":"-5892708484995603254","potions_obtained":[{"floor":2.0,"key":"Fire Potion"},{"floor":4.0,"key":"LiquidBronze"},{"floor":8.0,"key":"FearPotion"},{"floor":14.0,"key":"Weak Potion"}],"is_trial":false,"path_per_floor":["M","M","?","M","$","R","?","M","T","R","$","?","$","M","R","B"],"character_chosen":"DEFECT","items_purchased":["Glacier","Defragment","Coolheaded","Defragment"],"campfire_rested":1,"item_purchase_floors":[5,11,11,13],"current_hp_per_floor":[64,64,64,62,62,62,62,48,48,48,48,37,37,32,51,0],"gold":25,"neow_bonus":"BOSS_RELIC","is_prod":false,"is_daily":false,"chose_seed":false,"campfire_upgraded":2,"win_rate":0,"timestamp":1553450229,"path_taken":["M","?","?","M","$","R","?","M","T","R","$","?","$","M","R","BOSS"],"build_version":"2019-01-23","purchased_purges":0,"victory":false,"max_hp_per_floor":[71,71,64,64,64,64,64,64,64,64,64,64,64,64,64,64],"card_choices":[{"not_picked":["Sweeping Beam","Conserve Battery"],"picked":"Gash","floor":0.0},{"not_picked":["Compile Driver","Sweeping Beam"],"picked":"Leap","floor":0.0},{"not_picked":["Heatsinks","Steam"],"picked":"Fission","floor":0.0},{"not_picked":["Gash","Capacitor"],"picked":"Coolheaded","floor":0.0},{"not_picked":["Sunder","Barrage"],"picked":"Sweeping Beam","floor":0.0},{"not_picked":["Leap","Beam Cell"],"picked":"Glacier","floor":1.0},{"not_picked":["Lockon","Storm"],"picked":"Steam Power","floor":2.0},{"not_picked":["White Noise","Double Energy"],"picked":"Gash","floor":4.0},{"not_picked":["Compile Driver","Consume"],"picked":"Cold Snap","floor":8.0},{"not_picked":["Barrage","Rip and Tear"],"picked":"BootSequence","floor":14.0}],"player_experience":815363,"relics_obtained":[{"floor":9.0,"key":"Darkstone Periapt"}],"event_choices":[{"damage_healed":0.0,"max_hp_gain":0.0,"max_hp_loss":7.0,"gold_gain":0.0,"event_name":"Golden Idol","player_choice":"Lose Max HP","floor":3.0,"gold_loss":0.0,"damage_taken":0.0,"relics_obtained":["Golden Idol"]},{"damage_healed":0.0,"max_hp_gain":0.0,"max_hp_loss":0.0,"gold_gain":0.0,"event_name":"Golden Wing","player_choice":"Ignored","floor":7.0,"gold_loss":0.0,"damage_taken":0.0},{"damage_healed":0.0,"max_hp_gain":0.0,"max_hp_loss":0.0,"gold_gain":75.0,"event_name":"World of Goop","player_choice":"Gather Gold","floor":12.0,"gold_loss":0.0,"damage_taken":11.0}],"is_beta":false,"boss_relics":[],"items_purged_floors":[],"is_endless":false,"potions_floor_spawned":[2,4,8,14],"killed_by":"Hexaghost","ascension_level":19}