{"gold_per_floor":[15,15,25,25,44,72,72,98,123,38,56,56,68,102,102,202,202,220,42,42,42,53,53],"floor_reached":23,"playtime":1395,"items_purged":[],"score":209,"play_id":"6b67abfd-51f7-4d21-967c-3de491dcc1e5","local_time":"20180623211008","is_ascension_mode":false,"campfire_choices":[{"data":"Metallicize","floor":7,"key":"SMITH"},{"data":"Armaments","floor":15,"key":"SMITH"}],"neow_cost":"NO_GOLD","seed_source_timestamp":264922082596111,"circlet_count":0,"master_deck":["Strike_R","Strike_R","Strike_R","Strike_R","Defend_R","Defend_R","Defend_R","Bash","Warcry","Limit Break","Pommel Strike","Metallicize+1","Twin Strike","Barricade","Blood for Blood","Armaments+1","Searing Blow","Ghostly Armor","Anger","Headbutt","Feed","Burning Pact","Ghostly Armor","Armaments","Bandage Up","Entrench"],"relics":["Burning Blood","Meat on the Bone","Blood Vial","Champion Belt","Bronze Scales","Boot","Velvet Choker"],"potions_floor_usage":[6,8,8,16],"damage_taken":[{"damage":10,"enemies":"Cultist","floor":1,"turns":4},{"damage":10,"enemies":"Small Slimes","floor":3,"turns":3},{"damage":8,"enemies":"2 Louse","floor":5,"turns":3},{"damage":61,"enemies":"Lagavulin","floor":6,"turns":11},{"damage":43,"enemies":"Gremlin Nob","floor":8,"turns":7},{"damage":0,"enemies":"Large Slime","floor":11,"turns":9},{"damage":11,"enemies":"Exordium Thugs","floor":13,"turns":4},{"damage":10,"enemies":"Lagavulin","floor":14,"turns":10},{"damage":18,"enemies":"Slime Boss","floor":16,"turns":11},{"damage":37,"enemies":"2 Thieves","floor":18,"turns":4},{"damage":5,"enemies":"Chosen","floor":22,"turns":7},{"damage":101,"enemies":"Gremlin Leader","floor":23,"turns":9}],"seed_played":"-1360672837052670583","potions_obtained":[{"floor":1,"key":"SkillPotion"},{"floor":5,"key":"Regen Potion"},{"floor":6,"key":"Poison Potion"},{"floor":14,"key":"BloodPotion"},{"floor":18,"key":"Weak Potion"},{"floor":22,"key":"Dexterity Potion"}],"is_trial":false,"path_per_floor":["M","T","M","?","M","E","R","E","T","$","M","?","M","E","R","B",null,"M","$","?","?","M"],"character_chosen":"IRONCLAD","items_purchased":["Armaments","Searing Blow","Ghostly Armor","Armaments","Bandage Up"],"campfire_rested":0,"item_purchase_floors":[10,10,19,19,19],"current_hp_per_floor":[76,76,72,72,70,42,42,19,19,19,39,65,62,60,60,58,80,52,52,52,79,83,0],"gold":53,"neow_bonus":"TRANSFORM_TWO_CARDS","is_prod":false,"is_daily":false,"chose_seed":false,"campfire_upgraded":2,"win_rate":0,"timestamp":1529809808,"path_taken":["M","?","M","?","?","E","R","E","T","$","M","?","M","E","R","BOSS","M","$","?","?","M","E"],"build_version":"2018-06-21v2","purchased_purges":0,"victory":false,"max_hp_per_floor":[80,80,80,80,80,80,80,80,80,80,80,80,80,80,80,80,80,83,83,83,83,83,83],"card_choices":[{"not_picked":["Feel No Pain","Cleave"],"picked":"Pommel Strike","floor":1},{"not_picked":["Headbutt","Perfected Strike"],"picked":"Metallicize","floor":3},{"not_picked":["Rupture","Cleave"],"picked":"Twin Strike","floor":5},{"not_picked":["Feel No Pain","Combust"],"picked":"Barricade","floor":6},{"not_picked":["Iron Wave","Anger"],"picked":"Blood for Blood","floor":8},{"not_picked":["Hemokinesis","Carnage"],"picked":"Ghostly Armor","floor":11},{"not_picked":["Inflame","Thunderclap"],"picked":"Anger","floor":13},{"not_picked":["Iron Wave","Intimidate"],"picked":"Headbutt","floor":14},{"not_picked":["Impervious","Offering"],"picked":"Feed","floor":16},{"not_picked":["Perfected Strike","Seeing Red"],"picked":"Burning Pact","floor":18},{"not_picked":["Clothesline","Armaments"],"picked":"Entrench","floor":22}],"player_experience":19919,"relics_obtained":[{"floor":2,"key":"Meat on the Bone"},{"floor":6,"key":"Blood Vial"},{"floor":8,"key":"Champion Belt"},{"floor":9,"key":"Bronze Scales"},{"floor":14,"key":"Boot"}],"event_choices":[{"event_name":"The Cleric","player_choice":"Leave","floor":4,"damage_taken":0},{"event_name":"Big Fish","player_choice":"Banana","floor":12,"damage_taken":0},{"event_name":"Beggar","player_choice":"Ignored","floor":20,"damage_taken":0},{"event_name":"The Library","player_choice":"Heal","floor":21,"damage_taken":0}],"boss_relics":[{"not_picked":["Calling Bell","Eternal Feather"],"picked":"Velvet Choker"}],"items_purged_floors":[],"is_endless":false,"potions_floor_spawned":[1,5,6,14,18,22],"killed_by":"Gremlin Leader","ascension_level":0}