{"gold_per_floor":[112,112,37,0,16,16,44,44,71,81,101,117,175,193,193,296,296,309,340,340,340],"floor_reached":21,"playtime":712,"items_purged":["Strike_B"],"score":240,"play_id":"f411e3ae-9081-436c-9acf-4d7111ab9ca6","local_time":"20180929194228","is_ascension_mode":true,"campfire_choices":[{"data":"Lockon","floor":6,"key":"SMITH"},{"floor":8,"key":"REST"},{"floor":15,"key":"REST"}],"neow_cost":"","seed_source_timestamp":1466519183500614,"circlet_count":0,"master_deck":["Strike_B","Strike_B","Defend_B","Defend_B","Defend_B","Defend_B","Zap","Dualcast","Gash","Lockon+1","Gash","Redo","Gash","Gash","Coolheaded","Compile Driver","Coolheaded","Defragment","Go for the Eyes","Creative AI","Conserve Battery+1","Force Field","Leap+1"],"relics":["Cracked Core","Prayer Wheel","Boot","Turnip","Red Mask","Nloth\u0027s Gift"],"potions_floor_usage":[16,19],"damage_taken":[{"damage":6,"enemies":"Cultist","floor":1,"turns":3},{"damage":0,"enemies":"Small Slimes","floor":5,"turns":2},{"damage":20,"enemies":"Gremlin Nob","floor":7,"turns":3},{"damage":7,"enemies":"Jaw Worm","floor":10,"turns":2},{"damage":6,"enemies":"Blue Slaver","floor":11,"turns":3},{"damage":3,"enemies":"Gremlin Gang","floor":12,"turns":4},{"damage":20,"enemies":"Lagavulin Event","floor":13,"turns":5},{"damage":6,"enemies":"Exordium Thugs","floor":14,"turns":4},{"damage":17,"enemies":"The Guardian","floor":16,"turns":8},{"damage":19,"enemies":"Shell Parasite","floor":18,"turns":5},{"damage":34,"enemies":"Masked Bandits","floor":19,"turns":5},{"damage":22,"enemies":"Colosseum Slavers","floor":21,"turns":5}],"seed_played":"2343313521495748599","potions_obtained":[{"floor":5,"key":"GamblersBrew"},{"floor":7,"key":"SteroidPotion"},{"floor":10,"key":"PowerPotion"},{"floor":16,"key":"FearPotion"}],"is_trial":false,"path_per_floor":["M","?","$","$","M","R","E","R","T","M","M","M","?","M","R","B",null,"M","?","?"],"character_chosen":"DEFECT","items_purchased":["Lockon"],"campfire_rested":2,"item_purchase_floors":[4],"current_hp_per_floor":[69,69,69,69,69,69,49,71,71,64,58,55,35,29,51,34,75,56,22,22,0],"gold":340,"neow_bonus":"","is_prod":false,"is_daily":false,"chose_seed":false,"campfire_upgraded":1,"win_rate":0,"timestamp":1538242948,"path_taken":["M","?","?","$","?","R","E","R","T","M","M","M","?","M","R","BOSS","M","?","?","?"],"build_version":"2018-09-27","purchased_purges":1,"victory":false,"max_hp_per_floor":[75,75,75,75,75,75,75,75,75,75,75,75,75,75,75,75,75,75,75,75,75],"card_choices":[{"not_picked":["Steam","Capacitor"],"picked":"Gash","floor":1},{"not_picked":["Redo","Genetic Algorithm"],"picked":"Gash","floor":5},{"not_picked":["Aggregate","Fusion"],"picked":"Redo","floor":7},{"not_picked":["Cold Snap","Darkness"],"picked":"Gash","floor":10},{"not_picked":["Heatsinks","Double Energy","Sweeping Beam"],"picked":"SKIP","floor":10},{"not_picked":["Barrage","Go for the Eyes"],"picked":"Gash","floor":11},{"not_picked":["Sweeping Beam","Hologram"],"picked":"Coolheaded","floor":11},{"not_picked":["Buffer","Hologram"],"picked":"Compile Driver","floor":12},{"not_picked":["Leap","Sweeping Beam"],"picked":"Coolheaded","floor":12},{"not_picked":["Sweeping Beam","BootSequence"],"picked":"Defragment","floor":13},{"not_picked":["Rip and Tear","Leap"],"picked":"Go for the Eyes","floor":14},{"not_picked":["Heatsinks","Barrage","Sunder"],"picked":"SKIP","floor":14},{"not_picked":["Thunder Strike","Fission"],"picked":"Creative AI","floor":16},{"not_picked":["Steam+1","Static Discharge"],"picked":"Conserve Battery+1","floor":18},{"not_picked":["Coolheaded","Sunder"],"picked":"Force Field","floor":18},{"not_picked":["Go for the Eyes","Turbo+1"],"picked":"Leap+1","floor":19}],"player_experience":138867,"relics_obtained":[{"floor":7,"key":"Prayer Wheel"},{"floor":9,"key":"Boot"},{"floor":13,"key":"Turnip"},{"floor":19,"key":"Red Mask"}],"event_choices":[{"event_name":"Living Wall","player_choice":"Forget","floor":2,"damage_taken":0},{"event_name":"Dead Adventurer","player_choice":"Searched \u00271\u0027 times","floor":13,"damage_taken":0},{"event_name":"Masked Bandits","player_choice":"Fought Bandits","floor":19,"damage_taken":0},{"event_name":"N\u0027loth","player_choice":"Traded a Nuclear Battery","floor":20,"damage_taken":0},{"event_name":"Colosseum","player_choice":"Fight","floor":21,"damage_taken":0}],"is_beta":false,"boss_relics":[{"not_picked":["Runic Dome","Black Star"],"picked":"Nuclear Battery"}],"items_purged_floors":[3],"is_endless":false,"potions_floor_spawned":[5,7,10,12,13,16],"killed_by":"Colosseum Slavers","ascension_level":4}