{"gold_per_floor":[367,3,21,35,47,76,76,89,89,89,89,103,122,122,122,223,223,204,218,268,279,279,279,279],"floor_reached":24,"playtime":1231,"items_purged":["Decay"],"score":210,"play_id":"346b6486-3fa7-4148-b1a1-ba2bef7793c1","local_time":"20190405001310","is_ascension_mode":true,"campfire_choices":[{"data":"Dash","floor":7,"key":"SMITH"},{"floor":10,"key":"REST"},{"floor":15,"key":"REST"},{"floor":23,"key":"REST"}],"neow_cost":"CURSE","seed_source_timestamp":815127454800050,"circlet_count":0,"master_deck":["Defend_G","Defend_G","Defend_G","Defend_G","Defend_G","Strike_G","Strike_G","Strike_G","Survivor","Neutralize","Acrobatics","Predator","Blade Dance","Escape Plan","Well Laid Plans","Predator","Caltrops","Dash+1","Outmaneuver","Sucker Punch","Accuracy+1","Envenom+1","Regret","PiercingWail+1","Caltrops+1","Deadly Poison"],"relics":["Ring of the Snake","Membership Card","Omamori","Frozen Egg 2","Calling Bell","Juzu Bracelet","Paper Crane","StoneCalendar"],"potions_floor_usage":[8,16,18,18,19],"damage_taken":[{"damage":13,"enemies":"Jaw Worm","floor":1,"turns":8},{"damage":0,"enemies":"Cultist","floor":3,"turns":3},{"damage":7,"enemies":"2 Louse","floor":4,"turns":3},{"damage":0,"enemies":"Large Slime","floor":5,"turns":5},{"damage":27,"enemies":"3 Sentries","floor":6,"turns":8},{"damage":14,"enemies":"Gremlin Gang","floor":8,"turns":4},{"damage":6,"enemies":"3 Louse","floor":12,"turns":3},{"damage":0,"enemies":"2 Fungi Beasts","floor":13,"turns":3},{"damage":34,"enemies":"Slime Boss","floor":16,"turns":11},{"damage":16,"enemies":"2 Thieves","floor":18,"turns":4},{"damage":18,"enemies":"3 Byrds","floor":19,"turns":5},{"damage":15,"enemies":"Centurion and Healer","floor":21,"turns":7},{"damage":54,"enemies":"Slavers","floor":24,"turns":3}],"seed_played":"-677155144334788924","potions_obtained":[{"floor":4,"key":"FearPotion"},{"floor":5,"key":"Swift Potion"},{"floor":13,"key":"PowerPotion"},{"floor":16,"key":"Dexterity Potion"},{"floor":18,"key":"Energy Potion"}],"is_trial":false,"path_per_floor":["M","$","M","M","M","E","R","M","T","R","?","M","M","?","R","B",null,"M","M","?","M","?","R","E"],"character_chosen":"THE_SILENT","items_purchased":["Membership Card","Predator","Blade Dance","Escape Plan"],"campfire_rested":3,"item_purchase_floors":[2,2,2,2],"current_hp_per_floor":[57,57,57,50,50,23,23,9,9,30,30,24,24,17,38,4,70,54,36,36,21,21,42,0],"gold":279,"neow_bonus":"TWO_FIFTY_GOLD","is_prod":false,"is_daily":false,"chose_seed":false,"campfire_upgraded":1,"win_rate":0,"timestamp":1554444790,"path_taken":["M","$","M","M","M","E","R","M","T","R","?","?","M","?","R","BOSS","M","M","?","M","?","R","E"],"build_version":"2019-01-23","purchased_purges":1,"victory":false,"max_hp_per_floor":[70,70,70,70,70,70,70,70,70,70,70,70,70,70,70,70,70,70,70,70,70,70,70,70],"card_choices":[{"not_picked":["Flechettes","Setup"],"picked":"Acrobatics","floor":1},{"not_picked":["Outmaneuver","Bane"],"picked":"Well Laid Plans","floor":3},{"not_picked":["Prepared","Heel Hook"],"picked":"Predator","floor":4},{"not_picked":["Outmaneuver","Distraction"],"picked":"Caltrops","floor":5},{"not_picked":["Envenom","Slice"],"picked":"Dash","floor":6},{"not_picked":["Prepared","Expertise"],"picked":"Outmaneuver","floor":8},{"not_picked":["Riddle With Holes","Outmaneuver"],"picked":"Sucker Punch","floor":12},{"not_picked":["Poisoned Stab","Acrobatics"],"picked":"Accuracy+1","floor":13},{"not_picked":["Night Terror","Venomology"],"picked":"Envenom+1","floor":16},{"not_picked":["Acrobatics","Endless Agony"],"picked":"PiercingWail+1","floor":18},{"not_picked":["Bouncing Flask+1","Flechettes"],"picked":"Caltrops+1","floor":19},{"not_picked":["Prepared","Dagger Spray"],"picked":"Deadly Poison","floor":21}],"player_experience":177597,"relics_obtained":[{"floor":6,"key":"Omamori"},{"floor":9,"key":"Frozen Egg 2"},{"floor":17,"key":"Juzu Bracelet"},{"floor":17,"key":"Paper Crane"},{"floor":17,"key":"StoneCalendar"}],"event_choices":[{"cards_removed":["Strike_G"],"damage_healed":0,"gold_gain":0,"player_choice":"Purged","damage_taken":0,"max_hp_gain":0,"max_hp_loss":0,"event_name":"Purifier","floor":11,"gold_loss":0},{"cards_removed":["Strike_G"],"damage_healed":0,"gold_gain":0,"player_choice":"Card Removal","damage_taken":7,"max_hp_gain":0,"max_hp_loss":0,"event_name":"Golden Wing","floor":14,"gold_loss":0},{"damage_healed":0,"gold_gain":100,"player_choice":"Bet on Murderer","damage_taken":0,"max_hp_gain":0,"max_hp_loss":0,"event_name":"The Joust","floor":20,"gold_loss":50},{"damage_healed":0,"gold_gain":0,"player_choice":"Ignored","damage_taken":0,"max_hp_gain":0,"max_hp_loss":0,"event_name":"Ghosts","floor":22,"gold_loss":0}],"is_beta":false,"boss_relics":[{"not_picked":["Runic Dome","Ring of the Serpent"],"picked":"Calling Bell"}],"items_purged_floors":[2],"is_endless":false,"potions_floor_spawned":[4,5,13,16,18],"killed_by":"Slavers","ascension_level":1}