{"gold_per_floor":[162,173,150,165,240,240,274,274,326,361,376,12,32,60,60,158,158,169,169,169,184,52,52,87,87,87,87,87,87,87,87,87,87],"floor_reached":33,"playtime":1896,"items_purged":["Strike_G"],"score":360,"play_id":"a2d87d30-0e3a-4068-bfb8-085540ba2363","local_time":"20190224190434","is_ascension_mode":true,"campfire_choices":[{"data":"Cloak And Dagger","floor":6.0,"key":"SMITH"},{"floor":8.0,"key":"REST"},{"floor":15.0,"key":"REST"},{"data":"Well Laid Plans","floor":23.0,"key":"SMITH"},{"floor":25,"key":"REST"},{"floor":27,"key":"REST"},{"floor":29,"key":"REST"},{"floor":32,"key":"REST"}],"neow_cost":"NONE","seed_source_timestamp":582866859792780,"circlet_count":0,"master_deck":["Defend_G","Defend_G","Defend_G","Defend_G","Defend_G","Survivor+1","Neutralize","Blade Dance","Finisher","Cloak And Dagger+1","Dagger Spray","Blade Dance","Infinite Blades","Adrenaline","Dash","Noxious Fumes","Blade Dance","Doppelganger","Prepared","Tools of the Trade","Jack Of All Trades","Expertise","Well Laid Plans+1","Accuracy","Flechettes","Storm of Steel","Bite","Bite","Bite","Bite","Bite"],"special_seed":0,"relics":["Tiny House","Pen Nib","Snake Skull","Happy Flower","The Specimen","Juzu Bracelet","White Beast Statue","Smiling Mask","Bag of Marbles","Question Card"],"potions_floor_usage":[24,24,31],"damage_taken":[{"damage":0.0,"enemies":"2 Louse","floor":1.0,"turns":4.0},{"damage":6.0,"enemies":"Cultist","floor":2.0,"turns":3.0},{"damage":0.0,"enemies":"Small Slimes","floor":4.0,"turns":3.0},{"damage":23.0,"enemies":"Lagavulin","floor":7.0,"turns":8.0},{"damage":4.0,"enemies":"3 Sentries","floor":10.0,"turns":7.0},{"damage":8.0,"enemies":"Red Slaver","floor":11.0,"turns":2.0},{"damage":6.0,"enemies":"Blue Slaver","floor":13.0,"turns":3.0},{"damage":8.0,"enemies":"Lagavulin","floor":14.0,"turns":7.0},{"damage":8.0,"enemies":"Slime Boss","floor":16.0,"turns":6.0},{"damage":0.0,"enemies":"Spheric Guardian","floor":18.0,"turns":1.0},{"damage":0.0,"enemies":"Chosen","floor":21.0,"turns":3.0},{"damage":60,"enemies":"Book of Stabbing","floor":24,"turns":6},{"damage":27,"enemies":"Colosseum Slavers","floor":31,"turns":3},{"damage":30,"enemies":"Automaton","floor":33,"turns":6}],"seed_played":"-5450032485245293535","potions_obtained":[{"floor":0.0,"key":"LiquidBronze"},{"floor":1.0,"key":"Swift Potion"},{"floor":11.0,"key":"Fire Potion"},{"floor":18.0,"key":"Fire Potion"},{"floor":21.0,"key":"LiquidBronze"},{"floor":24,"key":"FearPotion"}],"is_trial":false,"path_per_floor":["M","M","$","M","?","R","E","R","T","E","M","$","M","E","R","B",null,"M","?","?","M","$","R","E","R","T","R","?","R","?","?","R","B"],"character_chosen":"THE_SILENT","items_purchased":["Dagger Spray","Noxious Fumes","The Specimen","Well Laid Plans"],"campfire_rested":6,"item_purchase_floors":[3,12,12,22],"current_hp_per_floor":[75,69,69,69,62,62,39,61,61,57,49,49,43,35,57,49,75,75,75,75,75,75,75,15,37,37,59,59,75,52,27,42,16],"gold":87,"neow_bonus":"BOSS_RELIC","is_prod":false,"is_daily":false,"chose_seed":false,"campfire_upgraded":2,"win_rate":0,"timestamp":1551056674,"path_taken":["M","M","$","M","?","R","E","R","T","E","M","$","?","E","R","BOSS","M","?","?","M","$","R","E","R","T","R","?","R","?","?","R","BOSS"],"build_version":"2019-01-23","purchased_purges":1,"victory":false,"max_hp_per_floor":[75,75,75,75,75,75,75,75,75,75,75,75,75,75,75,75,75,75,75,75,75,75,75,75,75,75,75,75,75,52,52,52,52],"card_choices":[{"not_picked":["Leg Sweep","Poisoned Stab"],"picked":"Blade Dance","floor":0.0},{"not_picked":["Deflect","Setup"],"picked":"Finisher","floor":1.0},{"not_picked":["Poisoned Stab","Deflect"],"picked":"Cloak And Dagger","floor":2.0},{"not_picked":["Deadly Poison","Acrobatics"],"picked":"Blade Dance","floor":4.0},{"not_picked":["Bane","Terror"],"picked":"Infinite Blades","floor":7.0},{"not_picked":["Expertise","Reflex"],"picked":"Adrenaline","floor":10.0},{"not_picked":["Leg Sweep","Backstab"],"picked":"Dash","floor":11.0},{"not_picked":["Sucker Punch","Dagger Spray","Terror"],"picked":"SKIP","floor":13.0},{"not_picked":["Heel Hook","Dagger Spray"],"picked":"Blade Dance","floor":14.0},{"not_picked":["Tools of the Trade","Glass Knife"],"picked":"Doppelganger","floor":16.0},{"not_picked":["Dagger Spray","Terror"],"picked":"Prepared","floor":18.0},{"not_picked":["PiercingWail","Heel Hook"],"picked":"Expertise","floor":21.0},{"not_picked":["Wraith Form v2","All Out Attack"],"picked":"Accuracy","floor":24}],"player_experience":554600,"relics_obtained":[{"floor":7.0,"key":"Pen Nib"},{"floor":9.0,"key":"Snake Skull"},{"floor":10.0,"key":"Happy Flower"},{"floor":14.0,"key":"Juzu Bracelet"},{"floor":24,"key":"Bag of Marbles"},{"floor":26,"key":"Question Card"}],"event_choices":[{"damage_healed":0.0,"max_hp_gain":0.0,"max_hp_loss":0.0,"gold_gain":75.0,"event_name":"FaceTrader","player_choice":"Touch","floor":5.0,"gold_loss":0.0,"damage_taken":7.0},{"damage_healed":0.0,"max_hp_gain":0.0,"max_hp_loss":0.0,"gold_gain":0.0,"event_name":"Match and Keep!","player_choice":"2 cards matched","floor":19.0,"gold_loss":0.0,"damage_taken":0.0,"cards_obtained":["Tools of the Trade","Jack Of All Trades"]},{"damage_healed":0.0,"max_hp_gain":0.0,"max_hp_loss":0.0,"gold_gain":0.0,"event_name":"The Mausoleum","player_choice":"Opened","floor":20.0,"gold_loss":0.0,"damage_taken":0.0,"relics_obtained":["Smiling Mask"]},{"damage_healed":0,"gold_gain":0,"cards_transformed":["Strike_G","Strike_G"],"player_choice":"Became Test Subject","damage_taken":0,"max_hp_gain":0,"max_hp_loss":0,"event_name":"Drug Dealer","floor":28,"gold_loss":0,"cards_obtained":["Flechettes","Storm of Steel"]},{"damage_healed":0,"gold_gain":0,"player_choice":"Became a vampire","damage_taken":0,"max_hp_gain":0,"max_hp_loss":23,"event_name":"Vampires","floor":30,"gold_loss":0,"cards_obtained":["Bite","Bite","Bite","Bite","Bite"]},{"damage_healed":0,"gold_gain":0,"player_choice":"Fight","damage_taken":0,"max_hp_gain":0,"max_hp_loss":0,"event_name":"Colosseum","floor":31,"gold_loss":0},{"damage_healed":0,"gold_gain":0,"player_choice":"Fled From Nobs","damage_taken":0,"max_hp_gain":0,"max_hp_loss":0,"event_name":"Colosseum","floor":31,"gold_loss":0}],"is_beta":false,"boss_relics":[{"not_picked":["Snecko Eye","Cursed Key"],"picked":"White Beast Statue"}],"items_purged_floors":[22],"is_endless":false,"potions_floor_spawned":[1,11,13,16,18,21,24,31],"killed_by":"Automaton","ascension_level":4}