{"gold_per_floor":[18,18,33,33,46,46,46,74,74,25,25,41,74,149,149,253,253,272,241,241,50,0,25,44,44,67,85,105,105,132,46,46,46],"floor_reached":33,"playtime":2368,"items_purged":[],"score":382,"play_id":"1b6c9e0e-a018-4d29-b91f-1f0ae8f4157b","local_time":"20190312160607","is_ascension_mode":true,"campfire_choices":[{"data":"Flame Barrier","floor":6.0,"key":"SMITH"},{"data":"Barricade","floor":11.0,"key":"SMITH"},{"data":"Clash","floor":15.0,"key":"SMITH"},{"floor":29,"key":"REST"},{"floor":32,"key":"REST"}],"neow_cost":"NO_GOLD","seed_source_timestamp":0,"circlet_count":0,"master_deck":["Strike_R","Strike_R","Strike_R","Strike_R","Defend_R","Defend_R","Defend_R","Defend_R","Bash","Barricade+1","Clash+1","Shrug It Off","Flame Barrier+1","Evolve","Shrug It Off","Headbutt","Impervious","Metallicize","RitualDagger","Flame Barrier+1","Enlightenment"],"special_seed":0,"relics":["Burning Blood","Pocketwatch","Sundial","Red Skull","Busted Crown","DollysMirror","Strawberry","Singing Bowl","Bag of Preparation","Smiling Mask"],"potions_floor_usage":[23,24,24,28,28],"damage_taken":[{"damage":25.0,"enemies":"Jaw Worm","floor":1.0,"turns":6.0},{"damage":1.0,"enemies":"Cultist","floor":3.0,"turns":3.0},{"damage":0.0,"enemies":"2 Louse","floor":5.0,"turns":3.0},{"damage":0.0,"enemies":"Lagavulin","floor":8.0,"turns":18.0},{"damage":0.0,"enemies":"Large Slime","floor":12.0,"turns":15.0},{"damage":22.0,"enemies":"3 Sentries","floor":13.0,"turns":16.0},{"damage":28.0,"enemies":"The Guardian","floor":16.0,"turns":17.0},{"damage":7,"enemies":"3 Byrds","floor":18,"turns":5},{"damage":9,"enemies":"2 Thieves","floor":19,"turns":5},{"damage":56,"enemies":"Slavers","floor":23,"turns":9},{"damage":11,"enemies":"Snake Plant","floor":24,"turns":6},{"damage":0,"enemies":"Snecko","floor":27,"turns":8},{"damage":3,"enemies":"Shelled Parasite and Fungi","floor":28,"turns":7},{"damage":46,"enemies":"Gremlin Leader","floor":30,"turns":13},{"damage":63,"enemies":"Collector","floor":33,"turns":11}],"seed_played":"7900111525112730135","potions_obtained":[{"floor":1.0,"key":"Strength Potion"},{"floor":3.0,"key":"BloodPotion"},{"floor":12.0,"key":"Ancient Potion"},{"floor":23,"key":"FearPotion"},{"floor":24,"key":"Energy Potion"},{"floor":27,"key":"Swift Potion"},{"floor":28,"key":"FearPotion"},{"floor":30,"key":"Swift Potion"}],"is_trial":false,"path_per_floor":["M","?","M","?","M","R","$","E","T","$","R","M","E","?","R","B",null,"M","M","?","$","?","E","M","T","T","M","M","R","E","$","R","B"],"character_chosen":"IRONCLAD","items_purchased":["Shrug It Off","DollysMirror","Enlightenment"],"campfire_rested":2,"item_purchase_floors":[10,21,31],"current_hp_per_floor":[61,61,66,66,72,72,72,78,78,78,78,80,64,53,53,31,80,79,76,70,70,70,35,30,30,30,38,43,70,32,32,59,0],"gold":46,"neow_bonus":"THREE_RARE_CARDS","is_prod":false,"is_daily":false,"chose_seed":false,"campfire_upgraded":3,"win_rate":0,"timestamp":1552424767,"path_taken":["M","?","?","?","M","R","$","E","T","?","R","?","E","?","R","BOSS","M","M","?","$","?","E","?","?","T","?","?","R","E","$","R","BOSS"],"build_version":"2019-01-23","purchased_purges":0,"victory":false,"max_hp_per_floor":[80,80,80,80,80,80,80,80,80,80,80,80,80,80,80,80,80,80,80,80,80,80,87,87,87,87,89,91,91,93,93,93,93],"card_choices":[{"not_picked":["Berserk","Demon Form"],"picked":"Barricade","floor":0.0},{"not_picked":["Disarm","Combust"],"picked":"Clash","floor":1.0},{"not_picked":["Pummel","Havoc"],"picked":"Shrug It Off","floor":3.0},{"not_picked":["Shrug It Off","Twin Strike"],"picked":"Flame Barrier","floor":5.0},{"not_picked":["Spot Weakness","Limit Break"],"picked":"Evolve","floor":8.0},{"not_picked":["Infernal Blade","Fire Breathing","Blood for Blood"],"picked":"SKIP","floor":12.0},{"not_picked":["Sword Boomerang","Shrug It Off"],"picked":"Headbutt","floor":13.0},{"not_picked":["Exhume","Double Tap"],"picked":"Impervious","floor":16.0},{"not_picked":[],"picked":"Metallicize","floor":18},{"not_picked":["Sword Boomerang"],"picked":"SKIP","floor":19},{"not_picked":["Havoc"],"picked":"SKIP","floor":23},{"not_picked":["Reckless Charge"],"picked":"SKIP","floor":24},{"not_picked":["Wild Strike"],"picked":"Singing Bowl","floor":27},{"not_picked":["Flex+1"],"picked":"Singing Bowl","floor":28},{"not_picked":["Pummel"],"picked":"Singing Bowl","floor":30}],"player_experience":686196,"relics_obtained":[{"floor":8.0,"key":"Pocketwatch"},{"floor":9.0,"key":"Sundial"},{"floor":13.0,"key":"Red Skull"},{"floor":23,"key":"Strawberry"},{"floor":25,"key":"Singing Bowl"},{"floor":26,"key":"Bag of Preparation"},{"floor":30,"key":"Smiling Mask"}],"event_choices":[{"cards_removed":["Strike_R"],"damage_healed":0.0,"max_hp_gain":0.0,"max_hp_loss":0.0,"gold_gain":0.0,"event_name":"Purifier","player_choice":"Purged","floor":2.0,"gold_loss":0.0,"damage_taken":0.0},{"damage_healed":0.0,"max_hp_gain":0.0,"max_hp_loss":0.0,"gold_gain":0.0,"event_name":"The Cleric","player_choice":"Leave","floor":4.0,"gold_loss":0.0,"damage_taken":0.0},{"damage_healed":0.0,"max_hp_gain":0.0,"max_hp_loss":0.0,"gold_gain":75.0,"event_name":"World of Goop","player_choice":"Gather Gold","floor":14.0,"gold_loss":0.0,"damage_taken":11.0},{"damage_healed":0,"gold_gain":0,"player_choice":"Joined the Cult","damage_taken":6,"max_hp_gain":0,"max_hp_loss":0,"event_name":"Nest","floor":20,"gold_loss":0,"cards_obtained":["RitualDagger"]},{"damage_healed":0,"gold_gain":0,"player_choice":"Paid Fearfully","damage_taken":0,"max_hp_gain":0,"max_hp_loss":0,"event_name":"Masked Bandits","floor":22,"gold_loss":50}],"is_beta":false,"boss_relics":[{"not_picked":["White Beast Statue","Ectoplasm"],"picked":"Busted Crown"}],"items_purged_floors":[],"is_endless":false,"potions_floor_spawned":[1,3,12,23,24,27,28,30],"killed_by":"Collector","ascension_level":4}