{"gold_per_floor":[109,109,109,129,148,177,188,188,215,215,240,190,204,204,204,204],"floor_reached":16,"playtime":886,"items_purged":[],"score":171,"play_id":"7497544c-7a0b-4570-95c7-784cf1985ee5","local_time":"20190407142446","is_ascension_mode":true,"campfire_choices":[{"floor":8.0,"key":"REST"},{"data":"Berserk","floor":10.0,"key":"SMITH"},{"data":"Iron Wave","floor":15.0,"key":"SMITH"}],"neow_cost":"NONE","seed_source_timestamp":1175314276400900,"circlet_count":0,"master_deck":["AscendersBane","Strike_R","Strike_R","Strike_R","Strike_R","Defend_R","Defend_R","Defend_R","Defend_R","Bash","Dropkick","Berserk+1","Whirlwind","Inflame","Iron Wave+1","Blood for Blood","Clothesline","Clash"],"special_seed":0,"relics":["Burning Blood","Juzu Bracelet","Centennial Puzzle","Strawberry","Potion Belt","FaceOfCleric"],"potions_floor_usage":[16,16],"damage_taken":[{"damage":0.0,"enemies":"Small Slimes","floor":1.0,"turns":3.0},{"damage":0.0,"enemies":"Cultist","floor":4.0,"turns":4.0},{"damage":6.0,"enemies":"2 Louse","floor":5.0,"turns":3.0},{"damage":37.0,"enemies":"Gremlin Nob","floor":6.0,"turns":4.0},{"damage":31.0,"enemies":"Exordium Thugs","floor":7.0,"turns":5.0},{"damage":29.0,"enemies":"3 Sentries","floor":11.0,"turns":6.0},{"damage":14.0,"enemies":"Looter","floor":13.0,"turns":3.0},{"damage":24,"enemies":"Hexaghost","floor":16,"turns":7}],"seed_played":"-5193873040270765857","potions_obtained":[{"floor":1.0,"key":"SkillPotion"},{"floor":6.0,"key":"Swift Potion"},{"floor":7.0,"key":"PowerPotion"},{"floor":13.0,"key":"Explosive Potion"}],"is_trial":false,"path_per_floor":["M","?","?","M","M","E","M","R","T","R","E","?","M","?","R","B"],"character_chosen":"IRONCLAD","items_purchased":[],"campfire_rested":1,"item_purchase_floors":[],"current_hp_per_floor":[78,78,78,80,80,49,24,48,55,55,32,32,24,24,24,0],"gold":204,"neow_bonus":"RANDOM_COMMON_RELIC","is_prod":false,"is_daily":false,"chose_seed":false,"campfire_upgraded":2,"win_rate":0,"timestamp":1554639886,"path_taken":["M","?","?","M","M","E","M","R","T","R","E","?","M","?","R","BOSS"],"build_version":"2019-01-23","purchased_purges":0,"victory":false,"max_hp_per_floor":[80,80,80,80,80,80,80,80,87,87,87,87,87,87,87,87],"card_choices":[{"not_picked":["Cleave","True Grit"],"picked":"Dropkick","floor":1.0},{"not_picked":["Headbutt","Entrench"],"picked":"Whirlwind","floor":4.0},{"not_picked":["Armaments","Clothesline"],"picked":"Inflame","floor":5.0},{"not_picked":["Sentinel","Hemokinesis"],"picked":"Iron Wave","floor":6.0},{"not_picked":["Cleave","Double Tap"],"picked":"Blood for Blood","floor":7.0},{"not_picked":["Twin Strike","Cleave"],"picked":"Clothesline","floor":11.0},{"not_picked":["Flex","Havoc"],"picked":"Clash","floor":13.0}],"player_experience":640490,"relics_obtained":[{"floor":6.0,"key":"Centennial Puzzle"},{"floor":9.0,"key":"Strawberry"},{"floor":11.0,"key":"Potion Belt"}],"event_choices":[{"damage_healed":0.0,"max_hp_gain":0.0,"max_hp_loss":0.0,"gold_gain":0.0,"cards_transformed":["Strike_R"],"event_name":"Transmorgrifier","player_choice":"Transformed","floor":2.0,"gold_loss":0.0,"damage_taken":0.0,"cards_obtained":["Berserk"]},{"damage_healed":0.0,"max_hp_gain":0.0,"max_hp_loss":0.0,"gold_gain":0.0,"event_name":"Wheel of Change","player_choice":"Cursed","floor":3.0,"gold_loss":0.0,"damage_taken":0.0,"cards_obtained":["Decay"]},{"cards_removed":["Decay"],"damage_healed":0.0,"max_hp_gain":0.0,"max_hp_loss":0.0,"gold_gain":0.0,"event_name":"The Cleric","player_choice":"Card Removal","floor":12.0,"gold_loss":50.0,"damage_taken":0.0},{"damage_healed":0.0,"max_hp_gain":0.0,"max_hp_loss":0.0,"gold_gain":0.0,"event_name":"FaceTrader","player_choice":"Trade","floor":14.0,"gold_loss":0.0,"damage_taken":0.0,"relics_obtained":["FaceOfCleric"]}],"is_beta":false,"boss_relics":[],"items_purged_floors":[],"is_endless":false,"potions_floor_spawned":[1,6,7,13],"killed_by":"Hexaghost","ascension_level":11}