{"gold_per_floor":[118,129,129,142,152,152,181,181,249,249,263,278,67,81,81,178,178,163,174,192,192],"floor_reached":21,"playtime":1112,"items_purged":["Defend_R"],"score":185,"play_id":"c26957fe-8b2d-4dd2-bbc0-3725ceb1e87e","local_time":"20181123203811","is_ascension_mode":false,"campfire_choices":[{"data":"Flex","floor":6,"key":"SMITH"},{"floor":10,"key":"REST"},{"floor":15,"key":"REST"}],"neow_cost":"NONE","seed_source_timestamp":591418225284805,"circlet_count":0,"master_deck":["Strike_R","Strike_R","Strike_R","Strike_R","Defend_R","Defend_R","Bash","Bludgeon","Flex+1","Armaments","Warcry","Flex","Anger","Rampage","Shrug It Off","Barricade","Armaments","Bludgeon","Twin Strike","Battle Trance","Body Slam"],"relics":["Burning Blood","Bird Faced Urn","Blood Vial","Dodecahedron","Empty Cage"],"potions_floor_usage":[],"damage_taken":[{"damage":0,"enemies":"Small Slimes","floor":1,"turns":2},{"damage":1,"enemies":"Jaw Worm","floor":2,"turns":4},{"damage":0,"enemies":"Cultist","floor":4,"turns":2},{"damage":32,"enemies":"Gremlin Gang","floor":5,"turns":7},{"damage":39,"enemies":"3 Sentries","floor":7,"turns":10},{"damage":4,"enemies":"Exordium Thugs","floor":11,"turns":6},{"damage":9,"enemies":"Blue Slaver","floor":12,"turns":3},{"damage":47,"enemies":"Gremlin Gang","floor":14,"turns":7},{"damage":33,"enemies":"Hexaghost","floor":16,"turns":13},{"damage":22,"enemies":"2 Thieves","floor":18,"turns":4},{"damage":31,"enemies":"Chosen","floor":19,"turns":5},{"damage":33,"enemies":"Centurion and Healer","floor":20,"turns":6},{"damage":20,"enemies":"Snecko","floor":21,"turns":4}],"seed_played":"8156702958618626850","potions_obtained":[{"floor":2,"key":"Regen Potion"},{"floor":4,"key":"BloodPotion"},{"floor":11,"key":"PowerPotion"}],"is_trial":false,"path_per_floor":["M","M","?","M","M","R","E","?","T","R","M","M","$","M","R","B",null,"M","M","M","M"],"character_chosen":"IRONCLAD","items_purchased":["Barricade"],"campfire_rested":2,"item_purchase_floors":[13],"current_hp_per_floor":[80,80,73,79,53,53,20,20,20,44,48,47,47,10,34,11,80,64,43,18,0],"gold":192,"neow_bonus":"ONE_RANDOM_RARE_CARD","is_prod":false,"is_daily":false,"chose_seed":false,"campfire_upgraded":1,"win_rate":0.0,"timestamp":1543027091,"path_taken":["M","M","?","M","M","R","E","?","T","R","M","M","?","?","R","BOSS","M","M","?","M"],"build_version":"2018-11-15","purchased_purges":1,"victory":false,"max_hp_per_floor":[80,80,80,80,80,80,80,80,80,80,80,80,80,80,80,80,80,80,80,80,80],"card_choices":[{"not_picked":["Anger","Dual Wield"],"picked":"Flex","floor":1},{"not_picked":["Warcry","Shockwave"],"picked":"Armaments","floor":2},{"not_picked":["Power Through","Blood for Blood"],"picked":"Warcry","floor":4},{"not_picked":["Headbutt","Seeing Red"],"picked":"Flex","floor":5},{"not_picked":["Infernal Blade","Battle Trance"],"picked":"Anger","floor":7},{"not_picked":["Flex","Warcry"],"picked":"Rampage","floor":11},{"not_picked":["Uppercut","Warcry"],"picked":"Shrug It Off","floor":12},{"not_picked":["Warcry","Feed"],"picked":"Armaments","floor":14},{"not_picked":["Reaper","Barricade"],"picked":"Bludgeon","floor":16},{"not_picked":["Cleave","Disarm"],"picked":"Twin Strike","floor":18},{"not_picked":["Clothesline","Whirlwind"],"picked":"Battle Trance","floor":19},{"not_picked":["Reckless Charge","Warcry"],"picked":"Body Slam","floor":20}],"player_experience":10150,"relics_obtained":[{"floor":7,"key":"Blood Vial"},{"floor":9,"key":"Dodecahedron"}],"event_choices":[{"damage_healed":0,"gold_gain":0,"player_choice":"Success","damage_taken":7,"relics_obtained":["Bird Faced Urn"],"max_hp_gain":0,"max_hp_loss":0,"event_name":"Scrap Ooze","floor":3,"gold_loss":0},{"damage_healed":0,"gold_gain":0,"player_choice":"Ignored","damage_taken":0,"max_hp_gain":0,"max_hp_loss":0,"event_name":"Liars Game","floor":8,"gold_loss":0}],"is_beta":false,"boss_relics":[{"not_picked":["Philosopher\u0027s Stone","Coffee Dripper"],"picked":"Empty Cage"}],"items_purged_floors":[13],"is_endless":false,"potions_floor_spawned":[2,4,11,14,19,20],"killed_by":"Snecko","ascension_level":0}