{"gold_per_floor":[112,122,140,65,144,144,178,190,226,251,263,294,306,328,340,453,465,496,558,620,643,251,276,276,291,318,318],"floor_reached":27,"playtime":1591,"items_purged":["Strike_B","Strike_B"],"score":233,"play_id":"1ae93733-3935-4655-8883-5dfa7a1d68fc","local_time":"20190314211814","is_ascension_mode":false,"campfire_choices":[{"data":"Strike_B","floor":6,"key":"SMITH"},{"data":"Hyperbeam","floor":11,"key":"SMITH"},{"data":"Beam Cell","floor":13,"key":"SMITH"},{"data":"Zap","floor":15,"key":"SMITH"},{"data":"Ball Lightning","floor":24,"key":"SMITH"}],"neow_cost":"NONE","seed_source_timestamp":8785999651945,"circlet_count":0,"master_deck":["Strike_B+1","Defend_B","Defend_B","Defend_B","Defend_B","Zap+1","Dualcast","Core Surge","Ball Lightning+1","Gash","Beam Cell+1","Hologram+1","Rebound","Recycle","Gash+1","Conserve Battery","Undo","Streamline"],"relics":["Cracked Core","MawBank","SsserpentHead","Bag of Preparation","Snecko Eye","Nilry\u0027s Codex","Sling","Vajra","Regal Pillow"],"potions_floor_usage":[1,7,7,12,16,21,23,23,27],"damage_taken":[{"damage":1,"enemies":"Cultist","floor":1,"turns":3},{"damage":2,"enemies":"2 Louse","floor":2,"turns":3},{"damage":1,"enemies":"Jaw Worm","floor":3,"turns":5},{"damage":10,"enemies":"Lagavulin","floor":7,"turns":5},{"damage":8,"enemies":"Exordium Wildlife","floor":10,"turns":3},{"damage":11,"enemies":"Exordium Thugs","floor":12,"turns":5},{"damage":3,"enemies":"Red Slaver","floor":14,"turns":2},{"damage":22,"enemies":"The Guardian","floor":16,"turns":8},{"damage":0,"enemies":"Chosen","floor":18,"turns":3},{"damage":10,"enemies":"Spheric Guardian","floor":21,"turns":4},{"damage":4,"enemies":"Slavers","floor":23,"turns":4},{"damage":12,"enemies":"Snecko","floor":25,"turns":4},{"damage":41,"enemies":"Gremlin Leader","floor":27,"turns":4}],"seed_played":"1747329846257950557","potions_obtained":[{"floor":0,"key":"Swift Potion"},{"floor":0,"key":"Strength Potion"},{"floor":0,"key":"Weak Potion"},{"floor":1,"key":"Poison Potion"},{"floor":3,"key":"SkillPotion"},{"floor":10,"key":"Regen Potion"},{"floor":12,"key":"Swift Potion"},{"floor":18,"key":"GamblersBrew"},{"floor":23,"key":"LiquidBronze"},{"floor":25,"key":"Fire Potion"}],"is_trial":false,"path_per_floor":["M","M","M","$","?","R","E","?","T","M","R","M","R","M","R","B",null,"M","?","?","M","$","E","R","M","T","E"],"character_chosen":"DEFECT","items_purchased":["Sling","Conserve Battery","FearPotion","AttackPotion"],"campfire_rested":0,"item_purchase_floors":[22,22,22,22],"current_hp_per_floor":[74,72,71,71,71,71,61,61,61,53,53,56,56,53,53,31,75,75,59,59,49,49,45,45,33,33,0],"gold":318,"neow_bonus":"THREE_SMALL_POTIONS","is_prod":false,"is_daily":false,"chose_seed":false,"campfire_upgraded":5,"win_rate":0,"timestamp":1552623494,"path_taken":["M","M","?","$","?","R","E","?","T","M","R","M","R","M","R","BOSS","M","?","?","M","?","E","R","M","T","E"],"build_version":"2019-01-23","purchased_purges":2,"victory":false,"max_hp_per_floor":[75,75,75,75,75,75,75,75,75,75,75,75,75,75,75,75,75,75,75,75,75,75,75,75,75,75,75],"card_choices":[{"not_picked":["Steam","Redo","Coolheaded"],"picked":"SKIP","floor":1},{"not_picked":["Steam","Compile Driver"],"picked":"Core Surge","floor":2},{"not_picked":["Redo","Darkness"],"picked":"Ball Lightning","floor":3},{"not_picked":["Sweeping Beam","Leap"],"picked":"Hyperbeam","floor":7},{"not_picked":["Leap","Lockon"],"picked":"Gash","floor":10},{"not_picked":["Stack","Steam"],"picked":"Beam Cell","floor":12},{"not_picked":["Thunder Strike","Barrage","Consume"],"picked":"SKIP","floor":14},{"not_picked":["Barrage","BootSequence+1"],"picked":"Hologram+1","floor":18},{"not_picked":["Rebound","Hologram"],"picked":"Gash+1","floor":21},{"not_picked":["Turbo","Self Repair"],"picked":"Undo","floor":23},{"not_picked":["Core Surge","Beam Cell"],"picked":"Streamline","floor":25}],"player_experience":179183,"relics_obtained":[{"floor":7,"key":"MawBank"},{"floor":9,"key":"Bag of Preparation"},{"floor":19,"key":"Nilry\u0027s Codex"},{"floor":23,"key":"Vajra"},{"floor":26,"key":"Regal Pillow"}],"event_choices":[{"damage_healed":0,"gold_gain":79,"player_choice":"Gained Gold","damage_taken":0,"max_hp_gain":0,"max_hp_loss":0,"event_name":"Golden Wing","floor":5,"gold_loss":0},{"damage_healed":0,"gold_gain":0,"player_choice":"Trade","damage_taken":0,"relics_obtained":["SsserpentHead"],"max_hp_gain":0,"max_hp_loss":0,"event_name":"FaceTrader","floor":8,"gold_loss":0},{"damage_healed":0,"gold_gain":0,"player_choice":"Obtained Book","damage_taken":16,"max_hp_gain":0,"max_hp_loss":0,"event_name":"Cursed Tome","floor":19,"gold_loss":0},{"damage_healed":0,"gold_gain":0,"cards_transformed":["Hyperbeam","Strike_B"],"player_choice":"Became Test Subject","damage_taken":0,"max_hp_gain":0,"max_hp_loss":0,"event_name":"Drug Dealer","floor":20,"gold_loss":0,"cards_obtained":["Rebound","Recycle"]}],"is_beta":false,"boss_relics":[{"not_picked":["Pandora\u0027s Box","Calling Bell"],"picked":"Snecko Eye"}],"items_purged_floors":[4,22],"is_endless":false,"potions_floor_spawned":[1,3,10,12,18,23,25],"killed_by":"Gremlin Leader","ascension_level":0}