{"gold_per_floor":[111,127,46,59,74,100,100,115,165,165,178,208,208,220,220,220],"floor_reached":16,"playtime":1157,"items_purged":[],"score":114,"play_id":"fafb56f2-351f-43dc-a05b-256509d858b2","local_time":"20190411155620","is_ascension_mode":false,"campfire_choices":[{"data":"Juggernaut","floor":7,"key":"SMITH"},{"floor":10,"key":"REST"},{"floor":15,"key":"REST"}],"neow_cost":"NONE","seed_source_timestamp":483189530809928,"circlet_count":0,"master_deck":["Strike_R","Strike_R","Strike_R","Strike_R","Strike_R","Defend_R","Defend_R","Defend_R","Defend_R","Bash","Juggernaut+1","Headbutt","Body Slam","Feel No Pain","Combust","True Grit","Seeing Red","Twin Strike","Blood for Blood","True Grit","Thunderclap","Hemokinesis","Reaper"],"relics":["Burning Blood","Dream Catcher","Strawberry","Darkstone Periapt"],"potions_floor_usage":[6,6,11,12,16],"damage_taken":[{"damage":10,"enemies":"Small Slimes","floor":1,"turns":4},{"damage":0,"enemies":"Cultist","floor":2,"turns":4},{"damage":12,"enemies":"2 Louse","floor":4,"turns":3},{"damage":18,"enemies":"Blue Slaver","floor":5,"turns":4},{"damage":23,"enemies":"Lagavulin","floor":6,"turns":7},{"damage":8,"enemies":"3 Louse","floor":8,"turns":3},{"damage":24,"enemies":"Red Slaver","floor":11,"turns":5},{"damage":23,"enemies":"Gremlin Nob","floor":12,"turns":4},{"damage":10,"enemies":"2 Fungi Beasts","floor":14,"turns":4},{"damage":69,"enemies":"The Guardian","floor":16,"turns":8}],"seed_played":"6134680073748219956","potions_obtained":[{"floor":1,"key":"PowerPotion"},{"floor":2,"key":"EssenceOfSteel"},{"floor":6,"key":"GamblersBrew"},{"floor":8,"key":"Strength Potion"},{"floor":14,"key":"Energy Potion"}],"is_trial":false,"path_per_floor":["M","M","$","M","M","E","R","M","T","R","M","E","?","M","R","B"],"character_chosen":"IRONCLAD","items_purchased":["Feel No Pain"],"campfire_rested":2,"item_purchase_floors":[3],"current_hp_per_floor":[76,80,80,74,62,45,45,43,50,76,58,41,41,37,63,0],"gold":220,"neow_bonus":"ONE_RANDOM_RARE_CARD","is_prod":false,"is_daily":false,"chose_seed":false,"campfire_upgraded":1,"win_rate":0.0,"timestamp":1555023380,"path_taken":["M","M","$","M","M","E","R","M","T","R","M","E","?","M","R","BOSS"],"build_version":"2019-01-23","purchased_purges":0,"victory":false,"max_hp_per_floor":[80,80,80,80,80,80,80,80,87,87,87,87,87,87,87,87],"card_choices":[{"not_picked":["Ghostly Armor","Heavy Blade"],"picked":"Headbutt","floor":1},{"not_picked":["Sever Soul","Cleave"],"picked":"Body Slam","floor":2},{"not_picked":["Heavy Blade","Inflame"],"picked":"Combust","floor":4},{"not_picked":["Heavy Blade","Clothesline"],"picked":"True Grit","floor":5},{"not_picked":["Clothesline","Perfected Strike"],"picked":"Seeing Red","floor":6},{"not_picked":["Anger","Sword Boomerang"],"picked":"Twin Strike","floor":8},{"not_picked":["Carnage","Bludgeon"],"picked":"Blood for Blood","floor":10},{"not_picked":["Infernal Blade","Pommel Strike"],"picked":"True Grit","floor":11},{"not_picked":["Clothesline","Warcry"],"picked":"Thunderclap","floor":12},{"not_picked":["Anger","Combust","Blood for Blood"],"picked":"SKIP","floor":14},{"not_picked":["Perfected Strike","Body Slam"],"picked":"Reaper","floor":15}],"player_experience":40466,"relics_obtained":[{"floor":6,"key":"Dream Catcher"},{"floor":9,"key":"Strawberry"},{"floor":12,"key":"Darkstone Periapt"}],"event_choices":[{"damage_healed":0,"gold_gain":0,"player_choice":"1 cards matched","damage_taken":0,"max_hp_gain":0,"max_hp_loss":0,"event_name":"Match and Keep!","floor":13,"gold_loss":0,"cards_obtained":["Hemokinesis"]}],"is_beta":false,"boss_relics":[],"items_purged_floors":[],"is_endless":false,"potions_floor_spawned":[1,2,6,8,14],"killed_by":"The Guardian","ascension_level":0}