{"path_per_floor":["M","M","?","?","$","R","M","R","T","?","E","?","M","M","R","B",null,"M","?","?","M","M","R","M","R","T","M","M","M","$","M","R","B",null,"M","$","?","M","?","R"],"character_chosen":"DEFECT","items_purchased":["Bottled Lightning"],"gold_per_floor":[113,123,123,123,48,48,59,59,59,89,121,121,137,147,147,243,243,255,255,255,275,292,292,302,302,370,385,405,422,64,77,77,182,182,197,72,0,14,62,62,62],"floor_reached":41,"campfire_rested":3,"playtime":1795,"current_hp_per_floor":[69,63,68,68,68,68,67,67,67,67,48,48,46,39,61,40,75,67,67,67,65,45,67,62,62,62,49,53,58,58,64,64,75,75,75,75,75,42,35,57,0],"items_purged":["Strike_B","Loop","Defend_B"],"gold":62,"score":445,"play_id":"669cd810-3027-441e-960b-164c26a3e14c","local_time":"20180503094811","is_prod":false,"is_daily":false,"chose_seed":false,"is_ascension_mode":false,"campfire_upgraded":4,"timestamp":1525333691,"path_taken":["M","M","?","?","$","R","M","R","T","?","E","?","?","M","R","BOSS","M","?","?","M","M","R","M","R","T","M","M","M","$","?","R","BOSS","M","$","?","M","?","R","E"],"build_version":"2018-05-01v2","seed_source_timestamp":264853901046487,"purchased_purges":3,"victory":false,"master_deck":["Strike_B","Strike_B","Defend_B","Defend_B","Defend_B","Zap+1","Dualcast","Cold Snap+1","Cold Snap+1","Defragment+1","Creative AI+1","Self Repair","Glacier","Impulse+1","Glacier","Axe Kick+1","Chill+1"],"max_hp_per_floor":[75,75,75,75,75,75,75,75,75,75,75,75,75,75,75,75,75,75,75,75,75,75,75,75,75,75,75,75,75,75,75,75,75,75,75,75,75,75,75,75,75],"relics":["Cracked Core","Molten Egg 2","Sundial","Vajra","Ancient Tea Set","Inserter","Orichalcum","Shuriken","Bottled Lightning","Lizard Tail","Red Mask","Bird Faced Urn"],"card_choices":[{"not_picked":["Sweeping Beam","Hologram"],"picked":"Impulse","floor":1},{"not_picked":["Axe Kick","Fission"],"picked":"Cold Snap","floor":2},{"not_picked":["Skim","Capacitor"],"picked":"Cold Snap","floor":7},{"not_picked":["Sweeping Beam","Barrage"],"picked":"Loop","floor":13},{"not_picked":["Doom and Gloom","Cold Snap"],"picked":"Defragment","floor":14},{"not_picked":["Multi-Cast","Amplify"],"picked":"Creative AI","floor":16},{"not_picked":["Sweeping Beam","Streamline"],"picked":"Self Repair","floor":21},{"not_picked":["Genetic Algorithm","Hologram"],"picked":"Glacier","floor":24},{"not_picked":["Hologram","Cold Snap"],"picked":"Impulse","floor":27},{"not_picked":["Prime","Skim"],"picked":"Glacier","floor":28},{"not_picked":["Reinforced Body","Undo"],"picked":"Axe Kick","floor":35},{"not_picked":["Impulse","Leap"],"picked":"Chill","floor":39}],"player_experience":29150,"potions_floor_usage":[16,21,21,38,38,38],"damage_taken":[{"damage":6,"enemies":"Jaw Worm","floor":1,"turns":3},{"damage":6,"enemies":"Cultist","floor":2,"turns":3},{"damage":1,"enemies":"2 Louse","floor":7,"turns":3},{"damage":19,"enemies":"Gremlin Nob","floor":11,"turns":4},{"damage":2,"enemies":"2 Fungi Beasts","floor":13,"turns":3},{"damage":7,"enemies":"Blue Slaver","floor":14,"turns":3},{"damage":21,"enemies":"The Guardian","floor":16,"turns":13},{"damage":8,"enemies":"Spheric Guardian","floor":18,"turns":4},{"damage":2,"enemies":"Shell Parasite","floor":21,"turns":6},{"damage":27,"enemies":"Snake Plant","floor":22,"turns":6},{"damage":12,"enemies":"Centurion and Healer","floor":24,"turns":9},{"damage":27,"enemies":"Chosen and Byrds","floor":27,"turns":8},{"damage":3,"enemies":"Snake Plant","floor":28,"turns":5},{"damage":2,"enemies":"Snecko","floor":29,"turns":8},{"damage":1,"enemies":"Sentry and Sphere","floor":31,"turns":8},{"damage":0,"enemies":"Champ","floor":33,"turns":15},{"damage":6,"enemies":"Orb Walker","floor":35,"turns":6},{"damage":40,"enemies":"Flame Bruiser 1 Orb","floor":38,"turns":13},{"damage":55,"enemies":"Mysterious Sphere","floor":39,"turns":8},{"damage":71,"enemies":"2 Orb Walkers","floor":41,"turns":6}],"event_choices":[{"event_name":"Bonfire Elementals","player_choice":"COMMON","floor":3,"damage_taken":0},{"event_name":"Purifier","player_choice":"One Purge","floor":4,"damage_taken":0},{"event_name":"Dead Adventurer","player_choice":"Searched \u00273\u0027 times","floor":10,"damage_taken":0},{"event_name":"Accursed Blacksmith","player_choice":"Rummage","floor":12,"damage_taken":0},{"event_name":"The Mausoleum","player_choice":"Yes","floor":19,"damage_taken":0},{"event_name":"Purifier","player_choice":"One Purge","floor":20,"damage_taken":0},{"event_name":"Tomb of Lord Red Mask","player_choice":"Paid","floor":37,"damage_taken":0},{"event_name":"Mysterious Sphere","player_choice":"Fight","floor":39,"damage_taken":0}],"boss_relics":[{"not_picked":["Philosopher\u0027s Stone","Sozu"],"picked":"Inserter"},{"not_picked":["White Beast Statue","Orrery"],"picked":"Lizard Tail"}],"potions_floor_spawned":[11,13,14,18,27,29,33],"seed_played":"220166766918519222","killed_by":"2 Orb Walkers","ascension_level":0,"is_trial":false}