{"gold_per_floor":[109,109,119,136,154,187,203,203,203,235,235,251,262,262,262,361,361,380,380,23,36,52,52,0,0,69,69,81,108,108,108,108,204,204,221,221,221,221],"floor_reached":38,"playtime":1915,"items_purged":["Strike_R"],"score":629,"play_id":"d189bf16-43d4-4a00-bcd1-7780f5c74174","local_time":"20180711155542","is_ascension_mode":false,"campfire_choices":[{"floor":8.0,"key":"REST"},{"floor":11.0,"key":"REST"},{"data":"Rampage","floor":15.0,"key":"SMITH"},{"floor":23.0,"key":"REST"},{"floor":25.0,"key":"REST"},{"data":"Heavy Blade","floor":27.0,"key":"SMITH"},{"floor":30.0,"key":"REST"},{"floor":32.0,"key":"REST"}],"neow_cost":"NONE","seed_source_timestamp":0,"circlet_count":0,"master_deck":["Strike_R","Strike_R","Strike_R","Strike_R","Defend_R","Defend_R","Defend_R","Defend_R","Headbutt","Rampage+1","Flex","Heavy Blade+1","Flex","Demon Form","Feed","Inflame","Limit Break","Writhe","Parasite","Pain","True Grit+1"],"special_seed":17722,"relics":["Burning Blood","Letter Opener","Lantern","Strawberry","Runic Dome","Tiny Chest","Pantograph","Shuriken","Calling Bell","Oddly Smooth Stone","Frozen Egg 2","Mango","Regal Pillow","Girya"],"potions_floor_usage":[33],"damage_taken":[{"damage":6.0,"enemies":"Cultist","floor":1.0,"turns":4.0},{"damage":3.0,"enemies":"Small Slimes","floor":3.0,"turns":3.0},{"damage":1.0,"enemies":"Jaw Worm","floor":4.0,"turns":3.0},{"damage":10.0,"enemies":"Looter","floor":5.0,"turns":2.0},{"damage":32.0,"enemies":"3 Sentries","floor":6.0,"turns":7.0},{"damage":10.0,"enemies":"3 Louse","floor":7.0,"turns":4.0},{"damage":50.0,"enemies":"Lagavulin","floor":10.0,"turns":7.0},{"damage":5.0,"enemies":"2 Fungi Beasts","floor":12.0,"turns":4.0},{"damage":9.0,"enemies":"Blue Slaver","floor":13.0,"turns":3.0},{"damage":85.0,"enemies":"The Guardian","floor":16.0,"turns":14.0},{"damage":16.0,"enemies":"Chosen","floor":18.0,"turns":5.0},{"damage":46.0,"enemies":"2 Thieves","floor":21.0,"turns":4.0},{"damage":35.0,"enemies":"Snake Plant","floor":22.0,"turns":5.0},{"damage":12.0,"enemies":"Centurion and Healer","floor":28.0,"turns":6.0},{"damage":58.0,"enemies":"Gremlin Leader","floor":29.0,"turns":6.0},{"damage":43,"enemies":"Champ","floor":33,"turns":8},{"damage":80,"enemies":"3 Darklings","floor":35,"turns":7},{"damage":25,"floor":37,"turns":5},{"damage":58,"enemies":"Orb Walker","floor":38,"turns":5}],"seed_played":"-163716102511872118","potions_obtained":[{"floor":3.0,"key":"Energy Potion"},{"floor":5.0,"key":"Strength Potion"},{"floor":10.0,"key":"Poison Potion"},{"floor":12.0,"key":"Ancient Potion"},{"floor":21.0,"key":"EssenceOfSteel"},{"floor":22.0,"key":"Poison Potion"},{"floor":29.0,"key":"Dexterity Potion"}],"is_trial":false,"path_per_floor":["M","?","M","M","M","E","M","R","T","E","R","M","M","?","R","B",null,"M","?","$","M","M","R","?","R","T","R","M","E","R","?","R","B",null,"M","T","?"],"character_chosen":"IRONCLAD","items_purchased":["Tiny Chest","Feed"],"campfire_rested":6,"item_purchase_floors":[20,20],"current_hp_per_floor":[80,80,80,80,76,50,46,70,70,33,59,60,57,86,86,7,87,77,77,77,40,11,38,38,65,65,65,62,10,37,37,64,55,110,36,36,42,0],"gold":221,"neow_bonus":"REMOVE_CARD","is_prod":false,"is_daily":false,"chose_seed":false,"campfire_upgraded":2,"win_rate":0.0,"timestamp":1531349742,"path_taken":["M","?","M","M","M","E","M","R","T","E","R","M","M","?","R","BOSS","M","?","?","M","M","R","?","R","T","R","?","E","R","?","R","BOSS","M","?","?","M"],"build_version":"2018-07-05","purchased_purges":1,"victory":false,"max_hp_per_floor":[80,80,80,80,80,80,80,80,80,87,87,87,87,87,87,87,87,87,87,87,90,90,90,90,90,90,90,93,93,93,93,93,96,110,110,110,110,110],"card_choices":[{"not_picked":["Anger","Evolve"],"picked":"Headbutt","floor":1.0},{"not_picked":["Anger","Havoc"],"picked":"Rampage","floor":3.0},{"not_picked":["Sever Soul","Twin Strike"],"picked":"Flex","floor":4.0},{"not_picked":["Entrench","Clash"],"picked":"Heavy Blade","floor":5.0},{"not_picked":["Berserk","Shockwave","Hemokinesis"],"picked":"SKIP","floor":6.0},{"not_picked":["Twin Strike","Feel No Pain","Spot Weakness"],"picked":"SKIP","floor":7.0},{"not_picked":["Intimidate","True Grit","Headbutt"],"picked":"SKIP","floor":10.0},{"not_picked":["Havoc","Heavy Blade"],"picked":"Flex","floor":12.0},{"not_picked":["Uppercut","Pummel","Flex"],"picked":"SKIP","floor":13.0},{"not_picked":["Impervious","Exhume"],"picked":"Demon Form","floor":16.0},{"not_picked":["Cleave+1","Shrug It Off","Combust"],"picked":"SKIP","floor":18.0},{"not_picked":["Iron Wave","Combust","Headbutt"],"picked":"SKIP","floor":21.0},{"not_picked":["Perfected Strike","Clash","Clothesline"],"picked":"SKIP","floor":22.0},{"not_picked":["Flex","Sentinel","Body Slam"],"picked":"SKIP","floor":28.0},{"not_picked":["Bludgeon","Spot Weakness"],"picked":"Inflame","floor":29.0},{"not_picked":["Brutality","Exhume"],"picked":"Limit Break","floor":33},{"not_picked":["Twin Strike+1","Spot Weakness","Searing Blow"],"picked":"SKIP","floor":35},{"not_picked":["Pommel Strike+1","Thunderclap+1"],"picked":"True Grit+1","floor":37}],"player_experience":60683,"relics_obtained":[{"floor":6.0,"key":"Letter Opener"},{"floor":9.0,"key":"Lantern"},{"floor":10.0,"key":"Strawberry"},{"floor":26.0,"key":"Pantograph"},{"floor":29.0,"key":"Shuriken"},{"floor":34,"key":"Oddly Smooth Stone"},{"floor":34,"key":"Frozen Egg 2"},{"floor":34,"key":"Mango"},{"floor":36,"key":"Regal Pillow"},{"floor":37,"key":"Girya"}],"event_choices":[{"event_name":"Golden Wing","player_choice":"Ignored","floor":2.0,"damage_taken":0.0},{"event_name":"Big Fish","player_choice":"Banana","floor":14.0,"damage_taken":0.0},{"event_name":"FaceTrader","player_choice":"Leave","floor":19.0,"damage_taken":0.0},{"event_name":"Masked Bandits","player_choice":"Paid Bandits 52 gold","floor":24.0,"damage_taken":0.0},{"event_name":"Accursed Blacksmith","player_choice":"Ignore","floor":31.0,"damage_taken":0.0},{"event_name":"MindBloom","player_choice":"Fight","floor":37,"damage_taken":0}],"boss_relics":[{"not_picked":["Black Star","Empty Cage"],"picked":"Runic Dome"},{"not_picked":["Pandora\u0027s Box","Fusion Hammer"],"picked":"Calling Bell"}],"items_purged_floors":[20],"is_endless":false,"potions_floor_spawned":[3,5,10,12,21,22,29],"killed_by":"Orb Walker","ascension_level":0}