{"gold_per_floor":[118,118,132,82,95,120,132,132,202,202,2,2,17,92,92,187,187,199,46,58,72,92,125,125,125],"floor_reached":25,"playtime":1585,"items_purged":["Strike_G"],"score":328,"play_id":"fb458d4f-4eef-4d18-9e42-3a099e4c45fc","local_time":"20190224025356","is_ascension_mode":true,"campfire_choices":[{"floor":8.0,"key":"REST"},{"floor":10.0,"key":"REST"},{"data":"Blade Dance","floor":12.0,"key":"SMITH"},{"data":"Outmaneuver","floor":15.0,"key":"SMITH"},{"floor":24.0,"key":"REST"}],"neow_cost":"NONE","seed_source_timestamp":524977094336440,"circlet_count":0,"master_deck":["Defend_G","Defend_G","Defend_G","Defend_G","Defend_G","Strike_G","Strike_G","Survivor","Neutralize","Dagger Throw","Terror","Dagger Spray","Expertise","Blade Dance+1","Backstab","Accuracy","Blade Dance","Outmaneuver+1","Tools of the Trade","Cloak And Dagger","Die Die Die","Noxious Fumes","Setup+1","Escape Plan+1","Die Die Die"],"special_seed":0,"relics":["Ring of the Serpent","NeowsBlessing","Dead Branch","Meat on the Bone","Anchor"],"potions_floor_usage":[25],"damage_taken":[{"damage":0.0,"enemies":"Jaw Worm","floor":1.0,"turns":1.0},{"damage":0.0,"enemies":"Cultist","floor":3.0,"turns":1.0},{"damage":0.0,"enemies":"Small Slimes","floor":5.0,"turns":1.0},{"damage":35.0,"enemies":"Lagavulin","floor":6.0,"turns":6.0},{"damage":7.0,"enemies":"2 Fungi Beasts","floor":7.0,"turns":3.0},{"damage":7.0,"enemies":"Exordium Wildlife","floor":13.0,"turns":3.0},{"damage":0.0,"enemies":"Slime Boss","floor":16.0,"turns":5.0},{"damage":18.0,"enemies":"3 Byrds","floor":18.0,"turns":3.0},{"damage":15.0,"enemies":"Spheric Guardian","floor":20.0,"turns":5.0},{"damage":15.0,"enemies":"Cultist and Chosen","floor":21.0,"turns":5.0},{"damage":2.0,"enemies":"Snecko","floor":22.0,"turns":3.0},{"damage":38.0,"enemies":"Slavers","floor":23.0,"turns":4.0},{"damage":20,"enemies":"Book of Stabbing","floor":25,"turns":5}],"seed_played":"-4402758312462892125","potions_obtained":[{"floor":5.0,"key":"Energy Potion"},{"floor":6.0,"key":"Dexterity Potion"},{"floor":7.0,"key":"Explosive Potion"},{"floor":20.0,"key":"AttackPotion"},{"floor":23.0,"key":"FairyPotion"}],"is_trial":false,"path_per_floor":["M","?","M","?","M","E","M","R","T","R","$","R","M","?","R","B",null,"M","$","M","M","M","E","R","E"],"character_chosen":"THE_SILENT","items_purchased":["Accuracy","Blade Dance","Die Die Die","Noxious Fumes"],"campfire_rested":3,"item_purchase_floors":[11,11,19,19],"current_hp_per_floor":[70,70,70,70,70,35,28,49,49,70,70,70,63,52,52,52,70,52,52,37,34,44,18,39,19],"gold":125,"neow_bonus":"THREE_ENEMY_KILL","is_prod":false,"is_daily":false,"chose_seed":false,"campfire_upgraded":2,"win_rate":0,"timestamp":1550998436,"path_taken":["M","?","?","?","M","E","M","R","T","R","$","R","M","?","R","BOSS","M","$","M","M","M","E","R","E"],"build_version":"2019-01-23","purchased_purges":1,"victory":false,"max_hp_per_floor":[70,70,70,70,70,70,70,70,70,70,70,70,70,70,70,70,70,70,70,70,70,70,70,70,70],"card_choices":[{"not_picked":["Skewer","Flying Knee"],"picked":"Dagger Throw","floor":1.0},{"not_picked":["Flying Knee","Riddle With Holes"],"picked":"Dagger Spray","floor":3.0},{"not_picked":["Slice","Bullet Time"],"picked":"Expertise","floor":5.0},{"not_picked":["Acrobatics","Deflect"],"picked":"Blade Dance","floor":6.0},{"not_picked":["Bane","Distraction"],"picked":"Backstab","floor":7.0},{"not_picked":["Escape Plan","Slice"],"picked":"Outmaneuver","floor":13.0},{"not_picked":["Glass Knife","Malaise"],"picked":"Tools of the Trade","floor":16.0},{"not_picked":["Calculated Gamble","Footwork"],"picked":"Cloak And Dagger","floor":18.0},{"not_picked":["Tactician","Slice","Heel Hook"],"picked":"SKIP","floor":20.0},{"not_picked":["Underhanded Strike","Quick Slash"],"picked":"Setup+1","floor":21.0},{"not_picked":["Calculated Gamble","Prepared"],"picked":"Escape Plan+1","floor":22.0},{"not_picked":["Caltrops+1","Bouncing Flask"],"picked":"Die Die Die","floor":23.0}],"player_experience":551916,"relics_obtained":[{"floor":6.0,"key":"Dead Branch"},{"floor":9.0,"key":"Meat on the Bone"},{"floor":23.0,"key":"Anchor"}],"event_choices":[{"damage_healed":0.0,"max_hp_gain":0.0,"max_hp_loss":0.0,"gold_gain":0.0,"cards_transformed":["Strike_G"],"event_name":"Transmorgrifier","player_choice":"Transformed","floor":2.0,"gold_loss":0.0,"damage_taken":0.0,"cards_obtained":["Terror"]},{"cards_removed":["Strike_G"],"damage_healed":0.0,"max_hp_gain":0.0,"max_hp_loss":0.0,"gold_gain":0.0,"event_name":"The Cleric","player_choice":"Card Removal","floor":4.0,"gold_loss":50.0,"damage_taken":0.0},{"damage_healed":0.0,"max_hp_gain":0.0,"max_hp_loss":0.0,"gold_gain":75.0,"event_name":"World of Goop","player_choice":"Gather Gold","floor":14.0,"gold_loss":0.0,"damage_taken":11.0}],"is_beta":false,"boss_relics":[{"not_picked":["Philosopher\u0027s Stone","Snecko Eye"],"picked":"Ring of the Serpent"}],"items_purged_floors":[11],"is_endless":false,"potions_floor_spawned":[5,6,7,20,23],"killed_by":"Book of Stabbing","ascension_level":4}