{"path_per_floor":["M","M","M","?","M","E","M","M","T","M","R","M","M","$","R","B",null,"M","M","M","$","M","R","?","?","T","?","M","M","R","M","R","B",null,"M","?","M","?","M","R","?","M","T","R","M","R","$","M","R"],"character_chosen":"IRONCLAD","items_purchased":["Mercury Hourglass","Armaments","Evolve","Champion Belt"],"gold_per_floor":[119,135,150,100,119,152,169,187,234,250,250,268,281,37,37,135,135,152,166,179,56,69,69,69,69,96,96,116,135,135,155,155,253,253,269,269,288,288,305,305,356,368,420,420,439,439,4,23,23],"floor_reached":50,"campfire_rested":7,"playtime":3545,"current_hp_per_floor":[78,80,80,80,80,50,41,47,47,55,79,80,69,69,69,55,80,80,71,54,54,40,64,64,49,49,49,49,50,75,64,64,40,85,51,51,52,42,48,73,52,31,38,65,18,45,45,37,64],"items_purged":["Strike_R","Armaments"],"gold":23,"play_id":"ac28bd91-47f9-413e-92e2-9f38afd6a33d","is_prod":false,"is_daily":false,"is_ascension_mode":false,"campfire_upgraded":2,"path_taken":["M","?","M","?","?","E","M","M","T","M","R","M","M","$","R","BOSS","M","?","M","$","M","R","?","?","T","?","M","M","R","M","R","BOSS","M","?","M","?","M","R","?","?","T","R","M","R","$","M","R","BOSS"],"build_version":"2018-01-25-PROD3","purchased_purges":2,"victory":false,"master_deck":["Strike_R+1","Strike_R+1","Defend_R+1","Defend_R+1","Defend_R+1","Bash+1","Flame Barrier","Anger+1","Power Through","Inflame","Blood for Blood+1","Wild Strike","Demon Form","Evolve","Metallicize","Cleave+1","Armaments+1","Infernal Blade+1","Immolate","Flame Barrier+1","Immolate","Pummel+1","Pommel Strike","Madness","Madness","Wild Strike+1","Wild Strike+1","Evolve"],"max_hp_per_floor":[80,80,80,80,80,80,80,80,80,80,80,80,80,80,80,80,80,80,80,80,80,80,80,80,85,85,85,85,85,85,85,85,85,85,85,85,85,85,85,85,85,85,92,92,92,92,92,92,92],"relics":["Burning Blood","Blood Vial","Oddly Smooth Stone","Mercury Hourglass","Velvet Choker","Whetstone","Lizard Tail","Ice Cream","Strawberry","Champion Belt"],"card_choices":[{"not_picked":["Cleave","Dropkick"],"picked":"Flame Barrier"},{"not_picked":["Hemokinesis","Disarm"],"picked":"Anger"},{"not_picked":["Twin Strike","Rupture"],"picked":"Power Through"},{"not_picked":["Reckless Charge","Body Slam"],"picked":"Inflame"},{"not_picked":["Perfected Strike","Twin Strike"],"picked":"Blood for Blood"},{"not_picked":["Disarm","Burning Pact"],"picked":"Wild Strike"},{"not_picked":["Feed","Double Tap"],"picked":"Demon Form"},{"not_picked":["Sword Boomerang","Anger"],"picked":"Evolve"},{"not_picked":["Clash","Armaments"],"picked":"Metallicize"},{"not_picked":["Heavy Blade","Clothesline"],"picked":"Cleave"},{"not_picked":["Fire Breathing","Shrug It Off"],"picked":"Armaments"},{"not_picked":["Sword Boomerang","Shrug It Off"],"picked":"Infernal Blade"},{"not_picked":["Armaments","Clash"],"picked":"Immolate"},{"not_picked":["Feel No Pain","Warcry"],"picked":"Flame Barrier"},{"not_picked":["Offering","Fiend Fire"],"picked":"Immolate"},{"not_picked":["Shrug It Off","Heavy Blade"],"picked":"Pummel"},{"not_picked":["Rupture","Armaments"],"picked":"Pommel Strike"},{"not_picked":["Clothesline","Combust"],"picked":"Wild Strike"},{"not_picked":["Warcry","Body Slam"],"picked":"Wild Strike"}],"player_experience":36217,"potions_floor_usage":[6,6,16,16,20,22,29,33,39,41,48],"damage_taken":[{"damage":8,"enemies":"Blue Slaver","floor":1,"turns":8},{"damage":1,"enemies":"Cultist","floor":2,"turns":4},{"damage":5,"enemies":"2 Louse","floor":3,"turns":4},{"damage":0,"enemies":"Looter","floor":5,"turns":5},{"damage":51,"enemies":"Lagavulin","floor":6,"turns":10},{"damage":17,"enemies":"Gremlin Gang","floor":7,"turns":5},{"damage":2,"enemies":"Exordium Wildlife","floor":8,"turns":9},{"damage":0,"enemies":"Looter","floor":10,"turns":4},{"damage":0,"enemies":"2 Fungi Beasts","floor":12,"turns":4},{"damage":17,"enemies":"Large Slime","floor":13,"turns":8},{"damage":22,"enemies":"The Guardian","floor":16,"turns":10},{"damage":2,"enemies":"Chosen","floor":18,"turns":4},{"damage":15,"enemies":"3 Byrds","floor":19,"turns":3},{"damage":25,"enemies":"Slaver and Parasite","floor":20,"turns":7},{"damage":22,"enemies":"Sentry and Sphere","floor":22,"turns":6},{"damage":8,"enemies":"Centurion and Healer","floor":28,"turns":6},{"damage":7,"enemies":"Slaver and Parasite","floor":29,"turns":7},{"damage":19,"enemies":"Snecko","floor":31,"turns":6},{"damage":47,"enemies":"Collector","floor":33,"turns":11},{"damage":40,"enemies":"3 Darklings","floor":35,"turns":5},{"damage":7,"enemies":"Orb Walker","floor":37,"turns":3},{"damage":44,"enemies":"Sphere and 2 Shapes","floor":39,"turns":10},{"damage":29,"enemies":"Mysterious Sphere","floor":41,"turns":8},{"damage":29,"enemies":"3 Darklings","floor":42,"turns":5},{"damage":55,"enemies":"Maw","floor":45,"turns":9},{"damage":16,"enemies":"Sphere and 2 Shapes","floor":48,"turns":4},{"damage":69,"enemies":"Donu and Deca","floor":50,"turns":5}],"event_choices":[{"event_name":"The Cleric","player_choice":"Card Removal","floor":4,"damage_taken":0},{"event_name":"Back to Basics","player_choice":"Simplicity","floor":24,"damage_taken":0},{"event_name":"Forgotten Altar","player_choice":"Shed Blood","floor":25,"damage_taken":0},{"event_name":"Drug Dealer","player_choice":"Ignored","floor":27,"damage_taken":0},{"event_name":"Winding Halls","player_choice":"Embrace Madness","floor":38,"damage_taken":0},{"event_name":"Mysterious Sphere","player_choice":"Fight","floor":41,"damage_taken":0}],"boss_relics":[{"not_picked":["Sozu","Orrery"],"picked":"Velvet Choker"},{"not_picked":["Black Blood","Runic Dome"],"picked":"Lizard Tail"}],"potions_floor_spawned":[2,3,8,10,12,18,20,22,31,37,45],"seed_played":"7718073355762993680","killed_by":"Donu and Deca","ascension_level":0,"is_trial":false}