{"gold_per_floor":[109,123,133,29,48,80,80,90,90,122,147,159,171,199,211,322,334,361,392,421,451,463,500,512,534,576,588,41,41,55,70,70,173,173,184,6,20,20,33,33],"floor_reached":40,"playtime":2673,"items_purged":["Strike_G","Strike_G"],"score":424,"play_id":"0bae865e-1369-47b9-933c-b8137cf79bdf","local_time":"20190408232313","is_ascension_mode":false,"campfire_choices":[{"data":"Bouncing Flask","floor":7,"key":"SMITH"},{"data":"Neutralize","floor":12,"key":"SMITH"},{"data":"PiercingWail","floor":15,"key":"SMITH"},{"floor":24,"key":"RECALL"},{"floor":27,"key":"REST"},{"floor":29,"key":"REST"},{"floor":32,"key":"REST"}],"neow_cost":"NONE","seed_source_timestamp":1156245127345517,"circlet_count":0,"master_deck":["Defend_G","Defend_G","Defend_G","Defend_G","Defend_G","Strike_G","Strike_G","Survivor","Neutralize+1","Endless Agony","Dagger Throw","Footwork","Heel Hook","Sucker Punch","Bouncing Flask+1","Dagger Spray","Backflip","PiercingWail+1","Escape Plan","Deflect+1","Backflip","Calculated Gamble","Concentrate","Deflect+1","Malaise","Well Laid Plans","Dodge and Roll","Backstab"],"relics":["Ring of the Serpent","Bag of Preparation","The Specimen","Paper Crane","MawBank","Sozu","WingedGreaves","Tiny Chest","Blood Vial","Singing Bowl"],"potions_floor_usage":[18,23,23],"damage_taken":[{"damage":0,"enemies":"Small Slimes","floor":1,"turns":5},{"damage":1,"enemies":"Jaw Worm","floor":2,"turns":4},{"damage":0,"enemies":"Cultist","floor":3,"turns":3},{"damage":0,"enemies":"Exordium Wildlife","floor":5,"turns":2},{"damage":10,"enemies":"Gremlin Nob","floor":6,"turns":4},{"damage":16,"enemies":"Lots of Slimes","floor":8,"turns":3},{"damage":11,"enemies":"Lagavulin","floor":10,"turns":5},{"damage":0,"enemies":"Red Slaver","floor":11,"turns":3},{"damage":0,"enemies":"2 Fungi Beasts","floor":14,"turns":2},{"damage":4,"enemies":"Hexaghost","floor":16,"turns":14},{"damage":17,"enemies":"2 Thieves","floor":18,"turns":4},{"damage":1,"enemies":"Chosen","floor":19,"turns":4},{"damage":10,"enemies":"Centurion and Healer","floor":20,"turns":9},{"damage":23,"enemies":"Snecko","floor":21,"turns":7},{"damage":15,"enemies":"Book of Stabbing","floor":23,"turns":7},{"damage":3,"enemies":"Shelled Parasite and Fungi","floor":25,"turns":8},{"damage":8,"enemies":"Centurion and Healer","floor":30,"turns":7},{"damage":8,"enemies":"Sentry and Sphere","floor":31,"turns":8},{"damage":66,"enemies":"Collector","floor":33,"turns":13},{"damage":4,"enemies":"3 Shapes","floor":35,"turns":6},{"damage":0,"enemies":"Orb Walker","floor":37,"turns":5},{"damage":7,"enemies":"4 Shapes","floor":39,"turns":7},{"damage":71,"enemies":"Reptomancer","floor":40,"turns":9}],"seed_played":"7191765781850086105","potions_obtained":[{"floor":2,"key":"Strength Potion"},{"floor":5,"key":"AttackPotion"},{"floor":11,"key":"Regen Potion"}],"is_trial":false,"path_per_floor":["M","M","M","$","M","E","R","M","T","E","M","R","?","M","R","B",null,"M","M","M","M","?","E","R","M","T","R","$","R","M","M","R","B",null,"M","$","M","?","M","E"],"character_chosen":"THE_SILENT","items_purchased":["Footwork","Heel Hook","Blood Vial","Concentrate","Singing Bowl","Well Laid Plans"],"campfire_rested":3,"item_purchase_floors":[4,4,28,28,28,36],"current_hp_per_floor":[70,69,69,69,69,59,59,43,43,32,32,32,55,55,55,51,70,53,52,42,19,19,19,19,16,16,37,37,58,54,48,69,5,72,70,70,72,72,69,0],"gold":33,"neow_bonus":"RANDOM_COMMON_RELIC","is_prod":false,"is_daily":false,"chose_seed":false,"campfire_upgraded":3,"win_rate":0,"timestamp":1554787393,"path_taken":["M","M","M","$","M","E","R","M","T","E","M","R","?","M","R","BOSS","M","M","M","M","?","E","R","?","T","R","$","R","M","M","R","BOSS","M","$","M","?","M","E"],"build_version":"2019-01-23","purchased_purges":2,"victory":false,"max_hp_per_floor":[70,70,70,70,70,70,70,70,70,70,70,70,70,70,70,70,70,70,70,70,70,70,70,70,70,70,70,70,70,72,72,72,72,72,74,74,74,74,76,76],"card_choices":[{"not_picked":["Flying Knee","Underhanded Strike"],"picked":"Endless Agony","floor":1},{"not_picked":["Underhanded Strike","Bane"],"picked":"Dagger Throw","floor":2},{"not_picked":["Outmaneuver","Bane","Eviscerate"],"picked":"SKIP","floor":3},{"not_picked":["Slice","Cloak And Dagger"],"picked":"Sucker Punch","floor":5},{"not_picked":["Poisoned Stab","Deadly Poison"],"picked":"Bouncing Flask","floor":6},{"not_picked":["Endless Agony","Prepared"],"picked":"Dagger Spray","floor":8},{"not_picked":["Sucker Punch","Flying Knee","Underhanded Strike"],"picked":"SKIP","floor":10},{"not_picked":["Distraction","Envenom"],"picked":"Backflip","floor":11},{"not_picked":["Endless Agony","Calculated Gamble"],"picked":"PiercingWail","floor":14},{"not_picked":["Blade Dance+1","Outmaneuver"],"picked":"Escape Plan","floor":18},{"not_picked":["Outmaneuver","Underhanded Strike+1"],"picked":"Deflect+1","floor":19},{"not_picked":["Finisher+1","Cloak And Dagger+1","Dagger Spray+1"],"picked":"SKIP","floor":20},{"not_picked":["Bane","Acrobatics"],"picked":"Backflip","floor":21},{"not_picked":["All Out Attack","Setup"],"picked":"Calculated Gamble","floor":23},{"not_picked":["Doppelganger","Bane+1","Reflex"],"picked":"SKIP","floor":25},{"not_picked":["Underhanded Strike+1","Distraction","Flechettes"],"picked":"Singing Bowl","floor":30},{"not_picked":["Skewer","Dagger Spray"],"picked":"Deflect+1","floor":31},{"not_picked":["Night Terror","A Thousand Cuts"],"picked":"Malaise","floor":33},{"not_picked":["Deflect","Riddle With Holes","Prepared"],"picked":"Singing Bowl","floor":35},{"not_picked":["Slice","Poisoned Stab"],"picked":"Dodge and Roll","floor":37},{"not_picked":["Setup+1","Dagger Throw+1","Poisoned Stab+1"],"picked":"Singing Bowl","floor":39}],"player_experience":202804,"relics_obtained":[{"floor":6,"key":"The Specimen"},{"floor":9,"key":"Paper Crane"},{"floor":10,"key":"MawBank"},{"floor":23,"key":"WingedGreaves"},{"floor":26,"key":"Tiny Chest"}],"event_choices":[{"damage_healed":23,"gold_gain":0,"player_choice":"Banana","damage_taken":0,"max_hp_gain":0,"max_hp_loss":0,"event_name":"Big Fish","floor":13,"gold_loss":0},{"damage_healed":0,"gold_gain":0,"player_choice":"Got Potions","damage_taken":0,"max_hp_gain":0,"max_hp_loss":0,"event_name":"Lab","floor":22,"gold_loss":0},{"damage_healed":0,"gold_gain":0,"cards_transformed":["Strike_G"],"player_choice":"Transformed","damage_taken":0,"max_hp_gain":0,"max_hp_loss":0,"event_name":"Transmorgrifier","floor":38,"gold_loss":0,"cards_obtained":["Backstab"]}],"is_beta":false,"boss_relics":[{"not_picked":["Pandora\u0027s Box","Black Star"],"picked":"Sozu"},{"not_picked":["Philosopher\u0027s Stone","Tiny House"],"picked":"Ring of the Serpent"}],"items_purged_floors":[28,36],"is_endless":false,"potions_floor_spawned":[2,5,11,19,21,30,31,33],"killed_by":"Reptomancer","ascension_level":0}