{"gold_per_floor":[112,112,112,130,149,149,161,186,186,186,186,186,198,227,227,326,326,338,350,367,68,0,0,29,29,29,29,49,49,49,49,49,49],"floor_reached":33,"playtime":2948,"items_purged":[],"score":273,"play_id":"6b3435a7-f25b-4336-8eb6-4a3d6ad9ec03","local_time":"20190311223929","is_ascension_mode":false,"campfire_choices":[{"data":"Perfected Strike","floor":6.0,"key":"SMITH"},{"data":"Double Tap","floor":10.0,"key":"SMITH"},{"data":"Twin Strike","floor":12.0,"key":"SMITH"},{"data":"Iron Wave","floor":15.0,"key":"SMITH"},{"floor":23,"key":"REST"},{"floor":27,"key":"REST"},{"floor":32,"key":"REST"}],"neow_cost":"NONE","seed_source_timestamp":0,"circlet_count":0,"master_deck":["Strike_R","Strike_R","Strike_R","Strike_R","Defend_R","Defend_R","Defend_R","Perfected Strike+1","Iron Wave+1","Twin Strike+1","Double Tap+1","Juggernaut","Intimidate","Warcry+1","Feel No Pain"],"special_seed":0,"relics":["Black Blood","Juzu Bracelet","Bottled Lightning","Shuriken","StoneCalendar","Anchor","Self Forming Clay"],"potions_floor_usage":[33,33],"damage_taken":[{"damage":8.0,"enemies":"Small Slimes","floor":1.0,"turns":3.0},{"damage":11.0,"enemies":"Jaw Worm","floor":4.0,"turns":3.0},{"damage":0.0,"enemies":"Cultist","floor":5.0,"turns":4.0},{"damage":23.0,"enemies":"Lots of Slimes","floor":7.0,"turns":5.0},{"damage":12.0,"enemies":"3 Sentries","floor":8.0,"turns":6.0},{"damage":3.0,"enemies":"2 Fungi Beasts","floor":13.0,"turns":3.0},{"damage":26.0,"enemies":"Lagavulin","floor":14.0,"turns":4.0},{"damage":57.0,"enemies":"The Guardian","floor":16.0,"turns":13.0},{"damage":34,"enemies":"2 Thieves","floor":18,"turns":5},{"damage":10,"enemies":"Spheric Guardian","floor":19,"turns":3},{"damage":36,"enemies":"Snake Plant","floor":20,"turns":4},{"damage":40,"enemies":"Slavers","floor":24,"turns":7},{"damage":23,"enemies":"Sentry and Sphere","floor":28,"turns":5},{"damage":104,"enemies":"Automaton","floor":33,"turns":6}],"seed_played":"1502650451662434305","potions_obtained":[{"floor":4.0,"key":"FairyPotion"},{"floor":7.0,"key":"Regen Potion"},{"floor":14.0,"key":"GamblersBrew"},{"floor":16.0,"key":"FearPotion"},{"floor":20,"key":"Fire Potion"}],"is_trial":false,"path_per_floor":["M","?","?","M","M","R","M","E","T","R","?","R","M","E","R","B",null,"M","M","M","$","?","R","E","$","T","R","M","?","?","$","R","B"],"character_chosen":"IRONCLAD","items_purchased":["StoneCalendar"],"campfire_rested":3,"item_purchase_floors":[21],"current_hp_per_floor":[78,78,78,73,79,79,62,71,71,71,71,71,74,54,54,14,80,56,56,30,30,30,54,24,24,24,48,35,35,35,35,59,0],"gold":49,"neow_bonus":"UPGRADE_CARD","is_prod":false,"is_daily":false,"chose_seed":false,"campfire_upgraded":4,"win_rate":0.0,"timestamp":1552340369,"path_taken":["M","?","?","M","?","R","M","E","T","R","?","R","M","E","R","BOSS","M","M","M","?","?","R","E","$","T","R","M","?","?","$","R","BOSS"],"build_version":"2019-01-23","purchased_purges":0,"victory":false,"max_hp_per_floor":[80,80,80,80,80,80,80,80,80,80,80,80,80,80,80,80,80,80,80,80,80,80,80,80,80,80,80,80,80,80,80,80,80],"card_choices":[{"not_picked":["Sword Boomerang","Shrug It Off"],"picked":"Perfected Strike","floor":1.0},{"not_picked":["Corruption","Shrug It Off"],"picked":"Iron Wave","floor":4.0},{"not_picked":["Iron Wave","Power Through","Corruption"],"picked":"SKIP","floor":5.0},{"not_picked":["Combust","Shrug It Off"],"picked":"Twin Strike","floor":7.0},{"not_picked":["Ghostly Armor","Twin Strike"],"picked":"Double Tap","floor":8.0},{"not_picked":["Cleave","Warcry","Clothesline"],"picked":"SKIP","floor":13.0},{"not_picked":["Intimidate","Cleave","Power Through"],"picked":"SKIP","floor":14.0},{"not_picked":["Fiend Fire","Reaper"],"picked":"Juggernaut","floor":16.0},{"not_picked":["Headbutt","Infernal Blade","Cleave"],"picked":"SKIP","floor":18},{"not_picked":["Dual Wield","Havoc"],"picked":"Intimidate","floor":19},{"not_picked":["Power Through","Disarm"],"picked":"Warcry+1","floor":20},{"not_picked":["Shrug It Off","True Grit+1"],"picked":"Feel No Pain","floor":24},{"not_picked":["Perfected Strike","Pommel Strike+1","Shrug It Off"],"picked":"SKIP","floor":28}],"player_experience":48939,"relics_obtained":[{"floor":8.0,"key":"Juzu Bracelet"},{"floor":9.0,"key":"Bottled Lightning"},{"floor":14.0,"key":"Shuriken"},{"floor":24,"key":"Anchor"},{"floor":26,"key":"Self Forming Clay"}],"event_choices":[{"cards_removed":["Defend_R"],"damage_healed":0.0,"max_hp_gain":0.0,"max_hp_loss":0.0,"gold_gain":0.0,"event_name":"Living Wall","player_choice":"Forget","floor":2.0,"gold_loss":0.0,"damage_taken":0.0},{"cards_removed":["Bash"],"damage_healed":0.0,"max_hp_gain":0.0,"max_hp_loss":0.0,"gold_gain":0.0,"event_name":"Bonfire Elementals","player_choice":"Offered Basic","floor":3.0,"gold_loss":0.0,"damage_taken":0.0},{"cards_removed":["Strike_R"],"damage_healed":0.0,"max_hp_gain":0.0,"max_hp_loss":0.0,"gold_gain":0.0,"event_name":"Purifier","player_choice":"Purged","floor":11.0,"gold_loss":0.0,"damage_taken":0.0},{"damage_healed":0,"gold_gain":0,"player_choice":"Paid Fearfully","damage_taken":0,"max_hp_gain":0,"max_hp_loss":0,"event_name":"Masked Bandits","floor":22,"gold_loss":68},{"damage_healed":0,"gold_gain":0,"player_choice":"Ignored","damage_taken":0,"max_hp_gain":0,"max_hp_loss":0,"event_name":"The Mausoleum","floor":29,"gold_loss":0},{"damage_healed":0,"gold_gain":0,"player_choice":"Ignored","damage_taken":0,"max_hp_gain":0,"max_hp_loss":0,"event_name":"Beggar","floor":30,"gold_loss":0}],"is_beta":false,"boss_relics":[{"not_picked":["Ectoplasm","Mark of Pain"],"picked":"Black Blood"}],"items_purged_floors":[],"is_endless":false,"potions_floor_spawned":[4,7,14,16,20],"killed_by":"Automaton","ascension_level":0}