{"gold_per_floor":[359,377,34,49,67,102,21,21,45,57,57,57,8,8,8,8],"floor_reached":16,"playtime":810,"items_purged":[],"score":120,"play_id":"f9c9c56b-5974-4293-9118-865df53c9f91","local_time":"20190302221736","is_ascension_mode":true,"campfire_choices":[{"data":"Shrug It Off","floor":8,"key":"SMITH"},{"data":"Uppercut","floor":12,"key":"SMITH"},{"floor":15,"key":"REST"}],"neow_cost":"TEN_PERCENT_HP_LOSS","seed_source_timestamp":37288870587561,"circlet_count":0,"master_deck":["Strike_R","Strike_R","Strike_R","Strike_R","Strike_R","Defend_R","Defend_R","Defend_R","Defend_R","Bash","Iron Wave","Uppercut+1","Feel No Pain","Dropkick","Shrug It Off+1","Feel No Pain","Flame Barrier","Pain"],"relics":["Burning Blood","Dead Branch","PreservedInsect","Pen Nib","WarpedTongs"],"potions_floor_usage":[6],"damage_taken":[{"damage":1,"enemies":"Cultist","floor":1,"turns":3},{"damage":3,"enemies":"Small Slimes","floor":2,"turns":6},{"damage":0,"enemies":"Jaw Worm","floor":4,"turns":3},{"damage":7,"enemies":"Looter","floor":5,"turns":4},{"damage":10,"enemies":"3 Sentries","floor":6,"turns":9},{"damage":21,"enemies":"Exordium Thugs","floor":10,"turns":5},{"damage":48,"enemies":"Hexaghost","floor":16,"turns":9}],"seed_played":"-8685156133028661553","potions_obtained":[{"floor":1,"key":"AttackPotion"},{"floor":6,"key":"FearPotion"},{"floor":10,"key":"Fire Potion"}],"is_trial":false,"path_per_floor":["M","M","$","M","M","E","$","R","T","M","?","R","$","?","R","B"],"character_chosen":"IRONCLAD","items_purchased":["Dead Branch","Feel No Pain","Feel No Pain","Fire Potion"],"campfire_rested":1,"item_purchase_floors":[3,3,7,13],"current_hp_per_floor":[72,72,72,72,71,67,67,67,67,52,52,52,52,52,72,24],"gold":8,"neow_bonus":"TWO_FIFTY_GOLD","is_prod":false,"is_daily":false,"chose_seed":false,"campfire_upgraded":2,"win_rate":0,"timestamp":1551586656,"path_taken":["M","M","?","M","M","E","$","R","T","?","?","R","$","?","R","BOSS"],"build_version":"2019-01-23","purchased_purges":0,"victory":false,"max_hp_per_floor":[72,72,72,72,72,72,72,72,72,72,72,72,72,72,72,72],"card_choices":[{"not_picked":["Rupture","Flex"],"picked":"Iron Wave","floor":1},{"not_picked":["Intimidate","Clothesline"],"picked":"Uppercut","floor":2},{"not_picked":["Bloodletting","Body Slam"],"picked":"Dropkick","floor":4},{"not_picked":["Entrench","Dual Wield"],"picked":"Shrug It Off","floor":5},{"not_picked":["Combust","Heavy Blade","Limit Break"],"picked":"SKIP","floor":6},{"not_picked":["Sword Boomerang","Cleave"],"picked":"Flame Barrier","floor":10}],"player_experience":595679,"relics_obtained":[{"floor":6,"key":"PreservedInsect"},{"floor":9,"key":"Pen Nib"}],"event_choices":[{"damage_healed":0,"gold_gain":0,"player_choice":"Ignored","damage_taken":0,"max_hp_gain":0,"max_hp_loss":0,"event_name":"Shining Light","floor":11,"gold_loss":0},{"damage_healed":0,"gold_gain":0,"player_choice":"Rummage","damage_taken":0,"relics_obtained":["WarpedTongs"],"max_hp_gain":0,"max_hp_loss":0,"event_name":"Accursed Blacksmith","floor":14,"gold_loss":0,"cards_obtained":["Pain"]}],"is_beta":false,"boss_relics":[],"items_purged_floors":[],"is_endless":false,"potions_floor_spawned":[1,6,10],"killed_by":"Hexaghost","ascension_level":4}