{"gold_per_floor":[110,126,141,416,431,431,463,476,503,514],"floor_reached":10,"playtime":998,"items_purged":[],"score":86,"play_id":"0ecec9ef-6024-445a-abae-84488713ba40","local_time":"20190224022534","is_ascension_mode":true,"campfire_choices":[{"data":"After Image","floor":6,"key":"SMITH"}],"neow_cost":"NONE","seed_source_timestamp":523963950763457,"circlet_count":0,"master_deck":["Defend_G","Defend_G","Defend_G","Defend_G","Defend_G","Strike_G","Strike_G","Strike_G+1","Strike_G","Strike_G","Survivor","Neutralize+1","Underhanded Strike","Flying Knee","Deadly Poison","Regret","After Image+1","Dodge and Roll","Predator","Flying Knee"],"relics":["Ring of the Snake","NeowsBlessing","Ancient Tea Set","Whetstone"],"potions_floor_usage":[5],"damage_taken":[{"damage":0,"enemies":"Cultist","floor":1,"turns":1},{"damage":0,"enemies":"2 Louse","floor":2,"turns":1},{"damage":0,"enemies":"Jaw Worm","floor":3,"turns":1},{"damage":25,"enemies":"Exordium Thugs","floor":5,"turns":4},{"damage":33,"enemies":"3 Sentries","floor":7,"turns":11},{"damage":4,"enemies":"Blue Slaver","floor":8,"turns":5},{"damage":2,"enemies":"2 Fungi Beasts","floor":10,"turns":5}],"seed_played":"3050947312202643174","potions_obtained":[{"floor":2,"key":"LiquidBronze"},{"floor":8,"key":"SpeedPotion"},{"floor":10,"key":"FearPotion"}],"is_trial":false,"path_per_floor":["M","M","M","?","M","R","E","M","T","M"],"character_chosen":"THE_SILENT","items_purchased":[],"campfire_rested":0,"item_purchase_floors":[],"current_hp_per_floor":[70,70,70,70,45,45,12,8,8,6],"gold":514,"neow_bonus":"THREE_ENEMY_KILL","is_prod":false,"is_daily":false,"chose_seed":false,"campfire_upgraded":1,"win_rate":0,"timestamp":1550996734,"path_taken":["M","?","?","?","M","R","E","?","T","M"],"build_version":"2019-01-23","purchased_purges":0,"victory":false,"max_hp_per_floor":[70,70,70,70,70,70,70,70,70,70],"card_choices":[{"not_picked":["Bane","Concentrate"],"picked":"Underhanded Strike","floor":1},{"not_picked":["Cloak And Dagger","Quick Slash"],"picked":"Flying Knee","floor":2},{"not_picked":["Dodge and Roll","Bane"],"picked":"Deadly Poison","floor":3},{"not_picked":["Caltrops","Slice"],"picked":"After Image","floor":5},{"not_picked":["Skewer","Footwork"],"picked":"Dodge and Roll","floor":7},{"not_picked":["All Out Attack","Flying Knee"],"picked":"Predator","floor":8},{"not_picked":["Quick Slash","Sucker Punch"],"picked":"Flying Knee","floor":10}],"player_experience":550918,"relics_obtained":[{"floor":7,"key":"Ancient Tea Set"},{"floor":9,"key":"Whetstone"}],"event_choices":[{"damage_healed":0,"gold_gain":275,"player_choice":"Desecrate","damage_taken":0,"max_hp_gain":0,"max_hp_loss":0,"event_name":"Golden Shrine","floor":4,"gold_loss":0,"cards_obtained":["Regret"]}],"is_beta":false,"boss_relics":[],"items_purged_floors":[],"is_endless":false,"potions_floor_spawned":[2,8,10],"killed_by":"2 Fungi Beasts","ascension_level":4}