{"gold_per_floor":[119,67,77,97,109,109,128,128,128,128],"floor_reached":10,"playtime":276,"items_purged":[],"score":102,"play_id":"bb2f2242-a837-4fd4-986f-40425e60c0cd","local_time":"20190409125355","is_ascension_mode":true,"campfire_choices":[{"data":"Darkness","floor":6,"key":"SMITH"}],"neow_cost":"NONE","seed_source_timestamp":229326067514409,"circlet_count":0,"master_deck":["AscendersBane","Strike_B","Strike_B","Strike_B","Strike_B","Defend_B","Defend_B","Defend_B","Defend_B","Zap","Dualcast","Defragment","Beam Cell","Fusion","Darkness+1","Force Field","Cold Snap"],"relics":["Eternal Feather","Regal Pillow"],"potions_floor_usage":[],"damage_taken":[{"damage":14,"enemies":"Small Slimes","floor":1,"turns":4},{"damage":1,"enemies":"Cultist","floor":3,"turns":4},{"damage":15,"enemies":"Jaw Worm","floor":4,"turns":5},{"damage":6,"enemies":"Exordium Wildlife","floor":5,"turns":3},{"damage":32,"enemies":"Red Slaver","floor":7,"turns":5},{"damage":11,"enemies":"Exordium Thugs","floor":10,"turns":1}],"seed_played":"2875895826242301844","potions_obtained":[{"floor":3,"key":"LiquidBronze"},{"floor":5,"key":"FearPotion"},{"floor":7,"key":"Energy Potion"}],"is_trial":false,"path_per_floor":["M","$","M","M","M","R","M","?","T","M"],"character_chosen":"DEFECT","items_purchased":["Beam Cell"],"campfire_rested":0,"item_purchase_floors":[2],"current_hp_per_floor":[50,50,49,34,28,37,5,5,5,0],"gold":128,"neow_bonus":"BOSS_RELIC","is_prod":false,"is_daily":false,"chose_seed":false,"campfire_upgraded":1,"win_rate":0,"timestamp":1554832435,"path_taken":["M","$","M","M","M","R","M","?","T","?"],"build_version":"2019-01-23","purchased_purges":0,"victory":false,"max_hp_per_floor":[71,71,71,71,71,71,71,71,71,71],"card_choices":[{"not_picked":["Stack","Gash"],"picked":"Defragment","floor":1},{"not_picked":["Coolheaded","Skim"],"picked":"Fusion","floor":3},{"not_picked":["Beam Cell","Compile Driver"],"picked":"Darkness","floor":4},{"not_picked":["Coolheaded","Compile Driver"],"picked":"Force Field","floor":5},{"not_picked":["Beam Cell","Ball Lightning"],"picked":"Cold Snap","floor":7}],"player_experience":347590,"relics_obtained":[{"floor":9,"key":"Regal Pillow"}],"event_choices":[{"damage_healed":0,"gold_gain":0,"player_choice":"Leave","damage_taken":0,"max_hp_gain":0,"max_hp_loss":0,"event_name":"FaceTrader","floor":8,"gold_loss":0}],"is_beta":false,"boss_relics":[],"items_purged_floors":[],"is_endless":false,"potions_floor_spawned":[3,5,7],"killed_by":"Exordium Thugs","ascension_level":14}