{"gold_per_floor":[118,118,118,128,141,141,19,19,43,71,89,121,121,138,138,236,236,256,62,162,180,95,95,109,109,154,253,285,285,305,319,319,422,422,438,338,352,352,352,380,380,380,380,380,380,397,397,431,431,431],"floor_reached":51,"playtime":3241,"items_purged":["Regret","Strike_R"],"score":731,"play_id":"8b0f24cf-188a-4c28-b632-cc1af15301d7","local_time":"20190315234815","is_ascension_mode":false,"campfire_choices":[{"data":"Heavy Blade","floor":6,"key":"SMITH"},{"data":"Flex","floor":8,"key":"SMITH"},{"data":"Bash","floor":15,"key":"SMITH"},{"data":"Juggernaut","floor":23,"key":"SMITH"},{"data":"Juggernaut","floor":25,"key":"SMITH"},{"floor":29,"key":"REST"},{"data":"Dual Wield","floor":32,"key":"SMITH"},{"data":"Metallicize","floor":41,"key":"SMITH"},{"data":"Metallicize","floor":45,"key":"SMITH"},{"data":"Twin Strike","floor":47,"key":"SMITH"},{"floor":49,"key":"REST"}],"neow_cost":"NONE","seed_source_timestamp":102509740182513,"circlet_count":0,"master_deck":["Strike_R","Strike_R","Defend_R","Defend_R","Defend_R","Defend_R","Iron Wave+1","Heavy Blade+1","Flex+1","Anger","Dual Wield+1","Iron Wave","Twin Strike+1","Juggernaut+1","Shrug It Off+1","Armaments","Metallicize","Juggernaut+1","Rage+1","Shrug It Off+1","Feed","Metallicize+1","Metallicize+1","Heavy Blade+1"],"special_seed":0,"relics":["Burning Blood","NeowsBlessing","Pen Nib","Regal Pillow","Ancient Tea Set","Pear","Empty Cage","PreservedInsect","Champion Belt","Bottled Tornado","Bag of Preparation","Bronze Scales","Lantern","Velvet Choker","Anchor","Du-Vu Doll","Strawberry","The Courier"],"potions_floor_usage":[12,16,16,20,50,50,50],"damage_taken":[{"damage":0.0,"enemies":"Small Slimes","floor":1.0,"turns":1.0},{"damage":0,"enemies":"Jaw Worm","floor":4,"turns":1},{"damage":0,"enemies":"Cultist","floor":5,"turns":1},{"damage":32,"enemies":"Gremlin Nob","floor":10,"turns":4},{"damage":6,"enemies":"Exordium Wildlife","floor":11,"turns":4},{"damage":4,"enemies":"3 Sentries","floor":12,"turns":4},{"damage":4,"enemies":"Blue Slaver","floor":14,"turns":3},{"damage":67,"enemies":"The Guardian","floor":16,"turns":11},{"damage":34,"enemies":"Shell Parasite","floor":18,"turns":5},{"damage":21,"enemies":"Colosseum Slavers","floor":20,"turns":6},{"damage":6,"enemies":"Colosseum Nobs","floor":20,"turns":6},{"damage":14,"enemies":"Spheric Guardian","floor":21,"turns":4},{"damage":2,"enemies":"Centurion and Healer","floor":24,"turns":7},{"damage":13,"enemies":"Gremlin Leader","floor":28,"turns":4},{"damage":24,"enemies":"Snake Plant","floor":30,"turns":3},{"damage":3,"enemies":"Shelled Parasite and Fungi","floor":31,"turns":3},{"damage":51,"enemies":"Automaton","floor":33,"turns":8},{"damage":6,"enemies":"3 Shapes","floor":35,"turns":3},{"damage":0,"enemies":"Orb Walker","floor":37,"turns":3},{"damage":8,"enemies":"Giant Head","floor":40,"turns":6},{"damage":0,"enemies":"4 Shapes","floor":46,"turns":4},{"damage":27,"enemies":"Nemesis","floor":48,"turns":7},{"damage":63,"enemies":"Donu and Deca","floor":50,"turns":9}],"seed_played":"6060644309470654877","potions_obtained":[{"floor":11,"key":"SkillPotion"},{"floor":12,"key":"FearPotion"},{"floor":14,"key":"Regen Potion"},{"floor":18,"key":"Energy Potion"},{"floor":28,"key":"Dexterity Potion"},{"floor":33,"key":"SteroidPotion"},{"floor":35,"key":"FearPotion"},{"floor":46,"key":"SkillPotion"}],"is_trial":false,"path_per_floor":["M","?","?","M","M","R","$","R","T","E","M","E","?","M","R","B",null,"M","$","?","M","?","R","M","R","T","?","E","R","M","M","R","B",null,"M","$","M","?","?","E","R","?","T","T","R","M","R","E","R","B",null],"character_chosen":"IRONCLAD","items_purchased":["Flex","PreservedInsect","Armaments"],"campfire_rested":2,"item_purchase_floors":[7,19,19],"current_hp_per_floor":[80,80,80,80,80,80,80,80,80,54,54,66,66,68,68,12,90,62,62,47,39,39,39,43,43,43,43,36,78,60,63,63,18,90,90,90,90,90,90,88,88,88,88,95,95,97,97,76,97,40],"gold":431,"neow_bonus":"THREE_ENEMY_KILL","is_prod":false,"is_daily":false,"chose_seed":false,"campfire_upgraded":9,"win_rate":0,"timestamp":1552718895,"path_taken":["M","?","?","?","M","R","$","R","T","E","M","E","?","?","R","BOSS","M","$","?","M","?","R","M","R","T","?","E","R","?","M","R","BOSS","M","$","M","?","?","E","R","?","T","?","R","M","R","E","R","BOSS"],"build_version":"2019-01-23","purchased_purges":2,"victory":true,"max_hp_per_floor":[80,80,80,80,80,80,80,80,80,80,80,90,90,90,90,90,90,90,90,90,90,90,90,90,90,90,90,90,90,90,90,90,90,90,90,90,90,90,90,90,90,90,90,97,97,97,97,97,97,97],"card_choices":[{"not_picked":["Anger","Hemokinesis"],"picked":"Iron Wave","floor":1.0},{"not_picked":["Twin Strike","Double Tap"],"picked":"Heavy Blade","floor":4},{"not_picked":["Havoc","Warcry","Wild Strike"],"picked":"SKIP","floor":5},{"not_picked":["Clothesline","Dark Embrace"],"picked":"Rage","floor":10},{"not_picked":["True Grit","Bloodletting"],"picked":"Anger","floor":11},{"not_picked":["Power Through","Blood for Blood"],"picked":"Dual Wield","floor":12},{"not_picked":["Cleave","Sever Soul"],"picked":"Twin Strike","floor":14},{"not_picked":["Impervious","Feed"],"picked":"Juggernaut","floor":16},{"not_picked":["True Grit","Searing Blow"],"picked":"Shrug It Off+1","floor":18},{"not_picked":["True Grit+1","Anger"],"picked":"Metallicize","floor":21},{"not_picked":["Combust","Perfected Strike"],"picked":"Juggernaut","floor":24},{"not_picked":["Flame Barrier","Entrench+1"],"picked":"Rage+1","floor":28},{"not_picked":["Whirlwind","Body Slam"],"picked":"Shrug It Off+1","floor":30},{"not_picked":["Sword Boomerang+1","Wild Strike","True Grit"],"picked":"SKIP","floor":31},{"not_picked":["Impervious","Brutality"],"picked":"Feed","floor":33},{"not_picked":["Sword Boomerang+1","Pommel Strike","Power Through+1"],"picked":"SKIP","floor":35},{"not_picked":["Twin Strike+1","Cleave+1"],"picked":"Metallicize","floor":37},{"not_picked":["Body Slam","Cleave+1"],"picked":"Metallicize","floor":40},{"not_picked":["Shrug It Off","Warcry"],"picked":"Heavy Blade+1","floor":46},{"not_picked":["Warcry+1","Cleave","True Grit"],"picked":"SKIP","floor":48}],"player_experience":192890,"relics_obtained":[{"floor":9,"key":"Regal Pillow"},{"floor":10,"key":"Ancient Tea Set"},{"floor":12,"key":"Pear"},{"floor":20,"key":"Champion Belt"},{"floor":20,"key":"Bottled Tornado"},{"floor":26,"key":"Bronze Scales"},{"floor":28,"key":"Lantern"},{"floor":40,"key":"Anchor"},{"floor":43,"key":"Du-Vu Doll"},{"floor":44,"key":"Strawberry"},{"floor":48,"key":"The Courier"}],"event_choices":[{"damage_healed":0.0,"max_hp_gain":0.0,"max_hp_loss":0.0,"gold_gain":0.0,"event_name":"Living Wall","player_choice":"Grow","floor":2.0,"gold_loss":0.0,"damage_taken":0.0,"cards_upgraded":["Iron Wave"]},{"damage_healed":0,"gold_gain":0,"player_choice":"Box","damage_taken":0,"relics_obtained":["Pen Nib"],"max_hp_gain":0,"max_hp_loss":0,"event_name":"Big Fish","floor":3,"gold_loss":0,"cards_obtained":["Regret"]},{"cards_removed":["Rage"],"damage_healed":0,"gold_gain":0,"player_choice":"Took Card","damage_taken":0,"max_hp_gain":0,"max_hp_loss":0,"event_name":"NoteForYourself","floor":13,"gold_loss":0,"cards_obtained":["Iron Wave"]},{"damage_healed":0,"gold_gain":0,"player_choice":"Fight","damage_taken":0,"max_hp_gain":0,"max_hp_loss":0,"event_name":"Colosseum","floor":20,"gold_loss":0},{"damage_healed":0,"gold_gain":0,"player_choice":"Fought Nobs","damage_taken":0,"max_hp_gain":0,"max_hp_loss":0,"event_name":"Colosseum","floor":20,"gold_loss":0},{"damage_healed":0,"gold_gain":0,"player_choice":"Obtained Relic","damage_taken":0,"relics_obtained":["Bag of Preparation"],"max_hp_gain":0,"max_hp_loss":0,"event_name":"Addict","floor":22,"gold_loss":85},{"damage_healed":0,"gold_gain":99,"player_choice":"Stole From Cult","damage_taken":0,"max_hp_gain":0,"max_hp_loss":0,"event_name":"Nest","floor":27,"gold_loss":0},{"cards_removed":["Bash"],"damage_healed":0,"gold_gain":0,"player_choice":"Removed Attack","damage_taken":0,"max_hp_gain":0,"max_hp_loss":0,"event_name":"Falling","floor":38,"gold_loss":0},{"damage_healed":0,"gold_gain":0,"player_choice":"Ignored","damage_taken":0,"max_hp_gain":0,"max_hp_loss":0,"event_name":"Mysterious Sphere","floor":39,"gold_loss":0},{"damage_healed":0,"gold_gain":0,"player_choice":"Memory 1","damage_taken":0,"max_hp_gain":0,"max_hp_loss":0,"event_name":"SensoryStone","floor":42,"gold_loss":0}],"is_beta":false,"boss_relics":[{"not_picked":["Runic Cube","Mark of Pain"],"picked":"Empty Cage"},{"not_picked":["White Beast Statue","Runic Pyramid"],"picked":"Velvet Choker"}],"items_purged_floors":[7,36],"is_endless":false,"potions_floor_spawned":[11,12,14,18,20,28,33,35,46],"ascension_level":0}