{"path_per_floor":["M","?","M","M","M","R","M","R","T","E","?","E","M","M","R","B",null,"M","M","$","?","M"],"character_chosen":"IRONCLAD","items_purchased":["Apotheosis","Bronze Scales","Rampage","Heavy Blade"],"gold_per_floor":[119,119,136,147,161,161,172,172,254,288,254,279,297,308,308,413,443,457,470,44,44,60],"floor_reached":23,"campfire_rested":2,"playtime":1306,"current_hp_per_floor":[75,80,82,85,74,74,63,85,85,74,74,75,50,48,73,64,90,64,68,68,68,50],"items_purged":[],"gold":60,"score":230,"play_id":"5e67ef1f-2584-442b-ba0b-f949c9429eb8","is_prod":false,"is_daily":false,"is_ascension_mode":false,"campfire_upgraded":1,"path_taken":["M","?","M","M","M","R","?","R","T","E","?","E","M","M","R","BOSS","M","M","$","?","M","E"],"build_version":"2018-02-15-PROD1","purchased_purges":0,"victory":false,"master_deck":["Strike_R+1","Strike_R+1","Strike_R+1","Strike_R+1","Strike_R+1","Defend_R+1","Defend_R+1","Defend_R+1","Defend_R+1","Bash","Offering","Armaments+1","Clash","Sword Boomerang","Headbutt","Reckless Charge","Shrug It Off","Twin Strike+1","Clash","Clothesline","Feed","Twin Strike","Clash+1","Metallicize","Apotheosis","Rampage","Heavy Blade","Twin Strike"],"max_hp_per_floor":[80,85,85,85,85,85,85,85,85,85,85,85,85,85,85,85,90,94,94,94,94,97],"relics":["Burning Blood","Mummified Hand","Blood Vial","Ice Cream","Tiny House","Bronze Scales"],"card_choices":[{"not_picked":["Twin Strike","Uppercut"],"picked":"Armaments"},{"not_picked":["Thunderclap","Battle Trance"],"picked":"Clash"},{"not_picked":["Armaments","Fire Breathing"],"picked":"Sword Boomerang"},{"not_picked":["Iron Wave","True Grit"],"picked":"Headbutt"},{"not_picked":["Feel No Pain","Battle Trance"],"picked":"Reckless Charge"},{"not_picked":["Disarm","Body Slam"],"picked":"Shrug It Off"},{"not_picked":["Bloodletting","Hemokinesis"],"picked":"Twin Strike"},{"not_picked":["Pummel","Sword Boomerang"],"picked":"Clash"},{"not_picked":["Warcry","Pommel Strike"],"picked":"Clothesline"},{"not_picked":["Barricade","Impervious"],"picked":"Feed"},{"not_picked":["Fire Breathing","True Grit"],"picked":"Twin Strike"},{"not_picked":["Pommel Strike","Headbutt"],"picked":"Clash"},{"not_picked":["Second Wind","Body Slam"],"picked":"Metallicize"},{"not_picked":["Cleave","Thunderclap"],"picked":"Twin Strike"}],"player_experience":11730,"potions_floor_usage":[12,16,16,22,23,23],"damage_taken":[{"damage":11,"enemies":"Small Slimes","floor":1,"turns":3},{"damage":4,"enemies":"2 Louse","floor":3,"turns":3},{"damage":1,"enemies":"Cultist","floor":4,"turns":3},{"damage":17,"enemies":"2 Fungi Beasts","floor":5,"turns":3},{"damage":17,"enemies":"Large Slime","floor":7,"turns":3},{"damage":17,"enemies":"Gremlin Nob","floor":10,"turns":3},{"damage":7,"enemies":"3 Sentries","floor":12,"turns":4},{"damage":33,"enemies":"Lots of Slimes","floor":13,"turns":6},{"damage":10,"enemies":"Looter","floor":14,"turns":2},{"damage":17,"enemies":"Slime Boss","floor":16,"turns":7},{"damage":36,"enemies":"Shell Parasite","floor":18,"turns":5},{"damage":4,"enemies":"3 Byrds","floor":19,"turns":3},{"damage":29,"enemies":"Sentry and Sphere","floor":22,"turns":4},{"damage":56,"enemies":"Gremlin Leader","floor":23,"turns":4}],"event_choices":[{"event_name":"Big Fish","player_choice":"Donut","floor":2,"damage_taken":0},{"event_name":"World of Goop","player_choice":"Left","floor":11,"damage_taken":0},{"event_name":"Back to Basics","player_choice":"Simplicity","floor":21,"damage_taken":0}],"boss_relics":[{"not_picked":["Cursed Key","Runic Cube"],"picked":"Tiny House"}],"potions_floor_spawned":[3,4,5,10,16,18],"seed_played":"-6582972851055399209","killed_by":"Gremlin Leader","ascension_level":0,"is_trial":false}