{"gold_per_floor":[113,131,131,143,161,161,187,204,258,258,277,290,290,255,255,359,359,379,479,498,509,529,529,546,546,623,623,623,652,15,25,25,25],"floor_reached":33,"playtime":2580,"items_purged":["Strike_R"],"score":271,"play_id":"49ea1312-eb10-4924-a0df-36e82c707734","local_time":"20190409200341","is_ascension_mode":false,"campfire_choices":[{"data":"Bloodletting","floor":6.0,"key":"SMITH"},{"data":"Rupture","floor":10.0,"key":"SMITH"},{"data":"Armaments","floor":13.0,"key":"SMITH"},{"data":"Warcry","floor":15.0,"key":"SMITH"},{"data":"Inflame","floor":23.0,"key":"SMITH"},{"data":"Offering","floor":25.0,"key":"SMITH"},{"floor":28.0,"key":"REST"},{"data":"Juggernaut","floor":32.0,"key":"SMITH"}],"neow_cost":"NONE","seed_source_timestamp":3486179706200,"circlet_count":0,"master_deck":["Strike_R","Strike_R","Strike_R","Strike_R","Defend_R","Defend_R","Defend_R","Defend_R","Bash","Bloodletting+1","Warcry+1","Anger","Carnage","Pummel+1","Rupture+1","Armaments+1","Reaper+1","Juggernaut+1","Rage+1","Flex+1","Inflame+1","True Grit","Offering+1","Flex+1","True Grit+1","Heavy Blade+1"],"special_seed":0,"relics":["Burning Blood","PreservedInsect","Molten Egg 2","Bronze Scales","Sozu","Question Card","Bottled Flame","Toxic Egg 2","Meat on the Bone"],"potions_floor_usage":[],"damage_taken":[{"damage":10.0,"enemies":"2 Louse","floor":1.0,"turns":3.0},{"damage":4.0,"enemies":"Cultist","floor":2.0,"turns":5.0},{"damage":3.0,"enemies":"Small Slimes","floor":4.0,"turns":3.0},{"damage":9.0,"enemies":"Exordium Wildlife","floor":5.0,"turns":4.0},{"damage":17.0,"enemies":"Gremlin Nob","floor":7.0,"turns":3.0},{"damage":3.0,"enemies":"2 Fungi Beasts","floor":8.0,"turns":2.0},{"damage":16.0,"enemies":"Gremlin Gang","floor":11.0,"turns":3.0},{"damage":13.0,"enemies":"Large Slime","floor":12.0,"turns":5.0},{"damage":35.0,"enemies":"Slime Boss","floor":16.0,"turns":11.0},{"damage":16.0,"enemies":"3 Byrds","floor":18.0,"turns":4.0},{"damage":11.0,"enemies":"Chosen","floor":20.0,"turns":5.0},{"damage":5.0,"enemies":"Snecko","floor":21.0,"turns":3.0},{"damage":29.0,"enemies":"Snake Plant","floor":22.0,"turns":4.0},{"damage":24.0,"enemies":"Sentry and Sphere","floor":24.0,"turns":4.0},{"damage":32.0,"enemies":"Book of Stabbing","floor":29.0,"turns":4.0},{"damage":32.0,"enemies":"Snecko","floor":31.0,"turns":7.0},{"damage":85,"enemies":"Collector","floor":33,"turns":8}],"seed_played":"2001231766963627955","potions_obtained":[{"floor":1.0,"key":"EssenceOfSteel"},{"floor":4.0,"key":"Fire Potion"},{"floor":7.0,"key":"SkillPotion"},{"floor":11.0,"key":"FearPotion"},{"floor":16.0,"key":"FairyPotion"}],"is_trial":false,"path_per_floor":["M","M","?","M","M","R","E","M","T","R","M","M","R","?","R","B",null,"M","?","M","M","M","R","M","R","T","?","R","E","$","M","R","B"],"character_chosen":"IRONCLAD","items_purchased":["Toxic Egg 2","Flex+1","Meat on the Bone","True Grit+1"],"campfire_rested":1,"item_purchase_floors":[30,30,30,30],"current_hp_per_floor":[76,78,78,80,77,77,66,69,69,69,59,52,52,72,72,47,80,70,70,70,78,57,57,39,39,39,39,63,50,50,41,41,0],"gold":25,"neow_bonus":"RANDOM_COMMON_RELIC","is_prod":false,"is_daily":false,"chose_seed":false,"campfire_upgraded":7,"win_rate":0.0,"timestamp":1554865421,"path_taken":["M","M","?","?","M","R","E","M","T","R","M","M","R","?","R","BOSS","M","?","M","?","M","R","M","R","T","?","R","E","$","M","R","BOSS"],"build_version":"2019-01-23","purchased_purges":1,"victory":false,"max_hp_per_floor":[80,80,80,80,80,80,80,80,80,80,80,80,80,80,80,80,80,80,80,80,80,80,80,80,80,80,80,80,80,80,80,80,80],"card_choices":[{"not_picked":["Fire Breathing","Sever Soul"],"picked":"Bloodletting","floor":1.0},{"not_picked":["Metallicize","Battle Trance"],"picked":"Warcry","floor":2.0},{"not_picked":["Fire Breathing","Flex"],"picked":"Carnage","floor":4.0},{"not_picked":["Body Slam","Sword Boomerang","Clash"],"picked":"SKIP","floor":5.0},{"not_picked":["Feel No Pain","Flame Barrier"],"picked":"Pummel","floor":7.0},{"not_picked":["Metallicize","Headbutt+1"],"picked":"Rupture","floor":8.0},{"not_picked":["Twin Strike+1","Warcry"],"picked":"Armaments","floor":11.0},{"not_picked":["Cleave+1","Twin Strike+1"],"picked":"Reaper+1","floor":12.0},{"not_picked":["Offering","Brutality"],"picked":"Juggernaut","floor":16.0},{"not_picked":["Reckless Charge+1","Shockwave"],"picked":"Rage+1","floor":18.0},{"not_picked":["Headbutt+1","Uppercut+1"],"picked":"Flex+1","floor":20.0},{"not_picked":["Warcry","Burning Pact"],"picked":"Inflame","floor":21.0},{"not_picked":["Anger+1","Sword Boomerang+1"],"picked":"True Grit","floor":22.0},{"not_picked":["Twin Strike+1","Perfected Strike+1"],"picked":"Offering","floor":24.0},{"not_picked":["Shrug It Off","Warcry+1","Blood for Blood+1","Heavy Blade+1"],"picked":"SKIP","floor":29.0},{"not_picked":["Twin Strike+1","Perfected Strike+1","Clash+1"],"picked":"Heavy Blade+1","floor":31.0}],"player_experience":757488,"relics_obtained":[{"floor":7.0,"key":"Molten Egg 2"},{"floor":9.0,"key":"Bronze Scales"},{"floor":26.0,"key":"Question Card"},{"floor":29.0,"key":"Bottled Flame"}],"event_choices":[{"damage_healed":0.0,"max_hp_gain":0.0,"max_hp_loss":0.0,"gold_gain":0.0,"event_name":"Match and Keep!","player_choice":"1 cards matched","floor":3.0,"gold_loss":0.0,"damage_taken":0.0,"cards_obtained":["Anger"]},{"damage_healed":20.0,"max_hp_gain":0.0,"max_hp_loss":0.0,"gold_gain":0.0,"event_name":"The Cleric","player_choice":"Healed","floor":14.0,"gold_loss":35.0,"damage_taken":0.0},{"damage_healed":0.0,"max_hp_gain":0.0,"max_hp_loss":0.0,"gold_gain":100.0,"event_name":"Golden Shrine","player_choice":"Pray","floor":19.0,"gold_loss":0.0,"damage_taken":0.0},{"damage_healed":0.0,"max_hp_gain":0.0,"max_hp_loss":0.0,"gold_gain":0.0,"event_name":"Vampires","player_choice":"Ignored","floor":27.0,"gold_loss":0.0,"damage_taken":0.0}],"is_beta":false,"boss_relics":[{"not_picked":["Runic Dome","Pandora\u0027s Box"],"picked":"Sozu"}],"items_purged_floors":[30],"is_endless":false,"potions_floor_spawned":[1,4,7,11,16,18,24,29],"killed_by":"Collector","ascension_level":0}