{"path_per_floor":["M","$","?","M","?","R","E","M","T","R","E","M","R","M","R","B",null,"M","M","?","$","?"],"character_chosen":"IRONCLAD","items_purchased":["Kunai"],"gold_per_floor":[116,41,41,54,54,54,86,105,105,105,133,144,144,158,158,254,254,265,278,278,35,35,35],"floor_reached":23,"campfire_rested":0,"playtime":826,"current_hp_per_floor":[78,78,78,80,55,55,48,48,48,48,44,57,57,60,60,54,98,56,57,57,57,47,0],"items_purged":["Strike_R"],"gold":35,"score":234,"play_id":"3e480af6-21b9-4581-92ec-c0ed90940fd7","local_time":"20180331232724","is_prod":false,"is_daily":false,"is_ascension_mode":true,"campfire_upgraded":1,"timestamp":1522531644,"path_taken":["M","$","?","M","?","R","E","M","T","R","E","M","R","?","R","BOSS","M","M","?","$","?","E"],"build_version":"2018-03-29v2","purchased_purges":1,"victory":false,"master_deck":["Strike_R+1","Strike_R+1","Strike_R+1","Strike_R+1","Defend_R+1","Defend_R+1","Defend_R+1","Defend_R+1","Bash+1","Inflame","Intimidate","Warcry","Rage","Offering","Evolve","Inflame","Headbutt","Juggernaut","Injury","Clumsy","Decay","Necronomicurse"],"max_hp_per_floor":[80,80,80,80,80,80,80,80,80,80,80,80,80,80,80,80,98,98,98,98,98,104,104],"relics":["Burning Blood","Meat on the Bone","Ginger","Shovel","Bag of Preparation","Bird Faced Urn","Darkstone Periapt","Bottled Flame","Calling Bell","Oddly Smooth Stone","Sundial","Bag of Marbles","Kunai","Necronomicon"],"card_choices":[{"not_picked":["Feel No Pain","Havoc"],"picked":"Inflame","floor":0},{"not_picked":["Clothesline","Shockwave"],"picked":"Intimidate","floor":1},{"not_picked":["Anger","Disarm"],"picked":"Warcry","floor":4},{"not_picked":["Body Slam","Warcry"],"picked":"Rage","floor":7},{"not_picked":["Rampage","Armaments"],"picked":"Offering","floor":8},{"not_picked":["Armaments","Uppercut"],"picked":"Evolve","floor":11},{"not_picked":["Bloodletting","Havoc"],"picked":"Inflame","floor":12},{"not_picked":["Havoc","Twin Strike"],"picked":"Headbutt","floor":14},{"not_picked":["Fiend Fire","Reaper"],"picked":"Juggernaut","floor":16}],"player_experience":72747,"potions_floor_usage":[7,16,16,19],"damage_taken":[{"damage":8,"enemies":"2 Louse","floor":1,"turns":3},{"damage":3,"enemies":"Small Slimes","floor":4,"turns":3},{"damage":25,"enemies":"3 Sentries","floor":7,"turns":9},{"damage":6,"enemies":"Cultist","floor":8,"turns":4},{"damage":22,"enemies":"Lagavulin","floor":11,"turns":5},{"damage":9,"enemies":"Red Slaver","floor":12,"turns":4},{"damage":9,"enemies":"Looter","floor":14,"turns":3},{"damage":18,"enemies":"Slime Boss","floor":16,"turns":9},{"damage":50,"enemies":"Spheric Guardian","floor":18,"turns":6},{"damage":25,"enemies":"Shell Parasite","floor":19,"turns":5},{"damage":66,"enemies":"Gremlin Leader","floor":23,"turns":6}],"event_choices":[{"event_name":"The Cleric","player_choice":"Leave","floor":3,"damage_taken":0},{"event_name":"Scrap Ooze","player_choice":"success","floor":5,"damage_taken":25},{"event_name":"Back to Basics","player_choice":"Simplicity","floor":20,"damage_taken":0},{"event_name":"Cursed Tome","player_choice":"Obtained Book","floor":22,"damage_taken":0}],"boss_relics":[{"not_picked":["Tiny House","Black Blood"],"picked":"Calling Bell"}],"potions_floor_spawned":[4,8,14,16],"seed_played":"4653210914446525398","killed_by":"Gremlin Leader","ascension_level":1,"is_trial":false}