{"path_per_floor":["M","?","$","?","$","R","?","M","T","E","M","?","M","M","R","B",null,"M","?","?","M","M","R","?","R","T","M","?","M","E","M","R"],"character_chosen":"DEFECT","items_purchased":[],"gold_per_floor":[118,118,43,118,18,18,81,92,92,124,144,144,164,180,180,279,279,297,297,297,310,329,329,329,329,376,392,392,412,447,465,465,465],"floor_reached":33,"campfire_rested":3,"playtime":1100,"current_hp_per_floor":[64,69,69,58,58,58,32,32,32,13,13,13,6,4,28,2,80,70,70,54,49,47,71,71,71,71,80,80,59,47,23,47,0],"items_purged":["Strike_B","Strike_B"],"gold":465,"score":267,"play_id":"825cc662-cab8-4635-8396-6f0789103eb0","local_time":"20180502105220","is_prod":false,"is_daily":false,"chose_seed":false,"is_ascension_mode":false,"campfire_upgraded":2,"timestamp":1525251140,"path_taken":["M","?","$","?","?","R","?","M","T","E","?","?","M","M","R","BOSS","M","?","?","M","M","R","?","R","T","?","?","M","E","M","R","BOSS"],"build_version":"2018-05-01v2","seed_source_timestamp":182999288843619,"purchased_purges":2,"victory":false,"master_deck":["Defend_B","Defend_B","Defend_B","Defend_B","Zap","Dualcast","Thunder Strike+1","Ball Lightning","Cold Snap","Ball Lightning","Streamline","Fission+1","Gash","Self Repair+1","Chaos+1","Gash","Go for the Eyes","Seek","Force Field+1"],"max_hp_per_floor":[75,80,80,80,80,80,80,80,80,80,80,80,80,80,80,80,80,80,80,80,80,80,80,80,80,80,80,80,80,80,80,80,80],"relics":["Cracked Core","Peace Pipe","Centennial Puzzle","Happy Flower","Velvet Choker","Enchiridion","Ancient Tea Set","Bronze Scales"],"card_choices":[{"not_picked":["Conserve Battery","Barrage"],"picked":"Ball Lightning","floor":1},{"not_picked":["Sweeping Beam","Blaster"],"picked":"Cold Snap","floor":7},{"not_picked":["All For One","Sweeping Beam"],"picked":"Ball Lightning","floor":10},{"not_picked":["Hologram","Echo Form"],"picked":"Streamline","floor":14},{"not_picked":["Redo","Hyperbeam"],"picked":"Fission","floor":16},{"not_picked":["Melter","Stack"],"picked":"Gash","floor":18},{"not_picked":["Barrage","Gash"],"picked":"Self Repair","floor":21},{"not_picked":["Rip and Tear","Beam Cell"],"picked":"Chaos","floor":22},{"not_picked":["Auto Shields","Force Field"],"picked":"Gash","floor":27},{"not_picked":["Sunder","Stack"],"picked":"Go for the Eyes","floor":29},{"not_picked":["Storm","Sweeping Beam"],"picked":"Seek","floor":30},{"not_picked":["Leap","Cold Snap"],"picked":"Force Field","floor":31}],"player_experience":20342,"potions_floor_usage":[7,10,14,16,22,33,33,33],"damage_taken":[{"damage":11,"enemies":"2 Louse","floor":1,"turns":3},{"damage":26,"enemies":"Gremlin Nob","floor":7,"turns":4},{"damage":0,"enemies":"Jaw Worm","floor":8,"turns":3},{"damage":19,"enemies":"3 Sentries","floor":10,"turns":6},{"damage":0,"enemies":"Small Slimes","floor":11,"turns":2},{"damage":7,"enemies":"3 Louse","floor":13,"turns":3},{"damage":2,"enemies":"Blue Slaver","floor":14,"turns":3},{"damage":26,"enemies":"The Guardian","floor":16,"turns":8},{"damage":10,"enemies":"3 Byrds","floor":18,"turns":4},{"damage":5,"enemies":"Chosen","floor":21,"turns":4},{"damage":12,"enemies":"Centurion and Healer","floor":22,"turns":6},{"damage":6,"enemies":"Snecko","floor":27,"turns":4},{"damage":31,"enemies":"Snake Plant","floor":29,"turns":5},{"damage":22,"enemies":"Gremlin Leader","floor":30,"turns":5},{"damage":34,"enemies":"Slaver and Parasite","floor":31,"turns":5},{"damage":49,"enemies":"Collector","floor":33,"turns":9}],"event_choices":[{"event_name":"Big Fish","player_choice":"Donut","floor":2,"damage_taken":0},{"event_name":"World of Goop","player_choice":"Gather Gold","floor":4,"damage_taken":0},{"event_name":"Dead Adventurer","player_choice":"Searched \u00272\u0027 times","floor":7,"damage_taken":0},{"event_name":"Purifier","player_choice":"One Purge","floor":12,"damage_taken":0},{"event_name":"Drug Dealer","player_choice":"Ignored","floor":19,"damage_taken":0},{"event_name":"Cursed Tome","player_choice":"Obtained Book","floor":20,"damage_taken":0},{"event_name":"Vampires","player_choice":"Ignored","floor":24,"damage_taken":0},{"event_name":"Bonfire Elementals","player_choice":"BASIC","floor":28,"damage_taken":0}],"boss_relics":[{"not_picked":["Runic Dome","Astrolabe"],"picked":"Velvet Choker"}],"potions_floor_spawned":[1,8,10,11,16,27,30,31],"seed_played":"8021080419516228299","killed_by":"Collector","ascension_level":0,"is_trial":false}