{"path_per_floor":["M","?","?","M","M","M","$","E","T","E","R","$","R","?","R","B",null,"M","?","M","?","M","R","E","R","T","M","?","M","?","M","R","B",null,"M","$","M","M","?","R","E","M","T","M","R","E","?","$","R"],"character_chosen":"THE_SILENT","items_purchased":["Noxious Fumes","Whetstone","Footwork","Happy Flower","Malaise"],"gold_per_floor":[116,116,116,133,145,159,84,118,170,200,200,23,23,23,23,125,125,137,60,79,79,94,94,125,125,178,198,123,143,143,163,163,261,261,281,98,109,123,123,123,158,171,197,207,207,234,234,6,6,6],"floor_reached":50,"campfire_rested":3,"playtime":1905,"current_hp_per_floor":[66,66,66,66,66,66,66,49,49,40,61,61,61,61,61,58,70,66,66,55,55,55,55,31,52,52,45,45,40,40,38,70,36,70,68,68,60,62,53,53,50,46,46,48,48,31,61,61,61,0],"items_purged":["Defend_G","Strike_G"],"gold":6,"score":610,"play_id":"2efb41e6-728b-47b1-9696-ae2fed489b92","local_time":"20180424051109","is_prod":false,"is_daily":false,"chose_seed":false,"is_ascension_mode":true,"campfire_upgraded":6,"timestamp":1524539469,"path_taken":["M","?","?","?","M","M","$","E","T","E","R","$","R","?","R","BOSS","M","?","M","?","M","R","E","R","T","M","?","M","?","M","R","BOSS","M","$","M","M","?","R","E","?","T","?","R","E","?","?","R","BOSS"],"build_version":"2018-04-19","seed_source_timestamp":2226282742505263,"purchased_purges":2,"victory":false,"master_deck":["Defend_G+1","Defend_G","Defend_G","Defend_G","Strike_G+1","Strike_G","Survivor+1","Neutralize+1","Dash+1","Bouncing Flask+1","Bane+1","Backflip","Calculated Gamble","Noxious Fumes+1","Venomology+1","Injury","Parasite","Crippling Poison+1","J.A.X.","Writhe","Backstab+1","Cloak And Dagger+1","Footwork","Noxious Fumes+1","Madness+1","Madness+1","Bouncing Flask+1","Malaise"],"max_hp_per_floor":[70,70,70,70,70,70,70,70,70,70,70,70,70,70,70,70,70,70,70,70,70,70,70,70,70,70,70,70,70,70,70,70,70,70,70,70,70,70,70,70,70,70,70,70,70,70,61,61,61,61],"relics":["Ring of the Snake","Mercury Hourglass","Lantern","Art of War","Calling Bell","Blood Vial","Letter Opener","Thread and Needle","Gremlin Horn","Regal Pillow","War Paint","Velvet Choker","Whetstone","Omamori","Anchor","Tingsha","Happy Flower"],"card_choices":[{"not_picked":["Poisoned Stab","Dagger Throw"],"picked":"Dash","floor":1},{"not_picked":["Deflect","Backflip"],"picked":"Bane","floor":5},{"not_picked":["PiercingWail","Sucker Punch"],"picked":"Backflip","floor":8},{"not_picked":["Well Laid Plans","Dagger Throw"],"picked":"Calculated Gamble","floor":10},{"not_picked":["Tools of the Trade","Burst"],"picked":"Venomology","floor":16},{"not_picked":["Bane","Outmaneuver"],"picked":"Crippling Poison","floor":18},{"not_picked":["Infinite Blades","Flying Knee"],"picked":"Backstab","floor":31},{"not_picked":["Bane","Prepared"],"picked":"Cloak And Dagger","floor":35},{"not_picked":["Cloak And Dagger","Flying Knee"],"picked":"Noxious Fumes","floor":37},{"not_picked":["Dagger Spray","Poisoned Stab"],"picked":"Bouncing Flask","floor":42}],"player_experience":120231,"potions_floor_usage":[10,10,16,20,22,24,24,27,27,33,33,33,38,38,38,41,42,46,46,50,50],"damage_taken":[{"damage":4,"enemies":"Jaw Worm","floor":1,"turns":6},{"damage":0,"enemies":"Small Slimes","floor":4,"turns":2},{"damage":0,"enemies":"Cultist","floor":5,"turns":3},{"damage":0,"enemies":"Exordium Wildlife","floor":6,"turns":5},{"damage":17,"enemies":"3 Sentries","floor":8,"turns":7},{"damage":9,"enemies":"Lagavulin","floor":10,"turns":4},{"damage":3,"enemies":"The Guardian","floor":16,"turns":6},{"damage":4,"enemies":"Spheric Guardian","floor":18,"turns":4},{"damage":13,"enemies":"Chosen","floor":20,"turns":5},{"damage":2,"enemies":"Snake Plant","floor":22,"turns":4},{"damage":26,"enemies":"Book of Stabbing","floor":24,"turns":6},{"damage":24,"enemies":"Centurion and Healer","floor":27,"turns":6},{"damage":7,"enemies":"Sentry and Sphere","floor":29,"turns":4},{"damage":4,"enemies":"Snecko","floor":31,"turns":5},{"damage":49,"enemies":"Automaton","floor":33,"turns":10},{"damage":2,"enemies":"3 Shapes","floor":35,"turns":4},{"damage":10,"enemies":"3 Darklings","floor":37,"turns":6},{"damage":0,"enemies":"Maw","floor":38,"turns":8},{"damage":20,"enemies":"Nemesis","floor":41,"turns":7},{"damage":6,"enemies":"Sphere and 2 Shapes","floor":42,"turns":4},{"damage":0,"enemies":"4 Shapes","floor":44,"turns":3},{"damage":31,"enemies":"2 Orb Walkers","floor":46,"turns":4},{"damage":76,"enemies":"Time Eater","floor":50,"turns":12}],"event_choices":[{"event_name":"Living Wall","player_choice":"Grow","floor":2,"damage_taken":0},{"event_name":"Transmorgrifier","player_choice":"Transform","floor":3,"damage_taken":0},{"event_name":"Wheel of Change","player_choice":"Card Removal","floor":14,"damage_taken":0},{"event_name":"Drug Dealer","player_choice":"Got JAXXED","floor":19,"damage_taken":0},{"event_name":"Vampires","player_choice":"Ignored","floor":21,"damage_taken":0},{"event_name":"Beggar","player_choice":"Gave Gold","floor":28,"damage_taken":0},{"event_name":"The Mausoleum","player_choice":"Yes","floor":30,"damage_taken":0},{"event_name":"Winding Halls","player_choice":"Embrace Madness","floor":39,"damage_taken":0},{"event_name":"The Moai Head","player_choice":"Heal","floor":47,"damage_taken":0}],"boss_relics":[{"not_picked":["Sozu","White Beast Statue"],"picked":"Calling Bell"},{"not_picked":["Pandora\u0027s Box","Snecko Eye"],"picked":"Velvet Choker"}],"potions_floor_spawned":[4,5,8,22,24,31,33,38],"seed_played":"5841266680844993123","killed_by":"Time Eater","ascension_level":3,"is_trial":false}