{"gold_per_floor":[17,28,42,55,73,108,108,108,190,219,230,230,230,247,247,346,346,317,330,330,343,343,343,0,0,27,27,56,83,95,124,136,148],"floor_reached":33,"playtime":1742,"items_purged":[],"score":377,"play_id":"c48f62a0-dc79-46ae-8906-117aa8641cd6","local_time":"20190413081909","is_ascension_mode":true,"campfire_choices":[{"floor":7,"key":"REST"},{"data":"Hologram","floor":13,"key":"SMITH"},{"floor":15,"key":"REST"},{"floor":23,"key":"REST"},{"data":"RitualDagger","floor":25,"key":"SMITH"},{"data":"Zap","floor":27,"key":"SMITH"},{"floor":30,"key":"REST"},{"floor":32,"key":"REST"}],"neow_cost":"NO_GOLD","seed_source_timestamp":170973915070507,"circlet_count":0,"master_deck":["Strike_B","Defend_B","Defend_B","Defend_B","Defend_B","Zap+1","Dualcast","Hologram+1","Streamline","Defragment+1","Go for the Eyes+1","Cold Snap","Leap","Thunder Strike+1","Tempest","Echo Form","Force Field","RitualDagger+1","Tempest+1"],"relics":["Cracked Core","Juzu Bracelet","Bottled Lightning","Turnip","Nuclear Battery","Lee\u0027s Waffle","Omamori","Whetstone","MawBank"],"potions_floor_usage":[6,6,16,21,31],"damage_taken":[{"damage":6,"enemies":"Jaw Worm","floor":1,"turns":5},{"damage":2,"enemies":"Small Slimes","floor":2,"turns":4},{"damage":2,"enemies":"2 Louse","floor":3,"turns":3},{"damage":11,"enemies":"Exordium Wildlife","floor":4,"turns":5},{"damage":9,"enemies":"Large Slime","floor":5,"turns":6},{"damage":10,"enemies":"3 Sentries","floor":6,"turns":7},{"damage":12,"enemies":"Lagavulin","floor":10,"turns":6},{"damage":0,"enemies":"Gremlin Gang","floor":11,"turns":7},{"damage":2,"enemies":"Looter","floor":14,"turns":3},{"damage":17,"enemies":"The Guardian","floor":16,"turns":9},{"damage":19,"enemies":"2 Thieves","floor":18,"turns":5},{"damage":0,"enemies":"Spheric Guardian","floor":19,"turns":3},{"damage":18,"enemies":"Centurion and Healer","floor":21,"turns":5},{"damage":43,"enemies":"Slavers","floor":28,"turns":7},{"damage":26,"enemies":"Snake Plant","floor":29,"turns":4},{"damage":13,"enemies":"Snecko","floor":31,"turns":4},{"damage":73,"enemies":"Automaton","floor":33,"turns":6}],"seed_played":"2410827731285722808","potions_obtained":[{"floor":3,"key":"LiquidBronze"},{"floor":4,"key":"SkillPotion"},{"floor":5,"key":"Swift Potion"},{"floor":11,"key":"Poison Potion"},{"floor":28,"key":"Regen Potion"}],"is_trial":false,"path_per_floor":["M","M","M","M","M","E","R","?","T","E","M","?","R","M","R","B",null,"M","M","?","M","?","R","$","R","T","R","E","M","R","M","R","B"],"character_chosen":"DEFECT","items_purchased":["Lee\u0027s Waffle","Omamori"],"campfire_rested":5,"item_purchase_floors":[24,24],"current_hp_per_floor":[62,60,58,47,38,28,50,43,43,31,31,31,31,29,51,34,65,46,46,46,28,22,44,82,82,82,82,39,13,37,33,57,0],"gold":148,"neow_bonus":"REMOVE_TWO","is_prod":false,"is_daily":false,"chose_seed":false,"campfire_upgraded":3,"win_rate":0,"timestamp":1555168749,"path_taken":["M","M","M","M","M","E","R","?","T","E","M","?","R","M","R","BOSS","M","M","?","M","?","R","$","R","T","R","E","M","R","M","R","BOSS"],"build_version":"2019-01-23","purchased_purges":0,"victory":false,"max_hp_per_floor":[75,75,75,75,75,75,75,75,75,75,75,75,75,75,75,75,75,75,75,75,75,75,75,82,82,82,82,82,82,82,82,82,82],"card_choices":[{"not_picked":["Tempest","Redo"],"picked":"Hologram","floor":1},{"not_picked":["Double Energy","Reprogram"],"picked":"Streamline","floor":2},{"not_picked":["Sweeping Beam","Static Discharge"],"picked":"Defragment","floor":3},{"not_picked":["Compile Driver","Gash"],"picked":"Go for the Eyes","floor":4},{"not_picked":["FTL","Conserve Battery"],"picked":"Cold Snap","floor":5},{"not_picked":["Beam Cell","Gash"],"picked":"Leap","floor":6},{"not_picked":["Redo","Stack"],"picked":"Thunder Strike","floor":10},{"not_picked":["Leap","Beam Cell"],"picked":"Tempest","floor":11},{"not_picked":["Barrage","Darkness","Sweeping Beam"],"picked":"SKIP","floor":14},{"not_picked":["Seek","Thunder Strike"],"picked":"Echo Form","floor":16},{"not_picked":["Redo","Darkness","Barrage"],"picked":"SKIP","floor":18},{"not_picked":["Stack","Barrage","Gash"],"picked":"SKIP","floor":19},{"not_picked":["Go for the Eyes","Static Discharge"],"picked":"Force Field","floor":21},{"not_picked":["Rip and Tear+1","FTL+1"],"picked":"Tempest+1","floor":28},{"not_picked":["Cold Snap","Barrage+1","Aggregate"],"picked":"SKIP","floor":29},{"not_picked":["Leap","Aggregate","Stack"],"picked":"SKIP","floor":31}],"player_experience":305951,"relics_obtained":[{"floor":6,"key":"Juzu Bracelet"},{"floor":9,"key":"Bottled Lightning"},{"floor":10,"key":"Turnip"},{"floor":26,"key":"Whetstone"},{"floor":28,"key":"MawBank"}],"event_choices":[{"cards_removed":["Strike_B"],"damage_healed":0,"gold_gain":0,"player_choice":"Card Removal","damage_taken":7,"max_hp_gain":0,"max_hp_loss":0,"event_name":"Golden Wing","floor":8,"gold_loss":0},{"damage_healed":0,"gold_gain":0,"player_choice":"Grow","damage_taken":0,"max_hp_gain":0,"max_hp_loss":0,"event_name":"Living Wall","floor":12,"gold_loss":0,"cards_upgraded":["Defragment"]},{"damage_healed":0,"gold_gain":0,"player_choice":"Ignored","damage_taken":0,"max_hp_gain":0,"max_hp_loss":0,"event_name":"Vampires","floor":20,"gold_loss":0},{"damage_healed":0,"gold_gain":0,"player_choice":"Joined the Cult","damage_taken":6,"max_hp_gain":0,"max_hp_loss":0,"event_name":"Nest","floor":22,"gold_loss":0,"cards_obtained":["RitualDagger"]}],"is_beta":false,"boss_relics":[{"not_picked":["Inserter","Empty Cage"],"picked":"Nuclear Battery"}],"items_purged_floors":[],"is_endless":false,"potions_floor_spawned":[3,4,5,11,28],"killed_by":"Automaton","ascension_level":7}