{"gold_per_floor":[109,109,123,27,47,47,11,43,43,43,43,63,63,82,82,159,209,224,167,167,167,167,167,186,220,220,237,17,17,17],"floor_reached":30,"playtime":2446,"items_purged":[],"score":443,"play_id":"dbc3d14e-14e0-4ccb-ac37-b981bf674255","local_time":"20190311222528","is_ascension_mode":true,"campfire_choices":[{"data":"Scrape","floor":6.0,"key":"SMITH"},{"data":"Sunder","floor":11.0,"key":"SMITH"},{"data":"Defragment","floor":13.0,"key":"SMITH"},{"data":"Coolheaded","floor":15.0,"key":"SMITH"},{"data":"Scrape","floor":23.0,"key":"SMITH"},{"floor":29.0,"key":"REST"}],"neow_cost":"NONE","seed_source_timestamp":0,"circlet_count":0,"master_deck":["AscendersBane","Strike_B","Strike_B+1","Strike_B","Defend_B","Defend_B","Defend_B","Defend_B","Zap","Dualcast","Sunder+1","Fusion","Ball Lightning","Scrape+1","Coolheaded+1","Hello World","Defragment+1","Loop","Rainbow","Decay","Scrape+1","Chill","Compile Driver"],"special_seed":0,"relics":["Snecko Eye","Pantograph","Lantern","Tiny House","Dream Catcher","Blood Vial","Runic Capacitor"],"potions_floor_usage":[],"damage_taken":[{"damage":0.0,"enemies":"2 Louse","floor":1.0,"turns":4.0},{"damage":0.0,"enemies":"Cultist","floor":3.0,"turns":2.0},{"damage":0.0,"enemies":"Jaw Worm","floor":5.0,"turns":1.0},{"damage":12.0,"enemies":"Lagavulin","floor":8.0,"turns":4.0},{"damage":0.0,"enemies":"3 Louse","floor":12.0,"turns":2.0},{"damage":0.0,"enemies":"Red Slaver","floor":14.0,"turns":1.0},{"damage":1.0,"enemies":"The Guardian","floor":16.0,"turns":13.0},{"damage":0.0,"enemies":"Spheric Guardian","floor":18.0,"turns":3.0},{"damage":0.0,"enemies":"3 Byrds","floor":24.0,"turns":2.0},{"damage":73.0,"enemies":"Slavers","floor":25.0,"turns":7.0},{"damage":0.0,"enemies":"Snecko","floor":27.0,"turns":3.0},{"damage":29,"enemies":"Shelled Parasite and Fungi","floor":30,"turns":2}],"seed_played":"7204550373541223483","potions_obtained":[{"floor":1.0,"key":"Explosive Potion"},{"floor":12.0,"key":"AttackPotion"},{"floor":14.0,"key":"FearPotion"},{"floor":17.0,"key":"PowerPotion"},{"floor":24.0,"key":"Energy Potion"},{"floor":25.0,"key":"Poison Potion"}],"is_trial":false,"path_per_floor":["M","?","M","$","M","R","$","E","T","$","R","M","R","M","R","B",null,"M","$","?","?","?","R","M","E","T","M","$","R","M"],"character_chosen":"DEFECT","items_purchased":["AttackPotion","Scrape","Hello World","PowerPotion","Runic Capacitor"],"campfire_rested":1,"item_purchase_floors":[4,4,7,19,28],"current_hp_per_floor":[64,64,64,64,64,64,64,52,52,52,52,52,52,52,52,70,76,76,76,76,76,76,76,76,3,3,5,5,27,0],"gold":17,"neow_bonus":"BOSS_RELIC","is_prod":false,"is_daily":false,"chose_seed":false,"campfire_upgraded":5,"win_rate":0,"timestamp":1552361128,"path_taken":["M","?","?","?","M","R","$","E","T","$","R","M","R","M","R","BOSS","M","$","?","?","?","R","M","E","T","M","?","R","M"],"build_version":"2019-01-23","purchased_purges":0,"victory":false,"max_hp_per_floor":[71,71,71,71,71,71,71,71,71,71,71,71,71,71,71,71,76,76,76,76,76,76,76,76,76,76,76,76,76,76],"card_choices":[{"not_picked":["Go for the Eyes","Compile Driver"],"picked":"Sunder","floor":1.0},{"not_picked":["Stack","Rip and Tear"],"picked":"Ball Lightning","floor":3.0},{"not_picked":["Recycle","Gash"],"picked":"Coolheaded","floor":5.0},{"not_picked":["Hyperbeam","Tempest","Turbo"],"picked":"SKIP","floor":8.0},{"not_picked":["Leap","Aggregate"],"picked":"Defragment","floor":12.0},{"not_picked":["Ball Lightning","Beam Cell"],"picked":"Loop","floor":14.0},{"not_picked":["Seek","Fission"],"picked":"Rainbow","floor":16.0},{"not_picked":["Beam Cell","Streamline+1","Go for the Eyes"],"picked":"SKIP","floor":18.0},{"not_picked":["Conserve Battery+1","Hologram","Cold Snap"],"picked":"SKIP","floor":24.0},{"not_picked":["Steam Power+1","Conserve Battery+1"],"picked":"Chill","floor":25.0},{"not_picked":["Streamline","Amplify"],"picked":"Compile Driver","floor":27.0}],"player_experience":679948,"relics_obtained":[{"floor":8.0,"key":"Pantograph"},{"floor":9.0,"key":"Lantern"},{"floor":25.0,"key":"Dream Catcher"},{"floor":26.0,"key":"Blood Vial"}],"event_choices":[{"damage_healed":0.0,"max_hp_gain":0.0,"max_hp_loss":0.0,"gold_gain":0.0,"cards_transformed":["Strike_B"],"event_name":"Transmorgrifier","player_choice":"Transformed","floor":2.0,"gold_loss":0.0,"damage_taken":0.0,"cards_obtained":["Fusion"]},{"damage_healed":0.0,"max_hp_gain":0.0,"max_hp_loss":0.0,"gold_gain":0.0,"event_name":"Forgotten Altar","player_choice":"Smashed Altar","floor":20.0,"gold_loss":0.0,"damage_taken":0.0,"cards_obtained":["Decay"]},{"damage_healed":0.0,"max_hp_gain":0.0,"max_hp_loss":0.0,"gold_gain":0.0,"event_name":"Vampires","player_choice":"Ignored","floor":21.0,"gold_loss":0.0,"damage_taken":0.0},{"damage_healed":0.0,"max_hp_gain":0.0,"max_hp_loss":0.0,"gold_gain":0.0,"event_name":"The Library","player_choice":"Read","floor":22.0,"gold_loss":0.0,"damage_taken":0.0,"cards_obtained":["Scrape"]}],"is_beta":false,"boss_relics":[{"not_picked":["Philosopher\u0027s Stone","Busted Crown"],"picked":"Tiny House"}],"items_purged_floors":[],"is_endless":false,"potions_floor_spawned":[1,12,14,24,25],"killed_by":"Shelled Parasite and Fungi","ascension_level":16}