{"gold_per_floor":[117,292,292,62,137,168,168,209,209,209,234,234,234,79,79,202,265,290,290,313,64,64,64,79,79,159,173,173,173,173,125,125,125],"floor_reached":33,"playtime":1047,"items_purged":["Doubt","Fission"],"score":386,"play_id":"6945e720-9cf5-4685-b1bf-58182c278903","local_time":"20190212004035","is_ascension_mode":true,"campfire_choices":[{"data":"Zap","floor":7,"key":"SMITH"},{"data":"Reboot","floor":10,"key":"SMITH"},{"floor":13,"key":"RECALL"},{"data":"Thunder Strike","floor":15,"key":"SMITH"},{"floor":23,"key":"REST"},{"floor":25,"key":"REST"},{"floor":30,"key":"REST"},{"floor":32,"key":"REST"}],"neow_cost":"NONE","seed_source_timestamp":556386680873395,"circlet_count":0,"master_deck":["Strike_B","Strike_B+1","Defend_B","Defend_B","Defend_B","Defend_B","Zap+1","Dualcast","Steam Power","Reboot","Reboot+1","Gash","Thunder Strike+1","Echo Form","Gash","Capacitor","Undo","Stack+1","Rebound","Rebound"],"relics":["Cracked Core","NeowsBlessing","Bloody Idol","WingedGreaves","Symbiotic Virus","Pear","Question Card","Tiny House","DataDisk","Enchiridion","Cables"],"potions_floor_usage":[27,33,33],"damage_taken":[{"damage":0,"enemies":"Cultist","floor":1,"turns":1},{"damage":0,"enemies":"Lagavulin","floor":6,"turns":1},{"damage":0,"enemies":"Gremlin Nob","floor":8,"turns":1},{"damage":8,"enemies":"2 Louse","floor":11,"turns":3},{"damage":22,"enemies":"The Guardian","floor":16,"turns":8},{"damage":26,"enemies":"Shell Parasite","floor":18,"turns":6},{"damage":14,"enemies":"Chosen","floor":20,"turns":4},{"damage":27,"enemies":"Snake Plant","floor":24,"turns":6},{"damage":43,"enemies":"Centurion and Healer","floor":27,"turns":5},{"damage":58,"enemies":"Collector","floor":33,"turns":6}],"seed_played":"-9204624947657872441","potions_obtained":[{"floor":6,"key":"Energy Potion"},{"floor":8,"key":"Explosive Potion"},{"floor":11,"key":"LiquidBronze"},{"floor":18,"key":"FairyPotion"},{"floor":27,"key":"SpeedPotion"}],"is_trial":false,"path_per_floor":["M","?","?","$","?","E","R","E","T","R","M","T","R","$","R","B",null,"M","?","M","$","?","R","M","R","T","M","?","?","R","$","R","B"],"character_chosen":"DEFECT","items_purchased":["Reboot","Thunder Strike","DataDisk","PowerPotion"],"campfire_rested":4,"item_purchase_floors":[4,14,21,31],"current_hp_per_floor":[68,68,68,68,57,57,57,57,67,67,59,59,59,59,59,37,74,48,48,34,34,18,43,16,41,41,8,8,8,33,33,58,0],"gold":125,"neow_bonus":"THREE_ENEMY_KILL","is_prod":false,"is_daily":false,"chose_seed":false,"campfire_upgraded":3,"win_rate":0,"timestamp":1549953635,"path_taken":["M","?","?","$","?","E","R","E","T","R","M","?","R","?","R","BOSS","M","?","M","$","?","R","?","R","T","M","?","?","R","$","R","BOSS"],"build_version":"2019-01-23","purchased_purges":2,"victory":false,"max_hp_per_floor":[75,75,69,69,69,69,69,69,79,79,79,79,79,79,79,79,84,84,84,84,84,84,84,84,84,84,84,84,84,84,84,84,84],"card_choices":[{"not_picked":["Beam Cell","Go for the Eyes"],"picked":"Steam Power","floor":1},{"not_picked":["Cold Snap","Reinforced Body"],"picked":"Reboot","floor":6},{"not_picked":["Barrage","Blizzard"],"picked":"Gash","floor":8},{"not_picked":["Lockon","Redo","Go for the Eyes"],"picked":"SKIP","floor":11},{"not_picked":["Rainbow","Biased Cognition","Hyperbeam"],"picked":"Echo Form","floor":16},{"not_picked":["Rebound","Rip and Tear","Steam"],"picked":"Gash","floor":17},{"not_picked":["Leap","Compile Driver","Hologram"],"picked":"Fission","floor":18},{"not_picked":["Go for the Eyes+1","Streamline","Steam"],"picked":"Stack+1","floor":20},{"not_picked":["Darkness","Stack","White Noise+1"],"picked":"Rebound","floor":24},{"not_picked":["Redo","Ball Lightning","Rip and Tear"],"picked":"Rebound","floor":27}],"player_experience":478737,"relics_obtained":[{"floor":6,"key":"WingedGreaves"},{"floor":8,"key":"Symbiotic Virus"},{"floor":9,"key":"Pear"},{"floor":12,"key":"Question Card"},{"floor":22,"key":"Enchiridion"},{"floor":26,"key":"Cables"}],"event_choices":[{"damage_healed":0,"gold_gain":175,"player_choice":"AGREE","damage_taken":0,"max_hp_gain":0,"max_hp_loss":0,"event_name":"Liars Game","floor":2,"gold_loss":0,"cards_obtained":["Doubt"]},{"damage_healed":0,"gold_gain":0,"player_choice":"Lose Max HP","damage_taken":0,"relics_obtained":["Golden Idol"],"max_hp_gain":0,"max_hp_loss":6,"event_name":"Golden Idol","floor":3,"gold_loss":0},{"damage_healed":0,"gold_gain":75,"player_choice":"Gather Gold","damage_taken":11,"max_hp_gain":0,"max_hp_loss":0,"event_name":"World of Goop","floor":5,"gold_loss":0},{"damage_healed":0,"gold_gain":0,"cards_transformed":["Strike_B","Strike_B"],"player_choice":"Became Test Subject","damage_taken":0,"max_hp_gain":0,"max_hp_loss":0,"event_name":"Drug Dealer","floor":19,"gold_loss":0,"cards_obtained":["Capacitor","Undo"]},{"damage_healed":0,"gold_gain":0,"player_choice":"Obtained Book","damage_taken":16,"max_hp_gain":0,"max_hp_loss":0,"event_name":"Cursed Tome","floor":22,"gold_loss":0},{"damage_healed":0,"gold_gain":0,"player_choice":"Ignored","damage_taken":0,"max_hp_gain":0,"max_hp_loss":0,"event_name":"Beggar","floor":28,"gold_loss":0},{"damage_healed":0,"gold_gain":0,"player_choice":"Gave Idol","damage_taken":0,"relics_obtained":["Bloody Idol"],"max_hp_gain":0,"max_hp_loss":0,"event_name":"Forgotten Altar","floor":29,"relics_lost":["Golden Idol"],"gold_loss":0}],"is_beta":false,"boss_relics":[{"not_picked":["Runic Dome","Coffee Dripper"],"picked":"Tiny House"}],"items_purged_floors":[4,21],"is_endless":false,"potions_floor_spawned":[6,8,11,18,27],"killed_by":"Collector","ascension_level":6}