{"gold_per_floor":[113,128,128,147,147,147,176,176,225,237,251,251,22,40,40,145,195,208,133,147,74,91,107,107,107,107,120,120,20,20,48,48,149,149,169,19,1018,1030,656,656,689,659,711,711,621,652,259,273,273,273],"floor_reached":50,"playtime":6345,"items_purged":["Defend_G","Decay","Strike_G","Normality"],"score":593,"play_id":"2315b89a-1b2b-4c41-ba2a-2bf5bac80e8d","local_time":"20190409153523","is_ascension_mode":false,"campfire_choices":[{"data":"Quick Slash","floor":6,"key":"SMITH"},{"floor":8,"key":"REST"},{"data":"Caltrops","floor":15,"key":"SMITH"},{"floor":24,"key":"REST"},{"floor":28,"key":"REST"},{"floor":32,"key":"REST"},{"floor":40,"key":"REST"},{"floor":44,"key":"REST"},{"floor":49,"key":"REST"}],"neow_cost":"NONE","seed_source_timestamp":409926278822288,"circlet_count":0,"master_deck":["Defend_G","Defend_G","Defend_G+1","Defend_G","Strike_G","Strike_G","Strike_G","Strike_G","Survivor","Neutralize","Quick Slash+1","Deadly Poison","Acrobatics","Unload","Poisoned Stab","Noxious Fumes+1","Caltrops+1","Bullet Time","Noxious Fumes","Noxious Fumes","Infinite Blades","Escape Plan+1","Sucker Punch","Malaise","Flying Knee","Well Laid Plans","Parasite"],"relics":["Ring of the Snake","Juzu Bracelet","Regal Pillow","Girya","Orichalcum","Tiny House","Darkstone Periapt","Bag of Preparation","Shuriken","Busted Crown","Happy Flower","Dream Catcher","Vajra","Ancient Tea Set","Ginger"],"potions_floor_usage":[16,23,31,33,33,33,41,46,46,47,50,50],"damage_taken":[{"damage":0,"enemies":"Jaw Worm","floor":1,"turns":8},{"damage":2,"enemies":"Small Slimes","floor":2,"turns":4},{"damage":0,"enemies":"2 Louse","floor":4,"turns":5},{"damage":21,"enemies":"Lagavulin","floor":7,"turns":7},{"damage":2,"enemies":"Blue Slaver","floor":10,"turns":3},{"damage":0,"enemies":"Red Slaver","floor":11,"turns":4},{"damage":3,"enemies":"3 Louse","floor":14,"turns":4},{"damage":32,"enemies":"Slime Boss","floor":16,"turns":11},{"damage":6,"enemies":"Spheric Guardian","floor":18,"turns":4},{"damage":15,"enemies":"Shell Parasite","floor":20,"turns":5},{"damage":32,"enemies":"Snake Plant","floor":22,"turns":4},{"damage":8,"enemies":"Cultist and Chosen","floor":23,"turns":7},{"damage":30,"enemies":"Shelled Parasite and Fungi","floor":27,"turns":5},{"damage":37,"enemies":"Slavers","floor":31,"turns":5},{"damage":36,"enemies":"Automaton","floor":33,"turns":8},{"damage":55,"enemies":"3 Darklings","floor":35,"turns":6},{"damage":2,"enemies":"3 Shapes","floor":38,"turns":6},{"damage":31,"enemies":"Reptomancer","floor":41,"turns":7},{"damage":62,"enemies":"Giant Head","floor":46,"turns":8},{"damage":3,"enemies":"Writhing Mass","floor":48,"turns":5},{"damage":101,"enemies":"Awakened One","floor":50,"turns":4}],"seed_played":"629115209532462653","potions_obtained":[{"floor":1,"key":"Dexterity Potion"},{"floor":7,"key":"GhostInAJar"},{"floor":10,"key":"GhostInAJar"},{"floor":16,"key":"GhostInAJar"},{"floor":17,"key":"FearPotion"},{"floor":27,"key":"Regen Potion"},{"floor":31,"key":"Block Potion"},{"floor":38,"key":"PowerPotion"},{"floor":41,"key":"Regen Potion"},{"floor":42,"key":"PowerPotion"},{"floor":42,"key":"SteroidPotion"},{"floor":46,"key":"SteroidPotion"}],"is_trial":false,"path_per_floor":["M","M","?","M","?","R","E","R","T","M","M","?","$","M","R","B",null,"M","$","M","$","M","M","R","?","T","M","R","$","?","E","R","B",null,"M","$","?","M","$","R","E","?","T","R","?","E","$","M","R","B"],"character_chosen":"THE_SILENT","items_purchased":["Noxious Fumes","Orichalcum","Infinite Blades","Flying Knee","Well Laid Plans","Happy Flower","Fruit Juice","Ginger"],"campfire_rested":7,"item_purchase_floors":[13,13,21,36,39,39,47,47],"current_hp_per_floor":[77,75,75,75,75,75,54,77,77,75,75,68,68,65,65,33,82,76,76,61,61,29,21,60,60,60,30,69,69,69,41,80,44,82,27,27,39,37,37,80,49,49,49,92,92,39,44,47,93,0],"gold":273,"neow_bonus":"TEN_PERCENT_HP_BONUS","is_prod":false,"is_daily":false,"chose_seed":false,"campfire_upgraded":2,"win_rate":0.0,"timestamp":1554849323,"path_taken":["M","M","?","M","?","R","E","R","T","M","M","?","$","M","R","BOSS","M","$","M","$","M","M","R","?","T","M","R","$","?","E","R","BOSS","M","$","?","M","$","R","E","?","T","R","?","E","?","M","R","BOSS"],"build_version":"2019-01-23","purchased_purges":4,"victory":false,"max_hp_per_floor":[77,77,77,77,77,77,77,77,77,77,77,77,77,77,77,77,82,82,82,82,82,82,82,82,82,82,82,82,82,82,82,82,82,82,82,82,94,94,94,94,94,94,94,94,94,94,99,105,105,105],"card_choices":[{"not_picked":["Crippling Poison","Deadly Poison"],"picked":"Quick Slash","floor":1},{"not_picked":["Leg Sweep","Quick Slash"],"picked":"Deadly Poison","floor":2},{"not_picked":["Dodge and Roll","Footwork"],"picked":"Acrobatics","floor":4},{"not_picked":["Masterful Stab","Acrobatics"],"picked":"Unload","floor":7},{"not_picked":["Deflect","Sucker Punch"],"picked":"Poisoned Stab","floor":10},{"not_picked":["Acrobatics","Prepared","Dash"],"picked":"SKIP","floor":11},{"not_picked":["Dash","Predator"],"picked":"Caltrops","floor":14},{"not_picked":["Die Die Die","After Image"],"picked":"Bullet Time","floor":16},{"not_picked":["Backflip+1","Outmaneuver+1"],"picked":"Noxious Fumes","floor":18},{"not_picked":["Prepared","Deflect"],"picked":"Noxious Fumes","floor":20},{"not_picked":["Riddle With Holes+1","Poisoned Stab","Backstab"],"picked":"SKIP","floor":22},{"not_picked":["Deflect+1","Night Terror","Skewer+1"],"picked":"SKIP","floor":23},{"not_picked":["Endless Agony+1","Predator"],"picked":"Escape Plan+1","floor":27},{"not_picked":["PiercingWail","Quick Slash"],"picked":"Sucker Punch","floor":31},{"not_picked":["Night Terror","After Image"],"picked":"Malaise","floor":33},{"not_picked":["Quick Slash"],"picked":"SKIP","floor":35},{"not_picked":["Quick Slash+1"],"picked":"SKIP","floor":38},{"not_picked":["Masterful Stab+1"],"picked":"SKIP","floor":41},{"not_picked":["Deflect"],"picked":"SKIP","floor":46},{"not_picked":["Dagger Spray"],"picked":"SKIP","floor":48}],"player_experience":2650,"relics_obtained":[{"floor":7,"key":"Juzu Bracelet"},{"floor":9,"key":"Regal Pillow"},{"floor":26,"key":"Darkstone Periapt"},{"floor":31,"key":"Shuriken"},{"floor":41,"key":"Dream Catcher"},{"floor":43,"key":"Vajra"},{"floor":46,"key":"Ancient Tea Set"}],"event_choices":[{"damage_healed":0,"gold_gain":0,"player_choice":"Ignored","damage_taken":0,"max_hp_gain":0,"max_hp_loss":0,"event_name":"Golden Wing","floor":3,"gold_loss":0},{"damage_healed":0,"gold_gain":0,"player_choice":"Ignored","damage_taken":0,"max_hp_gain":0,"max_hp_loss":0,"event_name":"Liars Game","floor":5,"gold_loss":0},{"damage_healed":0,"gold_gain":0,"player_choice":"Success","damage_taken":7,"relics_obtained":["Girya"],"max_hp_gain":0,"max_hp_loss":0,"event_name":"Scrap Ooze","floor":12,"gold_loss":0},{"damage_healed":0,"gold_gain":0,"player_choice":"Smashed Altar","damage_taken":0,"max_hp_gain":0,"max_hp_loss":0,"event_name":"Forgotten Altar","floor":25,"gold_loss":0,"cards_obtained":["Decay"]},{"damage_healed":0,"gold_gain":0,"player_choice":"Opened","damage_taken":0,"relics_obtained":["Bag of Preparation"],"max_hp_gain":0,"max_hp_loss":0,"event_name":"The Mausoleum","floor":30,"gold_loss":0},{"damage_healed":0,"gold_gain":999,"player_choice":"Gold","damage_taken":0,"max_hp_gain":0,"max_hp_loss":0,"event_name":"MindBloom","floor":37,"gold_loss":0,"cards_obtained":["Normality","Normality"]},{"damage_healed":0,"gold_gain":0,"player_choice":"Bought 2 Potions","damage_taken":0,"max_hp_gain":0,"max_hp_loss":0,"event_name":"The Woman in Blue","floor":42,"gold_loss":0},{"cards_removed":["Normality"],"damage_healed":0,"gold_gain":0,"player_choice":"Upgrade and Remove","damage_taken":0,"max_hp_gain":0,"max_hp_loss":0,"event_name":"Designer","floor":45,"gold_loss":90,"cards_upgraded":["Noxious Fumes"]}],"is_beta":false,"boss_relics":[{"not_picked":["Ectoplasm","Cursed Key"],"picked":"Tiny House"},{"not_picked":["Velvet Choker","White Beast Statue"],"picked":"Busted Crown"}],"items_purged_floors":[19,29,36,39],"is_endless":false,"potions_floor_spawned":[1,7,10,16,22,27,31,38,41,46],"killed_by":"Awakened One","ascension_level":0}