{"path_per_floor":["M","$","?","?","?","R","M","R","T","E","$","M","M","M","R","B",null,"M","$","M","M","$","R","E","R","T","E","R","$","?","M","R"],"character_chosen":"IRONCLAD","items_purchased":["Inflame"],"gold_per_floor":[115,48,48,48,48,48,68,68,68,102,27,44,56,71,71,172,172,112,12,25,37,37,37,72,72,97,122,122,122,47,58,58],"floor_reached":33,"campfire_rested":2,"playtime":1839,"current_hp_per_floor":[80,80,80,80,64,64,70,70,70,67,67,75,68,74,74,67,80,77,77,70,71,71,71,50,74,74,73,73,73,73,58,80],"items_purged":["Strike_R","Berserk"],"gold":58,"play_id":"b8e124e1-bad9-492c-a9d3-308a2e1433b3","is_prod":false,"is_daily":false,"is_ascension_mode":false,"campfire_upgraded":5,"path_taken":["M","$","?","?","?","R","?","R","T","E","$","M","M","M","R","BOSS","M","$","M","M","$","R","E","R","T","E","R","$","?","M","R","BOSS"],"build_version":"2018-01-25-PROD3","purchased_purges":2,"victory":false,"master_deck":["Strike_R","Strike_R+1","Strike_R","Defend_R","Defend_R","Defend_R","Defend_R","Bash+1","Inflame+1","Bandage Up+1","Flame Barrier+1","Flex","Juggernaut","Twin Strike","Pommel Strike+1","Cleave+1","Dual Wield","Shrug It Off+1","Dropkick","Battle Trance"],"max_hp_per_floor":[80,80,80,80,80,80,80,80,80,80,80,80,80,80,80,80,80,80,80,80,80,80,80,80,80,80,80,80,80,80,80,80],"relics":["Burning Blood","Lantern","Letter Opener","Cursed Key","Prayer Wheel","Dream Catcher","Meat on the Bone"],"card_choices":[{"not_picked":["Heavy Blade","Hemokinesis"],"picked":"Flex"},{"not_picked":["Havoc","Rage"],"picked":"Berserk"},{"not_picked":["Immolate","Limit Break"],"picked":"Juggernaut"},{"not_picked":["Wild Strike","Sever Soul"],"picked":"Twin Strike"},{"not_picked":["Thunderclap","Shrug It Off"],"picked":"Pommel Strike"},{"not_picked":["Clothesline","Body Slam"],"picked":"Cleave"},{"not_picked":["Clash","Second Wind"],"picked":"Dual Wield"},{"not_picked":["Dual Wield","Body Slam"],"picked":"Shrug It Off"},{"not_picked":["Sword Boomerang","Havoc"],"picked":"Dropkick"},{"not_picked":["Clash","Flex"],"picked":"Battle Trance"}],"player_experience":48019,"potions_floor_usage":[16,16,21,24,27,33],"damage_taken":[{"damage":5,"enemies":"Jaw Worm","floor":1,"turns":5},{"damage":0,"enemies":"Small Slimes","floor":7,"turns":3},{"damage":13,"enemies":"Lagavulin","floor":10,"turns":8},{"damage":2,"enemies":"Blue Slaver","floor":12,"turns":4},{"damage":17,"enemies":"Large Slime","floor":13,"turns":6},{"damage":4,"enemies":"Gremlin Gang","floor":14,"turns":5},{"damage":19,"enemies":"Slime Boss","floor":16,"turns":10},{"damage":15,"enemies":"2 Thieves","floor":18,"turns":4},{"damage":16,"enemies":"Spheric Guardian","floor":20,"turns":4},{"damage":11,"enemies":"3 Cultists","floor":21,"turns":5},{"damage":33,"enemies":"Slavers","floor":24,"turns":5},{"damage":13,"enemies":"Gremlin Leader","floor":27,"turns":6},{"damage":39,"enemies":"Snake Plant","floor":31,"turns":4},{"damage":108,"enemies":"Automaton","floor":33,"turns":12}],"event_choices":[{"event_name":"Liars Game","player_choice":"disagreed","floor":3,"damage_taken":0},{"event_name":"Match and Keep!","player_choice":"2 cards matched","floor":4,"damage_taken":0},{"event_name":"Shining Light","player_choice":"Entered Light","floor":5,"damage_taken":0},{"event_name":"Beggar","player_choice":"Gave Gold","floor":30,"damage_taken":0}],"boss_relics":[{"not_picked":["White Beast Statue","Calling Bell"],"picked":"Cursed Key"}],"potions_floor_spawned":[1,10,12,13,20,24,31],"seed_played":"-7919631386362055456","killed_by":"Automaton","ascension_level":0,"is_trial":false}