{"path_per_floor":["M","?","?","$","M","R","M","R","T","M","M","E","?","M","R","B",null,"M","?","?","M","$","R","M","R","T","E"],"character_chosen":"DEFECT","items_purchased":[],"gold_per_floor":[114,114,114,39,54,54,70,70,70,86,100,134,198,216,216,318,318,328,243,243,258,158,158,174,174,198,232,232],"floor_reached":28,"campfire_rested":2,"playtime":714,"current_hp_per_floor":[73,70,63,63,61,61,55,55,55,50,40,27,17,17,39,26,75,59,59,59,54,54,54,45,67,67,28,0],"items_purged":["Defend_B","Regret"],"gold":232,"score":238,"play_id":"c9ec98f0-225c-4c43-838f-b81321657a95","local_time":"20180511011510","is_prod":false,"is_daily":false,"chose_seed":false,"is_ascension_mode":false,"campfire_upgraded":3,"timestamp":1525994110,"path_taken":["M","?","?","?","M","R","M","R","T","M","?","E","?","M","R","BOSS","M","?","?","M","$","R","M","R","T","E","?"],"build_version":"2018-05-10","seed_source_timestamp":485261306847219,"purchased_purges":2,"victory":false,"master_deck":["Strike_B","Strike_B","Strike_B","Defend_B","Defend_B+1","Defend_B","Zap+1","Dualcast","Streamline+1","Streamline+1","Streamline+1","White Noise","Defragment","Leap","Seek","Decay","Decay","Leap+1","Auto Shields"],"max_hp_per_floor":[75,75,75,75,75,75,75,75,75,75,75,75,75,75,75,75,75,75,75,75,75,75,75,75,75,75,75,75],"relics":["Cracked Core","Ginger","Mummified Hand","Dodecahedron","Torii","Calling Bell","War Paint","Meat on the Bone","Ice Cream","Bag of Preparation","Blood Vial","Regal Pillow"],"card_choices":[{"not_picked":["Hologram","Double Energy"],"picked":"Streamline","floor":0},{"not_picked":["Go for the Eyes","Coolheaded"],"picked":"Streamline","floor":5},{"not_picked":["Undo","Stack"],"picked":"Streamline","floor":7},{"not_picked":["Beam Cell","Hologram"],"picked":"White Noise","floor":11},{"not_picked":["Barrage","Cold Snap"],"picked":"Defragment","floor":13},{"not_picked":["Melter","FTL"],"picked":"Leap","floor":14},{"not_picked":["Amplify","Buffer"],"picked":"Seek","floor":16},{"not_picked":["Streamline","Redo"],"picked":"Leap","floor":18},{"not_picked":["Cold Snap","Barrage"],"picked":"Auto Shields","floor":27}],"player_experience":48206,"potions_floor_usage":[12,12,12,16],"damage_taken":[{"damage":2,"enemies":"Small Slimes","floor":1,"turns":2},{"damage":2,"enemies":"2 Louse","floor":5,"turns":3},{"damage":6,"enemies":"Jaw Worm","floor":7,"turns":2},{"damage":5,"enemies":"Looter","floor":10,"turns":2},{"damage":10,"enemies":"3 Louse","floor":11,"turns":3},{"damage":13,"enemies":"Lagavulin","floor":12,"turns":3},{"damage":10,"enemies":"3 Sentries","floor":13,"turns":5},{"damage":0,"enemies":"Exordium Wildlife","floor":14,"turns":2},{"damage":28,"enemies":"The Guardian","floor":16,"turns":8},{"damage":16,"enemies":"Shell Parasite","floor":18,"turns":5},{"damage":5,"enemies":"Spheric Guardian","floor":21,"turns":3},{"damage":16,"enemies":"Centurion and Healer","floor":24,"turns":5},{"damage":53,"enemies":"Book of Stabbing","floor":27,"turns":6},{"damage":30,"enemies":"Snake Plant","floor":28,"turns":3}],"event_choices":[{"event_name":"Scrap Ooze","player_choice":"success","floor":2,"damage_taken":3},{"event_name":"Golden Wing","player_choice":"Card Removal","floor":3,"damage_taken":0},{"event_name":"Dead Adventurer","player_choice":"Searched \u00272\u0027 times","floor":13,"damage_taken":0},{"event_name":"Addict","player_choice":"Obtained Relic","floor":19,"damage_taken":0},{"event_name":"Ghosts","player_choice":"Ignored","floor":20,"damage_taken":0}],"boss_relics":[{"not_picked":["White Beast Statue","Ectoplasm"],"picked":"Calling Bell"}],"potions_floor_spawned":[5,7,11,14,24],"seed_played":"-3300547319400988929","killed_by":"Snake Plant","ascension_level":0,"is_trial":false}