{"path_per_floor":["M","M","?","M","$","R","E","M","T","M","E","R","E","?","R","B",null,"M","?","?","M"],"character_chosen":"THE_SILENT","items_purchased":["Outmaneuver"],"gold_per_floor":[115,129,129,144,19,19,53,64,64,84,115,115,141,316,316,419,419,438,438,438,420,420],"floor_reached":22,"campfire_rested":1,"playtime":1104,"current_hp_per_floor":[62,62,62,62,62,62,51,47,47,46,20,41,29,29,29,23,58,34,34,34,2,0],"items_purged":["Strike_G"],"gold":420,"score":265,"play_id":"892b4fdb-57c6-4cc5-b11b-b396dd304a65","local_time":"20180320044233","is_prod":false,"is_daily":false,"is_ascension_mode":true,"campfire_upgraded":2,"timestamp":1521546153,"path_taken":["M","?","?","?","$","R","E","M","T","M","E","R","E","?","R","BOSS","M","?","?","?","M"],"build_version":"2018-03-19","purchased_purges":1,"victory":false,"master_deck":["Survivor","Neutralize+1","Infinite Blades","Infinite Blades","Backflip","Outmaneuver","Backstab","Leg Sweep+1","Dodge and Roll","Flying Knee","Burst","Outmaneuver","Dodge and Roll","Dagger Spray","Bane","Escape Plan","Caltrops","Flying Knee","Slice","Infinite Blades","Backflip"],"max_hp_per_floor":[70,70,70,70,70,70,70,70,70,70,70,70,70,70,70,70,70,70,70,70,70,70],"relics":["Philosopher\u0027s Stone","Dodecahedron","Happy Flower","Omamori","Orichalcum","Pandora\u0027s Box"],"card_choices":[{"not_picked":["Bouncing Flask","Blade Dance"],"picked":"Infinite Blades","floor":1},{"not_picked":["Acrobatics","Outmaneuver"],"picked":"Infinite Blades","floor":2},{"not_picked":["Flying Knee","Heel Hook"],"picked":"Backflip","floor":4},{"not_picked":["Poisoned Stab","Night Terror"],"picked":"Backstab","floor":7},{"not_picked":["Backflip","Riddle With Holes"],"picked":"Leg Sweep","floor":8},{"not_picked":["Sucker Punch","Doppelganger"],"picked":"Dodge and Roll","floor":11},{"not_picked":["Bane","Quick Slash"],"picked":"Flying Knee","floor":13},{"not_picked":["Night Terror","Doppelganger"],"picked":"Burst","floor":16},{"not_picked":["Poisoned Stab","Backstab"],"picked":"Slice","floor":18},{"not_picked":["Infinite Blades","Sucker Punch"],"picked":"Backflip","floor":21}],"player_experience":179597,"potions_floor_usage":[7,8,10,16],"damage_taken":[{"damage":1,"enemies":"Cultist","floor":1,"turns":5},{"damage":0,"enemies":"2 Louse","floor":2,"turns":3},{"damage":0,"enemies":"Jaw Worm","floor":4,"turns":4},{"damage":11,"enemies":"3 Sentries","floor":7,"turns":9},{"damage":4,"enemies":"Looter","floor":8,"turns":4},{"damage":1,"enemies":"Blue Slaver","floor":10,"turns":4},{"damage":26,"enemies":"Gremlin Nob","floor":11,"turns":6},{"damage":12,"enemies":"Lagavulin","floor":13,"turns":12},{"damage":6,"enemies":"The Guardian","floor":16,"turns":18},{"damage":24,"enemies":"Chosen","floor":18,"turns":6},{"damage":32,"enemies":"2 Thieves","floor":21,"turns":4},{"damage":3,"enemies":"Centurion and Healer","floor":22,"turns":1}],"event_choices":[{"event_name":"Living Wall","player_choice":"Forget","floor":3,"damage_taken":0},{"event_name":"Liars Game","player_choice":"agreed","floor":14,"damage_taken":0},{"event_name":"Purifier","player_choice":"One Purge","floor":19,"damage_taken":0},{"event_name":"Duplicator","player_choice":"One dupe","floor":20,"damage_taken":0}],"boss_relics":[{"not_picked":["White Beast Statue","Orrery"],"picked":"Pandora\u0027s Box"}],"potions_floor_spawned":[1,2,8,11,18],"seed_played":"3266585320299153387","killed_by":"Centurion and Healer","ascension_level":6,"is_trial":false}