{"gold_per_floor":[117,135,60,78,178,205,80,96,122,122,153,167,117,25,25,124,124,143,143,58,58,75,75,75,105,157,32,46,66,80,97,97,192,242,257,274,0,11,21,21,21,21,48,48,62,74,74,74,74,74],"floor_reached":50,"playtime":12606,"items_purged":["Dualcast","Zap","Strike_B"],"score":474,"play_id":"716d6138-f43d-4c7d-a06d-6dfa3ddd1123","local_time":"20190406155538","is_ascension_mode":false,"campfire_choices":[{"floor":15,"key":"REST"},{"floor":23,"key":"REST"},{"floor":32,"key":"REST"},{"floor":41,"key":"REST"},{"floor":44,"key":"REST"},{"floor":49,"key":"REST"}],"neow_cost":"NONE","seed_source_timestamp":67167499945789,"circlet_count":0,"master_deck":["Defend_B+1","Defend_B+1","Defend_B+1","Coolheaded+1","Gash+1","Gash+1","Flash of Steel+1","Streamline+1","Hologram+1","Rebound+1","Cold Snap+1"],"relics":["Fusion Hammer","Anchor","War Paint","Bag of Preparation","Empty Cage","Question Card","MutagenicStrength","Letter Opener","Strawberry","Tiny House","Red Mask","Whetstone","Mark of the Bloom"],"potions_floor_usage":[6,11,16,28,50,50,50],"damage_taken":[{"damage":0,"enemies":"Cultist","floor":1,"turns":4},{"damage":6,"enemies":"Jaw Worm","floor":2,"turns":4},{"damage":0,"enemies":"2 Louse","floor":4,"turns":2},{"damage":12,"enemies":"3 Sentries","floor":6,"turns":7},{"damage":5,"enemies":"Large Slime","floor":8,"turns":8},{"damage":1,"enemies":"Lagavulin","floor":11,"turns":9},{"damage":0,"enemies":"Exordium Thugs","floor":12,"turns":5},{"damage":26,"enemies":"Slime Boss","floor":16,"turns":10},{"damage":4,"enemies":"Spheric Guardian","floor":18,"turns":4},{"damage":0,"enemies":"Chosen","floor":22,"turns":4},{"damage":17,"enemies":"Book of Stabbing","floor":25,"turns":6},{"damage":0,"enemies":"Shelled Parasite and Fungi","floor":28,"turns":3},{"damage":0,"enemies":"Cultist and Chosen","floor":29,"turns":4},{"damage":0,"enemies":"3 Cultists","floor":30,"turns":3},{"damage":0,"enemies":"Centurion and Healer","floor":31,"turns":3},{"damage":24,"enemies":"Automaton","floor":33,"turns":6},{"damage":0,"enemies":"Orb Walker","floor":35,"turns":2},{"damage":0,"enemies":"3 Shapes","floor":36,"turns":3},{"damage":0,"enemies":"Transient","floor":38,"turns":5},{"damage":32,"enemies":"Writhing Mass","floor":39,"turns":5},{"damage":21,"enemies":"Maw","floor":45,"turns":7},{"damage":8,"enemies":"Jaw Worm Horde","floor":46,"turns":4},{"damage":69,"enemies":"Time Eater","floor":50,"turns":8}],"seed_played":"-8760484662705850713","potions_obtained":[{"floor":4,"key":"Fire Potion"},{"floor":8,"key":"EssenceOfSteel"},{"floor":11,"key":"EssenceOfSteel"},{"floor":25,"key":"SkillPotion"},{"floor":29,"key":"Ancient Potion"},{"floor":33,"key":"Poison Potion"},{"floor":34,"key":"Poison Potion"}],"is_trial":false,"path_per_floor":["M","M","$","M","?","E","$","M","T","$","E","M","?","$","R","B",null,"M","?","?","$","M","R","?","E","T","$","M","M","M","M","R","B",null,"M","M","?","M","M","$","R","?","T","R","M","M","?","?","R","B"],"character_chosen":"DEFECT","items_purchased":["Gash","Flash of Steel"],"campfire_rested":6,"item_purchase_floors":[7,14],"current_hp_per_floor":[75,69,69,69,69,57,57,52,52,52,51,51,51,51,73,47,75,71,57,57,57,57,80,80,63,70,70,70,70,70,70,87,63,92,92,92,92,92,60,60,87,87,87,89,68,60,60,60,60,0],"gold":74,"neow_bonus":"BOSS_RELIC","is_prod":false,"is_daily":false,"chose_seed":false,"campfire_upgraded":0,"win_rate":0,"timestamp":1554591338,"path_taken":["M","M","$","M","?","E","?","?","T","$","E","M","?","?","R","BOSS","M","?","?","$","M","R","?","E","T","$","M","?","M","M","R","BOSS","M","M","?","M","M","$","R","?","T","R","M","?","?","?","R","BOSS"],"build_version":"2019-01-23","purchased_purges":3,"victory":false,"max_hp_per_floor":[75,75,75,75,75,75,75,75,75,75,75,75,75,75,75,75,75,75,80,80,80,80,80,80,80,87,87,87,87,87,87,87,87,92,92,92,92,92,92,92,92,89,89,89,89,89,89,89,89,89],"card_choices":[{"not_picked":["Redo","Glacier"],"picked":"Coolheaded","floor":1},{"not_picked":["Loop","Leap","Sweeping Beam"],"picked":"SKIP","floor":2},{"not_picked":["Compile Driver","Reinforced Body","Hyperbeam"],"picked":"SKIP","floor":4},{"not_picked":["Genetic Algorithm","Steam Power","Hello World"],"picked":"SKIP","floor":6},{"not_picked":["Tempest","Leap","Stack"],"picked":"SKIP","floor":8},{"not_picked":["Sweeping Beam","Barrage","Blizzard"],"picked":"SKIP","floor":11},{"not_picked":["Scrape","Consume"],"picked":"Gash","floor":12},{"not_picked":["Recycle+1","BootSequence","Capacitor"],"picked":"SKIP","floor":18},{"not_picked":["Rebound","Glacier","Conserve Battery"],"picked":"Streamline+1","floor":22},{"not_picked":["Glacier+1","Loop","Streamline+1","Seek"],"picked":"SKIP","floor":25},{"not_picked":["Steam","Coolheaded","Undo"],"picked":"Hologram+1","floor":28},{"not_picked":["Hologram","Coolheaded+1","Sweeping Beam","Ball Lightning+1"],"picked":"SKIP","floor":29},{"not_picked":["BootSequence","Recycle","Auto Shields+1","Beam Cell"],"picked":"SKIP","floor":30},{"not_picked":["Barrage","Streamline","Lockon"],"picked":"Rebound+1","floor":31},{"not_picked":["Glacier+1","Steam Power","Rip and Tear+1","Leap"],"picked":"SKIP","floor":35},{"not_picked":["Streamline","Sweeping Beam","Static Discharge","Turbo+1"],"picked":"SKIP","floor":36},{"not_picked":["Gash","Cold Snap+1","Compile Driver","Stack"],"picked":"SKIP","floor":38},{"not_picked":["Storm+1","Barrage","Melter","Compile Driver+1"],"picked":"SKIP","floor":39},{"not_picked":["Scrape+1","Steam+1","White Noise","Rebound"],"picked":"SKIP","floor":45},{"not_picked":["Creative AI","Fusion","Compile Driver","Turbo+1"],"picked":"SKIP","floor":46}],"player_experience":290105,"relics_obtained":[{"floor":6,"key":"Anchor"},{"floor":9,"key":"War Paint"},{"floor":11,"key":"Bag of Preparation"},{"floor":25,"key":"Letter Opener"},{"floor":26,"key":"Strawberry"},{"floor":43,"key":"Whetstone"}],"event_choices":[{"damage_healed":0,"gold_gain":100,"player_choice":"Gold","damage_taken":0,"max_hp_gain":0,"max_hp_loss":0,"event_name":"Wheel of Change","floor":5,"gold_loss":0},{"cards_removed":["Strike_B"],"damage_healed":0,"gold_gain":0,"player_choice":"Card Removal","damage_taken":0,"max_hp_gain":0,"max_hp_loss":0,"event_name":"The Cleric","floor":13,"gold_loss":50},{"damage_healed":0,"gold_gain":0,"player_choice":"Shed Blood","damage_taken":19,"max_hp_gain":5,"max_hp_loss":0,"event_name":"Forgotten Altar","floor":19,"gold_loss":0},{"damage_healed":0,"gold_gain":0,"player_choice":"Obtained Relic","damage_taken":0,"relics_obtained":["Question Card"],"max_hp_gain":0,"max_hp_loss":0,"event_name":"Addict","floor":20,"gold_loss":85},{"damage_healed":0,"gold_gain":0,"player_choice":"Inject Mutagens","damage_taken":0,"relics_obtained":["MutagenicStrength"],"max_hp_gain":0,"max_hp_loss":0,"event_name":"Drug Dealer","floor":24,"gold_loss":0},{"damage_healed":0,"gold_gain":0,"player_choice":"Paid","damage_taken":0,"relics_obtained":["Red Mask"],"max_hp_gain":0,"max_hp_loss":0,"event_name":"Tomb of Lord Red Mask","floor":37,"gold_loss":274},{"cards_removed":["Parasite"],"damage_healed":0,"gold_gain":0,"player_choice":"Took Card","damage_taken":0,"max_hp_gain":0,"max_hp_loss":0,"event_name":"NoteForYourself","floor":42,"gold_loss":0,"cards_obtained":["Cold Snap"]},{"damage_healed":0,"gold_gain":0,"player_choice":"Upgrade","damage_taken":0,"relics_obtained":["Mark of the Bloom"],"max_hp_gain":0,"max_hp_loss":0,"event_name":"MindBloom","floor":47,"gold_loss":0,"cards_upgraded":["Defend_B","Defend_B","Flash of Steel","Cold Snap"]},{"cards_removed":["Defend_B"],"damage_healed":0,"gold_gain":0,"player_choice":"Removed Skill","damage_taken":0,"max_hp_gain":0,"max_hp_loss":0,"event_name":"Falling","floor":48,"gold_loss":0}],"is_beta":false,"boss_relics":[{"not_picked":["Sozu","Philosopher\u0027s Stone"],"picked":"Empty Cage"},{"not_picked":["Astrolabe","Pandora\u0027s Box"],"picked":"Tiny House"}],"items_purged_floors":[3,7,27],"is_endless":false,"potions_floor_spawned":[4,8,11,25,29,33,35,39,45],"killed_by":"Time Eater","ascension_level":0}