{"gold_per_floor":[113,113,38,57,132,132,146,156,181,193,205,217,57,82,82,153,153,128,147,147,147,62,62,72,16,316,341,1,1,18,18],"floor_reached":31,"playtime":1642,"items_purged":["Regret"],"score":477,"play_id":"a138e9d9-3420-42d2-8c66-4dddb32c96a9","local_time":"20190311233748","is_ascension_mode":true,"campfire_choices":[{"floor":6.0,"key":"REST"},{"floor":10.0,"key":"REST"},{"floor":15.0,"key":"REST"},{"floor":23,"key":"REST"}],"neow_cost":"NONE","seed_source_timestamp":0,"circlet_count":0,"master_deck":["AscendersBane","Strike_B","Strike_B","Strike_B","Strike_B","Defend_B+1","Defend_B+1","Defend_B","Defend_B","Zap","Dualcast","Hello World","Gash","Leap","Leap","Rainbow","Loop","Glacier","Rainbow","Loop","Glacier","Defragment","Coolheaded"],"special_seed":0,"relics":["Fusion Hammer","Happy Flower","MawBank","Pear","War Paint","Eternal Feather","Enchiridion","MutagenicStrength","Potion Belt","Old Coin","Mango","Strawberry"],"potions_floor_usage":[24,27,30,31,31],"damage_taken":[{"damage":5.0,"enemies":"Small Slimes","floor":1.0,"turns":4.0},{"damage":4.0,"enemies":"2 Louse","floor":4.0,"turns":4.0},{"damage":14.0,"enemies":"Jaw Worm","floor":7.0,"turns":4.0},{"damage":0.0,"enemies":"Large Slime","floor":8.0,"turns":4.0},{"damage":2.0,"enemies":"Lagavulin","floor":14.0,"turns":7.0},{"damage":17.0,"enemies":"The Guardian","floor":16.0,"turns":14.0},{"damage":15,"enemies":"2 Thieves","floor":18,"turns":5},{"damage":0,"enemies":"3 Byrds","floor":19,"turns":7},{"damage":16,"enemies":"Snake Plant","floor":24,"turns":4},{"damage":47,"enemies":"Book of Stabbing","floor":27,"turns":10},{"damage":9,"enemies":"Shelled Parasite and Fungi","floor":30,"turns":7},{"damage":0,"enemies":"Gremlin Leader","floor":31,"turns":2}],"seed_played":"3341697231937698482","potions_obtained":[{"floor":14.0,"key":"LiquidBronze"},{"floor":16.0,"key":"Dexterity Potion"},{"floor":19,"key":"AttackPotion"}],"is_trial":false,"path_per_floor":["M","?","$","M","?","R","M","M","T","R","?","T","$","E","R","B",null,"M","M","?","?","?","R","M","$","T","E","$","?","M","E"],"character_chosen":"DEFECT","items_purchased":["Rainbow","Loop","SkillPotion","Strawberry","Defragment","AttackPotion","FocusPotion"],"campfire_rested":4,"item_purchase_floors":[13,13,25,28,28,28,28],"current_hp_per_floor":[59,59,59,55,44,65,51,51,51,71,71,81,81,79,81,64,77,62,62,41,41,41,77,61,61,61,28,35,35,26,26],"gold":18,"neow_bonus":"BOSS_RELIC","is_prod":false,"is_daily":false,"chose_seed":false,"campfire_upgraded":0,"win_rate":0,"timestamp":1552365468,"path_taken":["M","?","$","M","?","R","?","M","T","R","?","?","$","E","R","BOSS","M","M","?","?","?","R","?","$","T","E","?","?","M","E"],"build_version":"2019-01-23","purchased_purges":1,"victory":false,"max_hp_per_floor":[71,71,71,71,71,71,71,71,71,71,71,81,81,81,81,81,81,81,81,81,81,81,81,81,81,81,95,102,102,102,102],"card_choices":[{"not_picked":["Cold Snap","Steam"],"picked":"Hello World","floor":1.0},{"not_picked":["Leap","Turbo"],"picked":"Gash","floor":4.0},{"not_picked":["Stack","Rebound"],"picked":"Leap","floor":7.0},{"not_picked":["Lockon","Coolheaded"],"picked":"Leap","floor":8.0},{"not_picked":["Machine Learning","Compile Driver"],"picked":"Glacier","floor":14.0},{"not_picked":["Creative AI","Amplify"],"picked":"Rainbow","floor":16.0},{"not_picked":["Sweeping Beam","Steam"],"picked":"Loop","floor":18},{"not_picked":["Coolheaded","Go for the Eyes"],"picked":"Glacier","floor":19},{"not_picked":["Heatsinks","Turbo","Tempest"],"picked":"SKIP","floor":24},{"not_picked":["Conserve Battery","Recycle","Go for the Eyes"],"picked":"SKIP","floor":27},{"not_picked":["Conserve Battery","Aggregate"],"picked":"Coolheaded","floor":30}],"player_experience":684554,"relics_obtained":[{"floor":9.0,"key":"MawBank"},{"floor":12.0,"key":"Pear"},{"floor":14.0,"key":"War Paint"},{"floor":20,"key":"Enchiridion"},{"floor":26,"key":"Old Coin"},{"floor":27,"key":"Mango"}],"event_choices":[{"damage_healed":0.0,"max_hp_gain":0.0,"max_hp_loss":0.0,"gold_gain":0.0,"event_name":"Big Fish","player_choice":"Box","floor":2.0,"gold_loss":0.0,"damage_taken":0.0,"relics_obtained":["Happy Flower"],"cards_obtained":["Regret"]},{"damage_healed":0.0,"max_hp_gain":0.0,"max_hp_loss":0.0,"gold_gain":75.0,"event_name":"World of Goop","player_choice":"Gather Gold","floor":5.0,"gold_loss":0.0,"damage_taken":11.0},{"damage_healed":0.0,"max_hp_gain":0.0,"max_hp_loss":0.0,"gold_gain":0.0,"event_name":"Golden Wing","player_choice":"Ignored","floor":11.0,"gold_loss":0.0,"damage_taken":0.0},{"damage_healed":0,"gold_gain":0,"player_choice":"Obtained Book","damage_taken":21,"max_hp_gain":0,"max_hp_loss":0,"event_name":"Cursed Tome","floor":20,"gold_loss":0},{"damage_healed":0,"gold_gain":0,"player_choice":"Inject Mutagens","damage_taken":0,"relics_obtained":["MutagenicStrength"],"max_hp_gain":0,"max_hp_loss":0,"event_name":"Drug Dealer","floor":21,"gold_loss":0},{"damage_healed":0,"gold_gain":0,"player_choice":"Obtained Relic","damage_taken":0,"relics_obtained":["Potion Belt"],"max_hp_gain":0,"max_hp_loss":0,"event_name":"Addict","floor":22,"gold_loss":85},{"damage_healed":0,"gold_gain":0,"player_choice":"Ignored","damage_taken":0,"max_hp_gain":0,"max_hp_loss":0,"event_name":"Ghosts","floor":29,"gold_loss":0}],"is_beta":false,"boss_relics":[{"not_picked":["Runic Dome","Runic Pyramid"],"picked":"Eternal Feather"}],"items_purged_floors":[3],"is_endless":false,"potions_floor_spawned":[14,16,19],"killed_by":"Gremlin Leader","ascension_level":16}