{"path_per_floor":["M","?","?","?","M","E","M","R","T","E","M","R","M","M","R","B",null,"M","?","T","?","$"],"character_chosen":"DEFECT","items_purchased":["Cables","Block Potion"],"gold_per_floor":[109,109,109,109,124,157,169,169,196,223,213,213,223,236,236,332,332,348,377,401,401,29,29],"floor_reached":23,"campfire_rested":2,"playtime":826,"current_hp_per_floor":[75,57,57,57,55,31,37,59,59,58,52,52,48,42,64,6,75,68,27,27,27,27,0],"items_purged":["Strike_B"],"gold":29,"score":219,"play_id":"f26806ea-387e-4c86-9b3c-e5c90e25803d","local_time":"20180514171347","is_prod":false,"is_daily":false,"chose_seed":false,"is_ascension_mode":true,"campfire_upgraded":1,"timestamp":1526310827,"path_taken":["M","?","?","?","M","E","M","R","T","E","?","R","M","M","R","BOSS","M","?","?","?","$","E"],"build_version":"2018-05-12v2","seed_source_timestamp":801872347577726,"purchased_purges":1,"victory":false,"master_deck":["Strike_B","Strike_B","Defend_B","Defend_B","Defend_B","Defend_B","Zap+1","Dualcast","Auto Shields","Stack","Normality","Rebound","Static Discharge","Coolheaded","Capacitor","Ball Lightning","BootSequence","Machine Learning","Cold Snap"],"max_hp_per_floor":[75,75,75,75,75,75,75,75,75,75,75,75,75,75,75,75,75,75,75,75,75,75,75],"relics":["Cracked Core","Happy Flower","Potion Belt","Bronze Scales","Bag of Preparation","Anchor","Bag of Marbles","Nuclear Battery","Red Mask","Lantern","Cables"],"card_choices":[{"not_picked":["Barrage","Steam"],"picked":"Auto Shields","floor":1},{"not_picked":["Defragment","White Noise"],"picked":"Rebound","floor":5},{"not_picked":["Auto Shields","Hologram"],"picked":"Static Discharge","floor":6},{"not_picked":["Leap","Chaos"],"picked":"Coolheaded","floor":7},{"not_picked":["Chaos","Axe Kick"],"picked":"Capacitor","floor":10},{"not_picked":["Gash","Rebound"],"picked":"Ball Lightning","floor":11},{"not_picked":["Barrage","Beam Cell","Stack"],"picked":"SKIP","floor":13},{"not_picked":["Barrage","Reprogram"],"picked":"BootSequence","floor":14},{"not_picked":["Fission","Rainbow"],"picked":"Machine Learning","floor":16},{"not_picked":["Hologram","Lockon","Streamline"],"picked":"SKIP","floor":18},{"not_picked":["Beam Cell","Capacitor"],"picked":"Cold Snap","floor":19}],"player_experience":60698,"potions_floor_usage":[7,10,16,19,19,23],"damage_taken":[{"damage":0,"enemies":"2 Louse","floor":1,"turns":2},{"damage":2,"enemies":"Jaw Worm","floor":5,"turns":3},{"damage":24,"enemies":"3 Sentries","floor":6,"turns":7},{"damage":0,"enemies":"Cultist","floor":7,"turns":3},{"damage":1,"enemies":"Lagavulin","floor":10,"turns":8},{"damage":6,"enemies":"Exordium Thugs","floor":11,"turns":5},{"damage":4,"enemies":"2 Fungi Beasts","floor":13,"turns":3},{"damage":6,"enemies":"Gremlin Gang","floor":14,"turns":3},{"damage":58,"enemies":"Slime Boss","floor":16,"turns":10},{"damage":7,"enemies":"Shell Parasite","floor":18,"turns":5},{"damage":41,"enemies":"Masked Bandits","floor":19,"turns":4},{"damage":37,"enemies":"Gremlin Leader","floor":23,"turns":7}],"event_choices":[{"event_name":"Scrap Ooze","player_choice":"success","floor":2,"damage_taken":18},{"event_name":"Transmorgrifier","player_choice":"Transform","floor":3,"damage_taken":0},{"event_name":"Accursed Blacksmith","player_choice":"Rummage","floor":4,"damage_taken":0},{"event_name":"Masked Bandits","player_choice":"Fought over 348 gold","floor":19,"damage_taken":0},{"event_name":"Ghosts","player_choice":"Ignored","floor":21,"damage_taken":0}],"boss_relics":[{"not_picked":["Ectoplasm","Runic Pyramid"],"picked":"Nuclear Battery"}],"potions_floor_spawned":[6,7,10,13,18],"seed_played":"-5326589755009524141","killed_by":"Gremlin Leader","ascension_level":2,"is_trial":false}