{"path_per_floor":["M","?","?","M","$","M","M","?","T","M","$","R","M","M","R","B",null,"M","M","$","M","M","R","?","$","T","M","?","T","R","M","R"],"character_chosen":"THE_SILENT","items_purchased":["Backstab","Infinite Blades","Lantern","Backstab"],"gold_per_floor":[111,111,111,132,52,72,86,116,198,218,136,136,155,175,175,306,306,324,349,122,146,161,161,161,84,136,160,85,112,112,128,128],"floor_reached":33,"campfire_rested":5,"playtime":2466,"current_hp_per_floor":[70,53,53,41,41,35,35,35,35,28,28,49,49,49,70,43,70,53,42,42,12,22,43,43,43,43,34,34,34,55,42,63],"items_purged":["Survivor"],"gold":128,"score":241,"play_id":"d89f43f1-de69-4f90-bc43-d2f3b1c06d75","is_prod":false,"is_daily":false,"is_ascension_mode":false,"campfire_upgraded":0,"path_taken":["M","?","?","M","$","M","?","?","T","M","?","R","M","M","R","BOSS","M","M","$","?","M","R","?","$","T","M","?","?","R","M","R","BOSS"],"build_version":"2018-02-22-PROD2","purchased_purges":1,"victory":false,"master_deck":["Defend_G+1","Defend_G+1","Defend_G+1","Defend_G+1","Strike_G+1","Strike_G+1","Strike_G+1","Strike_G+1","Strike_G+1","Neutralize","Flying Knee","Footwork","Backstab","Backstab","Dagger Spray","Infinite Blades","Poisoned Stab","Unload","Infinite Blades","Flying Knee","Backstab"],"max_hp_per_floor":[70,70,70,70,70,70,70,70,70,70,70,70,70,70,70,70,70,70,70,70,70,70,70,70,70,70,70,70,70,70,70,70],"relics":["Ring of the Snake","Golden Idol","Bag of Marbles","Paper Crane","Lizard Tail","Lantern","Bag of Preparation","Anchor"],"card_choices":[{"not_picked":["Quick Slash","Endless Agony"],"picked":"Flying Knee"},{"not_picked":["Infinite Blades","Dodge and Roll"],"picked":"Backstab"},{"not_picked":["Dodge and Roll","PiercingWail"],"picked":"Dagger Spray"},{"not_picked":["Acrobatics","Backflip"],"picked":"Poisoned Stab"},{"not_picked":["Wraith Form","Envenom"],"picked":"Unload"},{"not_picked":["Quick Slash","Finisher"],"picked":"Well Laid Plans"},{"not_picked":["PiercingWail","Dodge and Roll"],"picked":"Infinite Blades"},{"not_picked":["Underhanded Strike","Malaise"],"picked":"Flying Knee"}],"player_experience":29033,"potions_floor_usage":[16,16,16,21,33,33],"damage_taken":[{"damage":0,"enemies":"Small Slimes","floor":1,"turns":4},{"damage":12,"enemies":"2 Louse","floor":4,"turns":3},{"damage":6,"enemies":"Jaw Worm","floor":6,"turns":2},{"damage":0,"enemies":"Looter","floor":7,"turns":2},{"damage":7,"enemies":"Gremlin Gang","floor":10,"turns":3},{"damage":0,"enemies":"3 Louse","floor":13,"turns":1},{"damage":0,"enemies":"Exordium Wildlife","floor":14,"turns":3},{"damage":27,"enemies":"Hexaghost","floor":16,"turns":13},{"damage":17,"enemies":"2 Thieves","floor":18,"turns":4},{"damage":11,"enemies":"3 Byrds","floor":19,"turns":4},{"damage":30,"enemies":"Slaver and Parasite","floor":21,"turns":6},{"damage":25,"enemies":"Centurion and Healer","floor":22,"turns":4},{"damage":9,"enemies":"Cultist and Chosen","floor":27,"turns":4},{"damage":13,"enemies":"Slaver and Parasite","floor":31,"turns":3},{"damage":86,"enemies":"Collector","floor":33,"turns":5}],"event_choices":[{"event_name":"Golden Idol","player_choice":"Take Damage","floor":2,"damage_taken":0},{"event_name":"Transmorgrifier","player_choice":"Transform","floor":3,"damage_taken":0},{"event_name":"Dead Adventurer","player_choice":"Searched \u00273\u0027 times","floor":8,"damage_taken":0},{"event_name":"Back to Basics","player_choice":"Simplicity","floor":24,"damage_taken":0},{"event_name":"Beggar","player_choice":"Gave Gold","floor":28,"damage_taken":0}],"boss_relics":[{"not_picked":["The Specimen","Sozu"],"picked":"Lizard Tail"}],"potions_floor_spawned":[4,13,14,16,18,31],"seed_played":"1741178083139445294","killed_by":"Collector","ascension_level":0,"is_trial":false}