{"gold_per_floor":[115,115,129,148,148,148,183,183,209,209,220,220,250,270,270,372,372,386,398,415,415,440,465,465,492,492,508,508,543,569,589,589,694,694,713,724,398,412,432,465,167,181,204,237,237,237,237,237,237,237],"floor_reached":51,"playtime":3490,"items_purged":["Defend_B","Defend_B"],"score":1175,"play_id":"de54ecfe-33aa-4e51-a87c-150c1a97e4d6","local_time":"20180707160559","is_ascension_mode":true,"campfire_choices":[{"data":"Strike_B","floor":6,"key":"PURGE"},{"data":"Strike_B","floor":8,"key":"PURGE"},{"data":"Strike_B","floor":10,"key":"PURGE"},{"data":"Defend_B","floor":12,"key":"PURGE"},{"data":"Defend_B","floor":15,"key":"PURGE"},{"data":"Strike_B","floor":24,"key":"PURGE"},{"data":"Defragment","floor":28,"key":"SMITH"},{"data":"Zap","floor":32,"key":"SMITH"},{"data":"Apotheosis","floor":46,"key":"SMITH"},{"floor":49,"key":"REST"}],"neow_cost":"CURSE","seed_source_timestamp":585132926853505,"circlet_count":0,"master_deck":["Zap+1","Dualcast","Turbo","Coolheaded","Cold Snap","Gash","Go for the Eyes","Defragment+1","Chill","All For One","BootSequence","Gash","Gash+1","Electrodynamics","White Noise+1","Conserve Battery+1","Leap+1","Beam Cell+1","Echo Form+1","Loop+1","Gash","Conserve Battery","Defragment+1","Gash","Reboot","Defragment+1","Hologram","Conserve Battery","Apotheosis+1","PanicButton"],"relics":["Cracked Core","Peace Pipe","Question Card","Potion Belt","Bag of Preparation","Orichalcum","Runic Pyramid","Mummified Hand","Boot","Anchor","Art of War","Frozen Egg 2","Red Mask","Happy Flower","Nuclear Battery","Pen Nib","Unceasing Top","DollysMirror","Juzu Bracelet","Lantern","Matryoshka"],"potions_floor_usage":[13,29,33,33,38,50,50,50],"damage_taken":[{"damage":0,"enemies":"Small Slimes","floor":1,"turns":2},{"damage":1,"enemies":"Cultist","floor":3,"turns":3},{"damage":0,"enemies":"Jaw Worm","floor":4,"turns":4},{"damage":18,"enemies":"Lagavulin","floor":7,"turns":10},{"damage":0,"enemies":"Large Slime","floor":11,"turns":6},{"damage":7,"enemies":"3 Sentries","floor":13,"turns":8},{"damage":0,"enemies":"Looter","floor":14,"turns":4},{"damage":41,"enemies":"Slime Boss","floor":16,"turns":16},{"damage":1,"enemies":"Shell Parasite","floor":18,"turns":5},{"damage":0,"enemies":"Spheric Guardian","floor":19,"turns":4},{"damage":3,"enemies":"Centurion and Healer","floor":20,"turns":6},{"damage":23,"enemies":"Slavers","floor":23,"turns":6},{"damage":14,"enemies":"Gremlin Leader","floor":25,"turns":5},{"damage":2,"enemies":"Sentry and Sphere","floor":27,"turns":4},{"damage":0,"floor":29,"turns":5},{"damage":6,"enemies":"Book of Stabbing","floor":30,"turns":5},{"damage":0,"enemies":"Snake Plant","floor":31,"turns":3},{"damage":0,"enemies":"Champ","floor":33,"turns":7},{"damage":0,"enemies":"Flame Bruiser 1 Orb","floor":35,"turns":4},{"damage":0,"enemies":"Orb Walker","floor":36,"turns":3},{"damage":13,"enemies":"Maw","floor":38,"turns":6},{"damage":0,"enemies":"Transient","floor":39,"turns":5},{"damage":0,"enemies":"Giant Head","floor":40,"turns":5},{"damage":0,"enemies":"Flame Bruiser 2 Orb","floor":42,"turns":3},{"damage":0,"enemies":"2 Orb Walkers","floor":44,"turns":5},{"damage":0,"enemies":"Awakened One","floor":50,"turns":9}],"seed_played":"4364523923249178970","potions_obtained":[{"floor":4,"key":"GamblersBrew"},{"floor":11,"key":"Ancient Potion"},{"floor":13,"key":"SteroidPotion"},{"floor":18,"key":"Ancient Potion"},{"floor":29,"key":"Strength Potion"},{"floor":30,"key":"AttackPotion"},{"floor":33,"key":"PowerPotion"},{"floor":35,"key":"SkillPotion"},{"floor":38,"key":"SkillPotion"},{"floor":42,"key":"Poison Potion"},{"floor":44,"key":"GamblersBrew"}],"is_trial":false,"path_per_floor":["M","?","M","M","T","R","E","R","T","R","M","R","E","M","R","B",null,"M","M","M","T","T","E","R","E","T","M","R","?","E","M","R","B",null,"M","M","$","M","M","E","$","M","T","E","?","R","T","?","R","B"],"character_chosen":"DEFECT","items_purchased":["Conserve Battery","Pen Nib","EssenceOfSteel","DollysMirror"],"campfire_rested":1,"item_purchase_floors":[37,37,37,41],"current_hp_per_floor":[75,75,74,74,74,74,56,56,56,56,56,56,49,49,49,8,58,57,57,54,54,54,31,31,17,17,15,15,15,9,9,9,9,59,59,59,59,46,46,46,46,46,46,46,36,36,36,36,58,68],"gold":237,"neow_bonus":"ONE_RARE_RELIC","is_prod":false,"is_daily":false,"chose_seed":false,"campfire_upgraded":3,"win_rate":0,"timestamp":1531004759,"path_taken":["M","?","?","M","?","R","E","R","T","R","M","R","E","M","R","BOSS","M","?","M","?","?","E","R","E","T","M","R","?","E","M","R","BOSS","M","M","?","M","M","E","$","M","T","E","?","R","?","?","R","BOSS"],"build_version":"2018-07-05","purchased_purges":2,"victory":true,"max_hp_per_floor":[75,75,75,75,75,75,75,75,75,75,75,75,75,75,75,75,75,75,75,75,75,75,75,75,75,75,75,75,75,75,75,75,75,75,75,75,75,75,75,75,75,75,75,75,75,75,75,75,75,75],"card_choices":[{"not_picked":["Compile Driver","Scrape"],"picked":"Turbo","floor":1},{"not_picked":["Reinforced Body","Compile Driver"],"picked":"Coolheaded","floor":3},{"not_picked":["Stack","Beam Cell"],"picked":"Cold Snap","floor":4},{"not_picked":["Rebound","Heatsinks","Cold Snap"],"picked":"Gash","floor":7},{"not_picked":["Undo","Double Energy","Buffer"],"picked":"Go for the Eyes","floor":11},{"not_picked":["Streamline","Reprogram","Turbo"],"picked":"Defragment","floor":13},{"not_picked":["Beam Cell","Lockon","Aggregate"],"picked":"Chill","floor":14},{"not_picked":["Electrodynamics","Core Surge","Hyperbeam"],"picked":"All For One","floor":16},{"not_picked":["Leap","Steam","Static Discharge+1"],"picked":"Streamline","floor":18},{"not_picked":["Storm","Leap","Turbo"],"picked":"BootSequence","floor":19},{"not_picked":["Beam Cell","Streamline","Self Repair"],"picked":"Gash","floor":20},{"not_picked":["Steam Power+1","Beam Cell","Darkness"],"picked":"Gash+1","floor":23},{"not_picked":["Force Field","Leap+1","Lockon"],"picked":"Electrodynamics","floor":25},{"not_picked":["Sweeping Beam+1","Streamline","Beam Cell+1"],"picked":"White Noise+1","floor":27},{"not_picked":["Sweeping Beam","Barrage","Streamline"],"picked":"Conserve Battery+1","floor":29},{"not_picked":["Coolheaded","Biased Cognition+1","Ball Lightning+1"],"picked":"Leap+1","floor":30},{"not_picked":["Coolheaded+1","Go for the Eyes","Compile Driver"],"picked":"Beam Cell+1","floor":31},{"not_picked":["Electrodynamics+1","Amplify","Machine Learning+1"],"picked":"Echo Form+1","floor":33},{"not_picked":["Redo+1","Storm+1","Recycle+1"],"picked":"Loop+1","floor":35},{"not_picked":["Ball Lightning+1","Streamline+1","Scrape"],"picked":"Gash","floor":36},{"not_picked":["Chill+1","Hologram","Leap+1"],"picked":"Defragment+1","floor":38},{"not_picked":["Steam","Self Repair+1","Sweeping Beam+1"],"picked":"Gash","floor":39},{"not_picked":["Redo+1","Self Repair+1","Steam+1"],"picked":"Reboot","floor":40},{"not_picked":["Tempest+1","Static Discharge+1","Coolheaded+1"],"picked":"Hologram","floor":42},{"not_picked":["Sunder","Cold Snap+1","All For One"],"picked":"Conserve Battery","floor":44},{"not_picked":["Swift Strike","Purity","Jack Of All Trades"],"picked":"Apotheosis","floor":45},{"not_picked":["Trip","Mind Blast","Jack Of All Trades"],"picked":"PanicButton","floor":45}],"player_experience":262593,"relics_obtained":[{"floor":5,"key":"Question Card"},{"floor":7,"key":"Potion Belt"},{"floor":9,"key":"Bag of Preparation"},{"floor":13,"key":"Orichalcum"},{"floor":21,"key":"Mummified Hand"},{"floor":22,"key":"Boot"},{"floor":23,"key":"Anchor"},{"floor":25,"key":"Art of War"},{"floor":26,"key":"Frozen Egg 2"},{"floor":29,"key":"Red Mask"},{"floor":30,"key":"Happy Flower"},{"floor":40,"key":"Unceasing Top"},{"floor":43,"key":"Juzu Bracelet"},{"floor":44,"key":"Lantern"},{"floor":47,"key":"Matryoshka"}],"event_choices":[{"event_name":"Living Wall","player_choice":"Forget","floor":2,"damage_taken":0},{"event_name":"Masked Bandits","player_choice":"Fought over 508 gold","floor":29,"damage_taken":0},{"event_name":"SensoryStone","player_choice":"Memory 3","floor":45,"damage_taken":0},{"event_name":"Falling","player_choice":"Removed Attack","floor":48,"damage_taken":0}],"boss_relics":[{"not_picked":["Eternal Feather","Lizard Tail"],"picked":"Runic Pyramid"},{"not_picked":["Cursed Key","Coffee Dripper"],"picked":"Nuclear Battery"}],"items_purged_floors":[37,41],"is_endless":false,"potions_floor_spawned":[4,11,13,18,29,30,33,35,38,42,44],"ascension_level":5}