{"path_per_floor":["M","?","?","?","?","M","R","E","T","E","R","E","M","M","R","B",null,"M","M","$","?","M","E","M","?","T","M","R","M","M","$","R","B",null,"M","M","?","M","$","E","R","M","T","M","T","$","M","?","R","B"],"character_chosen":"IRONCLAD","items_purchased":["Demon Form","Dark Shackles","Oddly Smooth Stone","Heavy Blade","Blood Vial","Seeing Red","Meat on the Bone","Ornamental Fan","Mind Blast"],"gold_per_floor":[13,13,13,13,13,31,31,65,65,104,104,142,156,174,174,302,302,315,331,10,10,28,69,92,192,260,283,283,304,329,49,49,170,170,194,218,551,565,72,100,100,117,117,131,131,41,61,61,61,61],"floor_reached":51,"campfire_rested":6,"playtime":4796,"item_purchase_floors":[20,20,20,31,31,31,39,39,46],"current_hp_per_floor":[76,76,76,81,60,55,80,79,79,74,74,42,48,54,85,49,85,60,66,66,66,69,45,13,13,13,13,53,50,46,46,85,17,85,43,44,44,34,34,22,62,76,76,85,85,85,69,58,85,38],"items_purged":[],"gold":61,"score":744,"play_id":"cb2841da-29a6-49a4-a746-24e119ca86f8","local_time":"20180622194413","is_prod":false,"is_daily":false,"chose_seed":false,"is_ascension_mode":false,"campfire_upgraded":1,"win_rate":0.0,"timestamp":1529718253,"campfire_choices":[{"floor":7,"key":"REST"},{"data":"Limit Break","floor":11,"key":"SMITH"},{"floor":15,"key":"REST"},{"floor":28,"key":"REST"},{"floor":32,"key":"REST"},{"floor":41,"key":"REST"},{"floor":49,"key":"REST"}],"path_taken":["M","?","?","?","?","M","R","E","T","E","R","E","M","M","R","BOSS","M","M","$","?","M","E","M","?","T","M","R","M","M","$","R","BOSS","M","M","?","?","?","E","R","M","T","M","?","$","M","?","R","BOSS"],"build_version":"2018-06-21","seed_source_timestamp":169928657412421,"purchased_purges":0,"circlet_count":0,"victory":true,"master_deck":["Strike_R","Strike_R","Strike_R","Strike_R","Defend_R","Defend_R","Defend_R","Bash","Juggernaut","Ghostly Armor","Armaments+1","Cleave","Power Through","Limit Break+1","Dual Wield","Headbutt","Clothesline","Barricade","Battle Trance","Iron Wave+1","Demon Form","Dark Shackles","Clothesline","Perfected Strike","Twin Strike+1","Ghostly Armor","Rage","Body Slam+1","Heavy Blade","Seeing Red","Fiend Fire","Battle Trance+1","Headbutt+1","Flame Barrier+1","Entrench","Armaments","Warcry","Mind Blast","Second Wind","Madness","Madness"],"max_hp_per_floor":[80,80,80,85,85,85,85,85,85,85,85,85,85,85,85,85,85,85,85,85,85,85,85,85,85,85,85,85,85,85,85,85,85,85,85,85,85,85,85,85,85,85,85,85,85,85,85,85,85,85],"relics":["Burning Blood","Gremlin Horn","Torii","Anchor","Regal Pillow","Sozu","Oddly Smooth Stone","Centennial Puzzle","Mummified Hand","Blood Vial","Lizard Tail","Meat on the Bone","Ornamental Fan","Bird Faced Urn","Mercury Hourglass","Gambling Chip"],"card_choices":[{"not_picked":["Bloodletting","Spot Weakness"],"picked":"Armaments","floor":1},{"not_picked":["Corruption","True Grit"],"picked":"Cleave","floor":6},{"not_picked":["Shrug It Off","Clothesline"],"picked":"Power Through","floor":8},{"not_picked":["Cleave","Clash"],"picked":"Limit Break","floor":10},{"not_picked":["Rupture","Ghostly Armor"],"picked":"Dual Wield","floor":12},{"not_picked":["Warcry","Heavy Blade"],"picked":"Headbutt","floor":13},{"not_picked":["Searing Blow","Rupture"],"picked":"Clothesline","floor":14},{"not_picked":["Impervious","Dark Embrace"],"picked":"Barricade","floor":16},{"not_picked":["True Grit","Searing Blow+1"],"picked":"Battle Trance","floor":18},{"not_picked":["Combust","Perfected Strike"],"picked":"Iron Wave+1","floor":19},{"not_picked":["Carnage","Thunderclap"],"picked":"Clothesline","floor":22},{"not_picked":["Pommel Strike","Clash"],"picked":"Perfected Strike","floor":23},{"not_picked":["Headbutt","Intimidate"],"picked":"Twin Strike+1","floor":24},{"not_picked":["Heavy Blade","Headbutt"],"picked":"Ghostly Armor","floor":27},{"not_picked":["Armaments","Corruption"],"picked":"Rage","floor":29},{"not_picked":["Second Wind","Metallicize"],"picked":"Body Slam+1","floor":30},{"not_picked":["Limit Break","Brutality"],"picked":"Fiend Fire","floor":33},{"not_picked":["Perfected Strike+1","Flex+1"],"picked":"Battle Trance+1","floor":35},{"not_picked":["Combust+1","True Grit+1"],"picked":"Headbutt+1","floor":36},{"not_picked":["Headbutt+1","Warcry"],"picked":"Flame Barrier+1","floor":38},{"not_picked":["Body Slam","Searing Blow"],"picked":"Entrench","floor":40},{"not_picked":["Clash","Clothesline+1"],"picked":"Armaments","floor":42},{"not_picked":["Sword Boomerang","Fire Breathing+1"],"picked":"Warcry","floor":44},{"not_picked":["Carnage+1","Perfected Strike+1"],"picked":"Second Wind","floor":47}],"player_experience":10842,"potions_floor_usage":[12,12,16,27],"damage_taken":[{"damage":10,"enemies":"Jaw Worm","floor":1,"turns":6},{"damage":11,"enemies":"2 Louse","floor":6,"turns":3},{"damage":7,"enemies":"3 Sentries","floor":8,"turns":8},{"damage":11,"enemies":"Lagavulin","floor":10,"turns":10},{"damage":38,"enemies":"3 Sentries","floor":12,"turns":10},{"damage":0,"enemies":"Small Slimes","floor":13,"turns":4},{"damage":0,"enemies":"2 Fungi Beasts","floor":14,"turns":4},{"damage":42,"enemies":"The Guardian","floor":16,"turns":18},{"damage":31,"enemies":"3 Byrds","floor":18,"turns":8},{"damage":0,"enemies":"Chosen","floor":19,"turns":7},{"damage":3,"enemies":"Snecko","floor":22,"turns":6},{"damage":30,"enemies":"Gremlin Leader","floor":23,"turns":8},{"damage":38,"enemies":"Centurion and Healer","floor":24,"turns":11},{"damage":6,"enemies":"Slaver and Parasite","floor":27,"turns":6},{"damage":9,"enemies":"Cultist and Chosen","floor":29,"turns":8},{"damage":10,"enemies":"Snecko","floor":30,"turns":6},{"damage":74,"enemies":"Automaton","floor":33,"turns":11},{"damage":48,"enemies":"3 Shapes","floor":35,"turns":6},{"damage":7,"enemies":"Orb Walker","floor":36,"turns":3},{"damage":18,"enemies":"4 Shapes","floor":38,"turns":4},{"damage":32,"enemies":"Giant Head","floor":40,"turns":9},{"damage":0,"enemies":"Maw","floor":42,"turns":9},{"damage":0,"enemies":"3 Darklings","floor":44,"turns":8},{"damage":24,"enemies":"Sphere and 2 Shapes","floor":47,"turns":4},{"damage":71,"enemies":"Awakened One","floor":50,"turns":17}],"relics_obtained":[{"floor":8,"key":"Gremlin Horn"},{"floor":9,"key":"Torii"},{"floor":10,"key":"Anchor"},{"floor":12,"key":"Regal Pillow"},{"floor":23,"key":"Centennial Puzzle"},{"floor":26,"key":"Mummified Hand"},{"floor":40,"key":"Bird Faced Urn"},{"floor":43,"key":"Mercury Hourglass"},{"floor":45,"key":"Gambling Chip"}],"event_choices":[{"event_name":"Living Wall","player_choice":"Grow","floor":2,"damage_taken":0},{"event_name":"Liars Game","player_choice":"disagreed","floor":3,"damage_taken":0},{"event_name":"Big Fish","player_choice":"Donut","floor":4,"damage_taken":0},{"event_name":"Golden Idol","player_choice":"Take Damage","floor":5,"damage_taken":0},{"event_name":"Addict","player_choice":"Ignored","floor":21,"damage_taken":0},{"event_name":"Golden Shrine","player_choice":"Pray","floor":25,"damage_taken":0},{"event_name":"The Moai Head","player_choice":"Gave Idol","floor":37,"damage_taken":0},{"event_name":"Winding Halls","player_choice":"Embrace Madness","floor":48,"damage_taken":0}],"boss_relics":[{"not_picked":["Snecko Eye","Cursed Key"],"picked":"Sozu"},{"not_picked":["Astrolabe","Mark of Pain"],"picked":"Lizard Tail"}],"items_purged_floors":[],"is_endless":false,"potions_floor_spawned":[1,10,12,14,18,22,24,36,42,44],"seed_played":"4085923093906516073","ascension_level":0,"potions_obtained":[{"floor":1,"key":"EssenceOfSteel"},{"floor":10,"key":"Swift Potion"},{"floor":12,"key":"PowerPotion"},{"floor":14,"key":"Strength Potion"}],"is_trial":false}