{"path_per_floor":["M","$","M","?","M","E","?","M","T","M","R","E","R","E","R","B",null,"M","M","?","M","$"],"character_chosen":"THE_SILENT","items_purchased":["Noxious Fumes","Panache","Block Potion"],"gold_per_floor":[112,0,14,0,15,47,12,30,30,46,46,79,79,106,106,211,211,223,235,235,251,3],"floor_reached":23,"campfire_rested":2,"playtime":1006,"current_hp_per_floor":[68,68,65,65,56,48,65,54,54,54,54,37,58,47,68,41,88,65,46,46,36,36],"items_purged":["Strike_G"],"gold":3,"score":236,"play_id":"bb5afe44-aec8-456b-a072-e3aac3eb32c0","is_prod":false,"is_daily":false,"is_ascension_mode":false,"campfire_upgraded":0,"path_taken":["M","$","M","?","M","E","?","M","T","M","R","E","R","E","R","BOSS","M","M","?","M","$","E"],"build_version":"2018-02-08-PROD1","purchased_purges":1,"victory":false,"master_deck":["Defend_G","Defend_G","Defend_G","Defend_G","Defend_G","Strike_G","Strike_G","Survivor","Neutralize","Poisoned Stab","Noxious Fumes","Deadly Poison","Well Laid Plans","After Image","Backflip","Bouncing Flask","After Image","Catalyst","Burst","Decay","Regret","Normality","Leg Sweep+1","Poisoned Stab","Panache"],"max_hp_per_floor":[70,70,70,70,70,70,70,70,70,70,70,70,70,70,70,70,88,88,88,88,90,90],"relics":["Ring of the Snake","Girya","Shovel","Darkstone Periapt","Ginger","Ninja Scroll","Calling Bell","Singing Bowl","Oddly Smooth Stone","Ancient Tea Set"],"card_choices":[{"not_picked":["Flying Knee","Malaise"],"picked":"Poisoned Stab"},{"not_picked":["Riddle With Holes","Reflex"],"picked":"Deadly Poison"},{"not_picked":["Blur","Outmaneuver"],"picked":"Well Laid Plans"},{"not_picked":["Poisoned Stab","Dagger Throw"],"picked":"After Image"},{"not_picked":["Deflect","Bane"],"picked":"Backflip"},{"not_picked":["Underhanded Strike","Dagger Throw"],"picked":"Bouncing Flask"},{"not_picked":["Backstab","Flechettes"],"picked":"After Image"},{"not_picked":["Dagger Throw","Acrobatics"],"picked":"Catalyst"},{"not_picked":["Doppelganger","Venomology"],"picked":"Burst"},{"not_picked":["Dagger Throw","Quick Slash"],"picked":"Leg Sweep"},{"not_picked":["Flying Knee","Underhanded Strike"],"picked":"Poisoned Stab"}],"player_experience":82108,"potions_floor_usage":[12,14,16,21,23],"damage_taken":[{"damage":2,"enemies":"Jaw Worm","floor":1,"turns":6},{"damage":3,"enemies":"2 Louse","floor":3,"turns":3},{"damage":9,"enemies":"Blue Slaver","floor":5,"turns":5},{"damage":8,"enemies":"Lagavulin","floor":6,"turns":6},{"damage":11,"enemies":"Large Slime","floor":8,"turns":6},{"damage":0,"enemies":"Looter","floor":10,"turns":4},{"damage":17,"enemies":"Gremlin Nob","floor":12,"turns":5},{"damage":11,"enemies":"Lagavulin","floor":14,"turns":6},{"damage":27,"enemies":"Hexaghost","floor":16,"turns":8},{"damage":23,"enemies":"Chosen","floor":18,"turns":6},{"damage":19,"enemies":"Spheric Guardian","floor":19,"turns":5},{"damage":12,"enemies":"Snecko","floor":21,"turns":5},{"damage":40,"enemies":"Book of Stabbing","floor":23,"turns":6}],"event_choices":[{"event_name":"World of Goop","player_choice":"Left","floor":4,"damage_taken":0},{"event_name":"The Cleric","player_choice":"Healed","floor":7,"damage_taken":0},{"event_name":"Back to Basics","player_choice":"Elegance","floor":20,"damage_taken":0}],"boss_relics":[{"not_picked":["Velvet Choker","White Beast Statue"],"picked":"Calling Bell"}],"potions_floor_spawned":[3,10,12,14,19],"seed_played":"3753017276796820134","killed_by":"Book of Stabbing","ascension_level":0,"is_trial":false}