{"path_per_floor":["M","M","?","$","?","E","M","M","T","R","?","?","M","$","R","B",null,"M","?","M","$"],"character_chosen":"THE_SILENT","items_purchased":["Noxious Fumes","Infinite Blades","Infinite Blades"],"gold_per_floor":[116,135,135,21,21,56,72,87,87,87,87,114,131,59,59,156,156,170,170,95,16],"floor_reached":22,"campfire_rested":2,"playtime":1157,"current_hp_per_floor":[70,70,63,63,68,45,45,39,53,79,79,60,60,60,86,38,89,62,46,29,29],"items_purged":["Strike_G"],"gold":16,"score":207,"play_id":"ae93545d-0165-4a35-b384-1fe0b8d8067a","is_prod":false,"is_daily":false,"is_ascension_mode":false,"campfire_upgraded":0,"path_taken":["M","M","?","$","?","E","M","M","T","R","?","?","M","?","R","BOSS","M","?","M","$","M"],"build_version":"2018-02-22-PROD2","purchased_purges":1,"victory":false,"master_deck":["Defend_G","Defend_G","Defend_G","Defend_G","Defend_G","Strike_G","Strike_G","Strike_G","Strike_G","Survivor","Neutralize","Flying Knee","Noxious Fumes","Outmaneuver","Slice","Infinite Blades","Infinite Blades"],"max_hp_per_floor":[70,70,70,70,75,75,75,75,89,89,89,89,89,89,89,89,89,89,89,89,89],"relics":["Ring of the Snake","Bronze Scales","Ice Cream","Mango","Odd Mushroom","Black Star","Nilry\u0027s Codex"],"card_choices":[{"not_picked":["Deflect","Finisher"],"picked":"Flying Knee"},{"not_picked":["Poisoned Stab","Crippling Poison"],"picked":"Outmaneuver"},{"not_picked":["Deadly Poison","PiercingWail"],"picked":"Slice"}],"player_experience":38196,"potions_floor_usage":[16,16],"damage_taken":[{"damage":0,"enemies":"2 Louse","floor":1,"turns":4},{"damage":0,"enemies":"Jaw Worm","floor":2,"turns":3},{"damage":23,"enemies":"Lagavulin","floor":6,"turns":8},{"damage":0,"enemies":"Cultist","floor":7,"turns":4},{"damage":6,"enemies":"3 Louse","floor":8,"turns":4},{"damage":19,"enemies":"The Mushroom Lair","floor":12,"turns":5},{"damage":0,"enemies":"Large Slime","floor":13,"turns":6},{"damage":48,"enemies":"The Guardian","floor":16,"turns":12},{"damage":27,"enemies":"Spheric Guardian","floor":18,"turns":6},{"damage":17,"enemies":"2 Thieves","floor":20,"turns":5},{"damage":0,"enemies":"Snake Plant","floor":22,"turns":1}],"event_choices":[{"event_name":"Scrap Ooze","player_choice":"success","floor":3,"damage_taken":7},{"event_name":"Big Fish","player_choice":"Donut","floor":5,"damage_taken":0},{"event_name":"The Woman in Blue","player_choice":"Bought 0 Potions","floor":11,"damage_taken":0},{"event_name":"Mushrooms","player_choice":"Fought Mushrooms","floor":12,"damage_taken":0},{"event_name":"Cursed Tome","player_choice":"Obtained Book","floor":19,"damage_taken":0}],"boss_relics":[{"not_picked":["Philosopher\u0027s Stone","Astrolabe"],"picked":"Black Star"}],"potions_floor_spawned":[6,12,13],"seed_played":"7752150939221324835","killed_by":"Snake Plant","ascension_level":0,"is_trial":false}