{"gold_per_floor":[113,128,148,31,41,41,41,75,75,105,105,132,132,82,82,82],"floor_reached":16,"playtime":386,"items_purged":[],"score":252,"play_id":"00418ab4-de50-45f5-aed0-8e1bdf23f58c","local_time":"20190410191458","is_ascension_mode":true,"campfire_choices":[{"floor":6,"key":"REST"},{"data":"Infernal Blade","floor":11,"key":"SMITH"},{"data":"Bash","floor":13,"key":"SMITH"},{"data":"Defend_R","floor":15,"key":"SMITH"}],"neow_cost":"TEN_PERCENT_HP_LOSS","seed_source_timestamp":0,"circlet_count":0,"master_deck":["AscendersBane","Strike_R","Strike_R","Strike_R","Strike_R","Defend_R","Defend_R","Defend_R","Defend_R+1","Bash+1","Shrug It Off","Cleave","Inflame","Infernal Blade+1","Clothesline","Pummel"],"special_seed":0,"relics":["Burning Blood","Paper Frog","Shuriken"],"potions_floor_usage":[8],"damage_taken":[{"damage":2,"enemies":"2 Louse","floor":1,"turns":3},{"damage":23,"enemies":"Jaw Worm","floor":2,"turns":4},{"damage":7,"enemies":"Small Slimes","floor":3,"turns":4},{"damage":17,"enemies":"Looter","floor":5,"turns":4},{"damage":25,"enemies":"Gremlin Nob","floor":8,"turns":4},{"damage":43,"enemies":"Slime Boss","floor":16,"turns":8}],"seed_played":"3118819055641241549","potions_obtained":[{"floor":3,"key":"LiquidBronze"}],"is_trial":false,"path_per_floor":["M","M","M","$","M","R","?","E","T","?","R","T","R","?","R","B"],"character_chosen":"IRONCLAD","items_purchased":["Inflame","Infernal Blade"],"campfire_rested":1,"item_purchase_floors":[4,4],"current_hp_per_floor":[68,51,50,50,39,59,59,40,40,40,40,40,40,40,40,0],"gold":82,"neow_bonus":"THREE_RARE_CARDS","is_prod":false,"is_daily":false,"chose_seed":false,"campfire_upgraded":3,"win_rate":0,"timestamp":1554912898,"path_taken":["M","M","M","$","M","R","?","E","T","?","R","?","R","?","R","BOSS"],"build_version":"2019-01-23","purchased_purges":0,"victory":false,"max_hp_per_floor":[68,68,68,68,68,68,68,68,68,68,68,68,68,68,68,68],"card_choices":[{"not_picked":["Brutality","Berserk"],"picked":"Reaper","floor":0.0},{"not_picked":["Thunderclap","Feel No Pain","Rupture"],"picked":"SKIP","floor":1},{"not_picked":["Burning Pact","Warcry"],"picked":"Shrug It Off","floor":2},{"not_picked":["Blood for Blood","Rupture"],"picked":"Cleave","floor":3},{"not_picked":["Feel No Pain","Double Tap"],"picked":"Clothesline","floor":5},{"not_picked":["Cleave","Twin Strike"],"picked":"Pummel","floor":8}],"player_experience":859709,"relics_obtained":[{"floor":8,"key":"Paper Frog"},{"floor":9,"key":"Shuriken"}],"event_choices":[{"damage_healed":0,"gold_gain":0,"player_choice":"Ignored","damage_taken":0,"max_hp_gain":0,"max_hp_loss":0,"event_name":"Shining Light","floor":7,"gold_loss":0},{"damage_healed":0,"gold_gain":30,"player_choice":"Searched \u00272\u0027 times","damage_taken":0,"max_hp_gain":0,"max_hp_loss":0,"event_name":"Dead Adventurer","floor":10,"gold_loss":0},{"cards_removed":["Strike_R"],"damage_healed":0,"gold_gain":0,"player_choice":"Card Removal","damage_taken":0,"max_hp_gain":0,"max_hp_loss":0,"event_name":"The Cleric","floor":14,"gold_loss":50}],"is_beta":false,"boss_relics":[],"items_purged_floors":[],"is_endless":false,"potions_floor_spawned":[3],"killed_by":"Slime Boss","ascension_level":14}