{"gold_per_floor":[15,35,54,74,91,91,122,122,122,149,4,33,52,52,52,152,152,172,188,43,43,68,80,92,104,140,172,184,208,145,13,13,13],"floor_reached":33,"playtime":1428,"items_purged":["Strike_R"],"score":292,"play_id":"1c6aea33-db37-47f8-925e-fc16a73db5e6","local_time":"20190329004040","is_ascension_mode":false,"campfire_choices":[{"data":"Thunderclap","floor":6.0,"key":"SMITH"},{"floor":8.0,"key":"REST"},{"floor":15.0,"key":"REST"},{"floor":23.0,"key":"RECALL"},{"floor":25.0,"key":"REST"},{"floor":32.0,"key":"REST"}],"neow_cost":"NO_GOLD","seed_source_timestamp":0,"circlet_count":0,"master_deck":["Defend_R","Defend_R","Defend_R","Bash","Clothesline","Whirlwind+1","Dual Wield","Battle Trance","Thunderclap+1","Headbutt","Flex","Berserk","Headbutt","Armaments","Inflame","Pommel Strike","Dropkick","True Grit"],"special_seed":0,"relics":["Burning Blood","Matryoshka","Pear","Bottled Flame","Juzu Bracelet","Anchor","Strawberry","Empty Cage","MawBank","Oddly Smooth Stone","Bag of Marbles","Pen Nib","Centennial Puzzle"],"potions_floor_usage":[33,33],"damage_taken":[{"damage":8.0,"enemies":"Cultist","floor":1.0,"turns":5.0},{"damage":12.0,"enemies":"Small Slimes","floor":2.0,"turns":5.0},{"damage":2.0,"enemies":"2 Louse","floor":3.0,"turns":2.0},{"damage":18.0,"enemies":"2 Fungi Beasts","floor":4.0,"turns":4.0},{"damage":0.0,"enemies":"Lots of Slimes","floor":5.0,"turns":1.0},{"damage":53.0,"enemies":"3 Sentries","floor":7.0,"turns":7.0},{"damage":36.0,"enemies":"Gremlin Nob","floor":10.0,"turns":5.0},{"damage":33.0,"enemies":"Lagavulin","floor":12.0,"turns":7.0},{"damage":0.0,"enemies":"3 Louse","floor":13.0,"turns":1.0},{"damage":33.0,"enemies":"Slime Boss","floor":16.0,"turns":11.0},{"damage":39.0,"enemies":"Shell Parasite","floor":18.0,"turns":7.0},{"damage":0.0,"enemies":"3 Byrds","floor":19.0,"turns":3.0},{"damage":29.0,"enemies":"Sentry and Sphere","floor":22.0,"turns":5.0},{"damage":18.0,"enemies":"Centurion and Healer","floor":27.0,"turns":7.0},{"damage":12.0,"enemies":"3 Cultists","floor":29.0,"turns":3.0},{"damage":112,"enemies":"Collector","floor":33,"turns":11}],"seed_played":"-8539896238425414175","potions_obtained":[{"floor":3.0,"key":"BloodPotion"},{"floor":7.0,"key":"Block Potion"},{"floor":12.0,"key":"Strength Potion"},{"floor":16.0,"key":"Poison Potion"},{"floor":19.0,"key":"Energy Potion"},{"floor":27.0,"key":"Block Potion"}],"is_trial":false,"path_per_floor":["M","M","M","M","M","R","E","R","T","E","$","E","M","?","R","B",null,"M","M","$","?","M","R","?","R","T","M","?","M","?","$","R","B"],"character_chosen":"IRONCLAD","items_purchased":["Anchor","Inflame","Centennial Puzzle"],"campfire_rested":4,"item_purchase_floors":[11,20,31],"current_hp_per_floor":[78,72,76,72,78,78,31,55,65,35,35,15,21,21,50,23,97,64,70,70,70,47,47,47,76,76,64,64,58,58,58,87,0],"gold":13,"neow_bonus":"REMOVE_TWO","is_prod":false,"is_daily":false,"chose_seed":false,"campfire_upgraded":1,"win_rate":0,"timestamp":1553841640,"path_taken":["M","M","M","?","M","R","E","R","T","E","$","E","M","?","R","BOSS","M","M","$","?","M","R","?","R","T","M","?","M","?","$","R","BOSS"],"build_version":"2019-01-23","purchased_purges":1,"victory":false,"max_hp_per_floor":[80,80,80,80,80,80,80,80,90,90,90,97,97,97,97,97,97,97,97,97,97,97,97,97,97,97,97,97,97,97,97,97,97],"card_choices":[{"not_picked":["Perfected Strike","Iron Wave"],"picked":"Clothesline","floor":1.0},{"not_picked":["Rampage","Flex"],"picked":"Whirlwind","floor":2.0},{"not_picked":["Clash","Rampage"],"picked":"Dual Wield","floor":3.0},{"not_picked":["Flex","Seeing Red"],"picked":"Battle Trance","floor":4.0},{"not_picked":["Wild Strike","Shockwave"],"picked":"Thunderclap","floor":5.0},{"not_picked":["Warcry","Twin Strike"],"picked":"Headbutt","floor":7.0},{"not_picked":["Immolate","Whirlwind"],"picked":"Flex","floor":10.0},{"not_picked":["Rupture","Anger","Twin Strike"],"picked":"SKIP","floor":12.0},{"not_picked":["Headbutt","Carnage","Pummel"],"picked":"SKIP","floor":13.0},{"not_picked":["Juggernaut","Fiend Fire"],"picked":"Berserk","floor":16.0},{"not_picked":["Shockwave","True Grit"],"picked":"Headbutt","floor":18.0},{"not_picked":["Clash","Sword Boomerang"],"picked":"Armaments","floor":19.0},{"not_picked":["Sentinel","Clash+1"],"picked":"Pommel Strike","floor":22.0},{"not_picked":["Sword Boomerang","Headbutt"],"picked":"Dropkick","floor":27.0},{"not_picked":["Carnage","Ghostly Armor"],"picked":"True Grit","floor":29.0}],"player_experience":153833,"relics_obtained":[{"floor":7.0,"key":"Matryoshka"},{"floor":9.0,"key":"Pear"},{"floor":9.0,"key":"Bottled Flame"},{"floor":10.0,"key":"Juzu Bracelet"},{"floor":12.0,"key":"Strawberry"},{"floor":26.0,"key":"Oddly Smooth Stone"},{"floor":26.0,"key":"Bag of Marbles"},{"floor":28.0,"key":"Pen Nib"}],"event_choices":[{"damage_healed":0.0,"max_hp_gain":0.0,"max_hp_loss":0.0,"gold_gain":0.0,"event_name":"Upgrade Shrine","player_choice":"Upgraded","floor":14.0,"gold_loss":0.0,"damage_taken":0.0,"cards_upgraded":["Whirlwind"]},{"damage_healed":0.0,"max_hp_gain":0.0,"max_hp_loss":0.0,"gold_gain":0.0,"event_name":"Addict","player_choice":"Stole Relic","floor":21.0,"gold_loss":0.0,"damage_taken":0.0,"relics_obtained":["MawBank"],"cards_obtained":["Shame"]},{"cards_removed":["Shame"],"damage_healed":0.0,"max_hp_gain":0.0,"max_hp_loss":0.0,"gold_gain":0.0,"event_name":"Back to Basics","player_choice":"Elegance","floor":24.0,"gold_loss":0.0,"damage_taken":0.0},{"damage_healed":0.0,"max_hp_gain":0.0,"max_hp_loss":0.0,"gold_gain":0.0,"event_name":"Wheel of Change","player_choice":"Relic","floor":28.0,"gold_loss":0.0,"damage_taken":0.0},{"cards_removed":["Strike_R"],"damage_healed":0.0,"max_hp_gain":0.0,"max_hp_loss":0.0,"gold_gain":0.0,"event_name":"Beggar","player_choice":"Gave Gold","floor":30.0,"gold_loss":75.0,"damage_taken":0.0}],"is_beta":false,"boss_relics":[{"not_picked":["White Beast Statue","Black Blood"],"picked":"Empty Cage"}],"items_purged_floors":[20],"is_endless":false,"potions_floor_spawned":[3,7,12,16,19,27],"killed_by":"Collector","ascension_level":0}