{"gold_per_floor":[12,12,23,23,35,94,94,104,128,143,155,155,2,14,14,118,118,132,120,172,183,183],"floor_reached":22,"playtime":1562,"items_purged":["Defend_G"],"score":209,"play_id":"87ec8bb6-0f4a-4597-9793-e1ddc41eea8c","local_time":"20180712000940","is_ascension_mode":true,"campfire_choices":[{"floor":7.0,"key":"REST"},{"floor":12.0,"key":"REST"},{"data":"Burst","floor":15.0,"key":"SMITH"}],"neow_cost":"NO_GOLD","seed_source_timestamp":0,"circlet_count":0,"master_deck":["Defend_G","Defend_G+1","Strike_G","Strike_G","Survivor","Neutralize","Burst+1","Dagger Throw","PiercingWail+1","Deadly Poison","Leg Sweep","Cloak And Dagger","Bullet Time","Flying Knee","Caltrops","Acrobatics","Unload","Bullet Time+1","Calculated Gamble+1","Envenom+1","Footwork+1","Poisoned Stab+1","Dodge and Roll"],"special_seed":0,"relics":["Ring of the Snake","Tiny Chest","War Paint","Astrolabe","Centennial Puzzle"],"potions_floor_usage":[16,16,18,19,22],"damage_taken":[{"damage":2.0,"enemies":"2 Louse","floor":1.0,"turns":3.0},{"damage":0.0,"enemies":"Cultist","floor":3.0,"turns":5.0},{"damage":4.0,"enemies":"Small Slimes","floor":5.0,"turns":4.0},{"damage":20.0,"enemies":"Lagavulin","floor":6.0,"turns":5.0},{"damage":12.0,"enemies":"3 Louse","floor":8.0,"turns":3.0},{"damage":0.0,"enemies":"Large Slime","floor":10.0,"turns":8.0},{"damage":10.0,"enemies":"2 Fungi Beasts","floor":11.0,"turns":6.0},{"damage":6.0,"enemies":"Looter","floor":14.0,"turns":3.0},{"damage":43,"enemies":"Slime Boss","floor":16,"turns":20},{"damage":25,"enemies":"Spheric Guardian","floor":18,"turns":8},{"damage":13,"enemies":"2 Thieves","floor":19,"turns":4},{"damage":21,"enemies":"3 Cultists","floor":21,"turns":8},{"damage":12,"enemies":"Slaver and Parasite","floor":22,"turns":8}],"seed_played":"2011267548350554600","potions_obtained":[{"floor":6.0,"key":"PowerPotion"},{"floor":8.0,"key":"Dexterity Potion"},{"floor":14.0,"key":"SteroidPotion"},{"floor":16,"key":"AttackPotion"},{"floor":18,"key":"PowerPotion"}],"is_trial":false,"path_per_floor":["M","?","M","?","M","E","R","M","T","M","M","R","$","M","R","B",null,"M","M","T","M"],"character_chosen":"THE_SILENT","items_purchased":["Caltrops"],"campfire_rested":2,"item_purchase_floors":[13],"current_hp_per_floor":[68,68,68,61,57,37,58,46,46,46,36,57,57,51,51,8,70,45,32,32,11,0],"gold":183,"neow_bonus":"THREE_RARE_CARDS","is_prod":false,"is_daily":false,"chose_seed":false,"campfire_upgraded":1,"win_rate":0,"timestamp":1531375780,"path_taken":["M","?","M","?","M","E","R","M","T","M","M","R","?","M","R","BOSS","M","M","?","?","M"],"build_version":"2018-07-05","purchased_purges":1,"victory":false,"max_hp_per_floor":[70,70,70,70,70,70,70,70,70,70,70,70,70,70,70,70,70,70,70,70,70,70],"card_choices":[{"not_picked":["Doppelganger","Die Die Die"],"picked":"Burst","floor":0.0},{"not_picked":["Outmaneuver","Dagger Spray"],"picked":"Dagger Throw","floor":1.0},{"not_picked":["Deflect","Prepared"],"picked":"PiercingWail","floor":3.0},{"not_picked":["Flying Knee","Eviscerate"],"picked":"Deadly Poison","floor":5.0},{"not_picked":["Noxious Fumes","Poisoned Stab"],"picked":"Leg Sweep","floor":6.0},{"not_picked":["Flying Knee","Terror"],"picked":"Cloak And Dagger","floor":8.0},{"not_picked":["Well Laid Plans","Backflip"],"picked":"Bullet Time","floor":10.0},{"not_picked":["Slice","Choke"],"picked":"Flying Knee","floor":11.0},{"not_picked":["Prepared","Underhanded Strike"],"picked":"Acrobatics","floor":14.0},{"not_picked":["Doppelganger","Adrenaline"],"picked":"Unload","floor":16},{"not_picked":["Cloak And Dagger","Bane"],"picked":"Footwork+1","floor":18},{"not_picked":["Sucker Punch","Slice"],"picked":"Poisoned Stab+1","floor":19},{"not_picked":["Choke","Endless Agony"],"picked":"Dodge and Roll","floor":21}],"player_experience":91299,"relics_obtained":[{"floor":6.0,"key":"Tiny Chest"},{"floor":9.0,"key":"War Paint"},{"floor":20,"key":"Centennial Puzzle"}],"event_choices":[{"event_name":"Bonfire Elementals","player_choice":"BASIC","floor":2.0,"damage_taken":0.0},{"event_name":"Golden Wing","player_choice":"Card Removal","floor":4.0,"damage_taken":0.0}],"boss_relics":[{"not_picked":["Calling Bell","Fusion Hammer"],"picked":"Astrolabe"}],"items_purged_floors":[13],"is_endless":false,"potions_floor_spawned":[6,8,14,16,18],"killed_by":"Slaver and Parasite","ascension_level":2}