{"gold_per_floor":[99],"floor_reached":0,"playtime":171,"items_purged":[],"score":100,"play_id":"5fdcfbf2-69b9-4dd4-a305-a3db1fc8b209","local_time":"20190311125338","daily_mods":["Draft","Hoarder","Vintage","Green Cards","Elite Swarm"],"is_ascension_mode":false,"campfire_choices":[],"neow_cost":"","seed_source_timestamp":0,"circlet_count":0,"master_deck":["Dual Wield","Dual Wield","Dual Wield","Acrobatics","Acrobatics","Acrobatics","Dodge and Roll","Dodge and Roll","Dodge and Roll","Outmaneuver","Outmaneuver","Outmaneuver","Cloak And Dagger","Cloak And Dagger","Cloak And Dagger","Flex","Flex","Flex","Prepared","Prepared","Prepared","Flex","Flex","Flex","Outmaneuver","Outmaneuver","Outmaneuver","Dodge and Roll","Dodge and Roll","Dodge and Roll","Slice","Slice","Slice","Blade Dance","Blade Dance","Blade Dance","Iron Wave","Iron Wave","Iron Wave","Shrug It Off","Shrug It Off","Shrug It Off","Run Through","Run Through","Run Through"],"relics":["Burning Blood","replay:Trail_Library"],"potions_floor_usage":[],"damage_taken":[],"seed_played":"7174026911330993699","potions_obtained":[],"is_trial":true,"path_per_floor":[],"character_chosen":"IRONCLAD","items_purchased":[],"campfire_rested":0,"item_purchase_floors":[],"current_hp_per_floor":[80],"gold":99,"neow_bonus":"","is_prod":false,"is_daily":false,"chose_seed":false,"campfire_upgraded":0,"win_rate":0,"timestamp":1552334018,"path_taken":[],"build_version":"2019-01-23","purchased_purges":0,"victory":false,"max_hp_per_floor":[80],"card_choices":[{"not_picked":["Deadly Poison","Underhanded Strike"],"picked":"Dual Wield","floor":0},{"not_picked":["Choke","Dagger Throw"],"picked":"Acrobatics","floor":0},{"not_picked":["Cleave","Crippling Poison"],"picked":"Dodge and Roll","floor":0},{"not_picked":["Deflect","hubris:Sniper"],"picked":"Outmaneuver","floor":0},{"not_picked":["Wild Strike","Choke"],"picked":"Cloak And Dagger","floor":0},{"not_picked":["Replay:Undeath\u0027s Touch","True Grit"],"picked":"Flex","floor":0},{"not_picked":["Headbutt","Predator"],"picked":"Prepared","floor":0},{"not_picked":["Blade Dance","Clothesline"],"picked":"Flex","floor":0},{"not_picked":["Wild Strike","ReplayTheSpireMod:Corrosion Curse"],"picked":"Outmaneuver","floor":0},{"not_picked":["Clothesline","conspire:ExplosiveBarrier"],"picked":"Dodge and Roll","floor":0},{"not_picked":["Blade Dance","conspire:Charge"],"picked":"Slice","floor":0},{"not_picked":["hubris:TrickCloak","Perfected Strike"],"picked":"Blade Dance","floor":0},{"not_picked":["Anger","hubris:ReadiedAction"],"picked":"Iron Wave","floor":0},{"not_picked":["Tactician","Acrobatics"],"picked":"Shrug It Off","floor":0},{"not_picked":["ReplayTheSpireMod:Scrap Shanks","Backflip"],"picked":"Run Through","floor":0}],"player_experience":253656,"relics_obtained":[],"event_choices":[],"is_beta":false,"boss_relics":[],"items_purged_floors":[],"is_endless":false,"potions_floor_spawned":[],"ascension_level":0}