{"gold_per_floor":[115,115,115,115,40,80,80,104,104,104,104,129,143,143,143,143],"floor_reached":16,"playtime":470,"items_purged":["Defend_R"],"score":100,"play_id":"a61632ce-3728-45c3-878f-b84df68f04c2","local_time":"20181122105536","is_ascension_mode":false,"campfire_choices":[{"floor":7,"key":"REST"},{"data":"1","floor":11,"key":"LIFT"},{"floor":15,"key":"REST"}],"neow_cost":"NONE","seed_source_timestamp":183490095791578,"circlet_count":0,"master_deck":["Strike_R","Strike_R","Strike_R","Strike_R","Strike_R","Defend_R","Defend_R","Bash","Feel No Pain","Ghostly Armor","Rampage","Flex","Double Tap","Flame Barrier"],"relics":["Burning Blood","Golden Idol","Ginger","Girya","Charon\u0027s Ashes"],"potions_floor_usage":[16],"damage_taken":[{"damage":19,"enemies":"2 Louse","floor":1,"turns":3},{"damage":11,"enemies":"Jaw Worm","floor":4,"turns":2},{"damage":30,"enemies":"3 Sentries","floor":6,"turns":12},{"damage":5,"enemies":"Small Slimes","floor":8,"turns":3},{"damage":12,"enemies":"3 Louse","floor":12,"turns":3},{"damage":20,"enemies":"Gremlin Gang","floor":13,"turns":4},{"damage":67,"enemies":"The Guardian","floor":16,"turns":13}],"seed_played":"4266135395940542996","potions_obtained":[{"floor":1,"key":"Dexterity Potion"},{"floor":8,"key":"SmokeBomb"}],"is_trial":false,"path_per_floor":["M","?","?","M","$","E","R","M","T","?","R","M","M","T","R","B"],"character_chosen":"IRONCLAD","items_purchased":[],"campfire_rested":2,"item_purchase_floors":[],"current_hp_per_floor":[67,67,67,62,62,38,62,63,63,56,56,50,36,36,60,0],"gold":143,"neow_bonus":"REMOVE_CARD","is_prod":false,"is_daily":false,"chose_seed":false,"campfire_upgraded":0,"win_rate":0.0,"timestamp":1542880536,"path_taken":["M","?","?","M","?","E","R","M","T","?","R","M","M","?","R","BOSS"],"build_version":"2018-11-15","purchased_purges":1,"victory":false,"max_hp_per_floor":[80,80,80,80,80,80,80,80,80,80,80,80,80,80,80,80],"card_choices":[{"not_picked":["Burning Pact","Body Slam"],"picked":"Feel No Pain","floor":1},{"not_picked":["Shrug It Off","Iron Wave"],"picked":"Ghostly Armor","floor":4},{"not_picked":["Havoc","Wild Strike"],"picked":"Rampage","floor":6},{"not_picked":["Entrench","Havoc"],"picked":"Flex","floor":8},{"not_picked":["Seeing Red","True Grit"],"picked":"Double Tap","floor":12},{"not_picked":["Rampage","Entrench"],"picked":"Flame Barrier","floor":13}],"player_experience":166859,"relics_obtained":[{"floor":6,"key":"Ginger"},{"floor":9,"key":"Girya"},{"floor":14,"key":"Charon\u0027s Ashes"}],"event_choices":[{"damage_healed":0,"gold_gain":0,"player_choice":"Take Wound","damage_taken":0,"relics_obtained":["Golden Idol"],"max_hp_gain":0,"max_hp_loss":0,"event_name":"Golden Idol","floor":2,"gold_loss":0,"cards_obtained":["Injury"]},{"damage_healed":0,"gold_gain":0,"player_choice":"Ignored","damage_taken":0,"max_hp_gain":0,"max_hp_loss":0,"event_name":"Liars Game","floor":3,"gold_loss":0},{"cards_removed":["Injury"],"damage_healed":0,"gold_gain":0,"player_choice":"Card Removal","damage_taken":7,"max_hp_gain":0,"max_hp_loss":0,"event_name":"Golden Wing","floor":10,"gold_loss":0}],"is_beta":false,"boss_relics":[],"items_purged_floors":[5],"is_endless":false,"potions_floor_spawned":[1,8],"killed_by":"The Guardian","ascension_level":0}