{"gold_per_floor":[114,39,39,114,129,162,178,178,178,212,228,228,228],"floor_reached":13,"playtime":475,"items_purged":["Static Discharge"],"score":112,"play_id":"a5b1be59-20d8-48fc-8e14-4ae195d322d1","local_time":"20180707015100","is_ascension_mode":true,"campfire_choices":[{"data":"Dualcast","floor":8,"key":"SMITH"}],"neow_cost":"NONE","seed_source_timestamp":536859036797467,"circlet_count":0,"master_deck":["Zap","Dualcast+1","Chaos+1","Gash","Steam","Double Energy","Blizzard","Self Repair","Go for the Eyes","FTL+1","Go for the Eyes","Conserve Battery","White Noise","Steam"],"relics":["Pandora\u0027s Box","Meat on the Bone","Centennial Puzzle","Singing Bowl"],"potions_floor_usage":[6,13],"damage_taken":[{"damage":6,"enemies":"Small Slimes","floor":1,"turns":3},{"damage":6,"enemies":"Cultist","floor":5,"turns":3},{"damage":21,"enemies":"Gremlin Nob","floor":6,"turns":4},{"damage":7,"enemies":"2 Louse","floor":7,"turns":3},{"damage":12,"enemies":"Lagavulin","floor":10,"turns":6},{"damage":12,"enemies":"Exordium Wildlife","floor":11,"turns":2},{"damage":80,"enemies":"Gremlin Nob","floor":13,"turns":5}],"seed_played":"4907474731781025837","potions_obtained":[{"floor":1,"key":"Weak Potion"},{"floor":6,"key":"SteroidPotion"},{"floor":11,"key":"Regen Potion"}],"is_trial":false,"path_per_floor":["M","$","?","?","M","E","M","R","T","E","M","?"],"character_chosen":"DEFECT","items_purchased":[],"campfire_rested":0,"item_purchase_floors":[],"current_hp_per_floor":[75,75,75,64,65,51,51,51,51,46,53,38,0],"gold":228,"neow_bonus":"BOSS_RELIC","is_prod":false,"is_daily":false,"chose_seed":false,"campfire_upgraded":1,"win_rate":0,"timestamp":1530953460,"path_taken":["M","$","?","?","M","E","M","R","T","E","?","?","E"],"build_version":"2018-07-05","purchased_purges":1,"victory":false,"max_hp_per_floor":[75,75,75,75,75,75,75,75,75,75,75,75,75],"card_choices":[{"not_picked":["Beam Cell","Stack"],"picked":"Go for the Eyes","floor":1},{"not_picked":["Compile Driver","Sunder"],"picked":"FTL","floor":5},{"not_picked":["Lockon","Sweeping Beam"],"picked":"Go for the Eyes","floor":6},{"not_picked":["Redo","Undo"],"picked":"Conserve Battery","floor":7},{"not_picked":["Force Field","Coolheaded"],"picked":"White Noise","floor":10},{"not_picked":["Rebound","Creative AI"],"picked":"Steam","floor":11}],"player_experience":257240,"relics_obtained":[{"floor":6,"key":"Meat on the Bone"},{"floor":9,"key":"Centennial Puzzle"},{"floor":10,"key":"Singing Bowl"}],"event_choices":[{"event_name":"Purifier","player_choice":"One Purge","floor":3,"damage_taken":0},{"event_name":"World of Goop","player_choice":"Gather Gold","floor":4,"damage_taken":0},{"event_name":"Shining Light","player_choice":"Entered Light","floor":12,"damage_taken":0}],"boss_relics":[],"items_purged_floors":[2],"is_endless":false,"potions_floor_spawned":[1,6,11],"killed_by":"Gremlin Nob","ascension_level":4}