{"gold_per_floor":[111,111,186,186,197,197,222,222,222,237,67,78,78,26,26,100,100,114,134,134],"floor_reached":20,"playtime":479,"items_purged":[],"score":345,"play_id":"aedbf041-6287-4955-9048-3f1071de96f8","local_time":"20190308164520","is_ascension_mode":true,"campfire_choices":[{"data":"Hologram","floor":6,"key":"SMITH"},{"data":"Zap","floor":8,"key":"SMITH"},{"floor":13,"key":"REST"},{"data":"Defragment","floor":15,"key":"SMITH"}],"neow_cost":"NONE","seed_source_timestamp":128066656892379,"circlet_count":0,"master_deck":["AscendersBane","Strike_B","Strike_B","Strike_B","Strike_B","Defend_B","Defend_B","Defend_B","Defend_B","Zap+1","Dualcast","Hologram+1","Cold Snap","Cold Snap","Coolheaded","Capacitor","Blizzard","Defragment+1","Capacitor","Cold Snap","Biased Cognition","Self Repair"],"special_seed":0,"relics":["Cracked Core","NeowsBlessing","Singing Bowl","Dream Catcher","Fusion Hammer"],"potions_floor_usage":[12,16,20],"damage_taken":[{"damage":0.0,"enemies":"Small Slimes","floor":1.0,"turns":1.0},{"damage":0,"enemies":"2 Louse","floor":5,"turns":1},{"damage":0,"enemies":"3 Sentries","floor":7,"turns":1},{"damage":7,"enemies":"Jaw Worm","floor":10,"turns":3},{"damage":0,"enemies":"3 Louse","floor":12,"turns":1},{"damage":30,"enemies":"Slime Boss","floor":16,"turns":11},{"damage":7,"enemies":"Spheric Guardian","floor":18,"turns":5},{"damage":26,"enemies":"2 Thieves","floor":19,"turns":5},{"damage":36,"enemies":"Colosseum Slavers","floor":20,"turns":2}],"seed_played":"5920707424406915429","potions_obtained":[{"floor":7,"key":"Swift Potion"},{"floor":12,"key":"Ancient Potion"},{"floor":19,"key":"Poison Potion"}],"is_trial":false,"path_per_floor":["M","?","?","?","M","R","E","R","T","M","$","M","R","$","R","B",null,"M","M","?"],"character_chosen":"DEFECT","items_purchased":["Capacitor","Blizzard","Explosive Potion","Cold Snap"],"campfire_rested":1,"item_purchase_floors":[11,11,11,14],"current_hp_per_floor":[64,64,53,53,53,53,53,53,53,46,46,46,67,67,67,37,63,58,32,0],"gold":134,"neow_bonus":"THREE_ENEMY_KILL","is_prod":false,"is_daily":false,"chose_seed":false,"campfire_upgraded":3,"win_rate":0,"timestamp":1552085120,"path_taken":["M","?","?","?","?","R","E","R","T","M","$","M","R","$","R","BOSS","M","M","?"],"build_version":"2019-01-23","purchased_purges":0,"victory":false,"max_hp_per_floor":[71,71,71,71,71,71,71,71,71,71,71,71,71,71,71,71,71,73,73,73],"card_choices":[{"not_picked":["Lockon","Compile Driver"],"picked":"Hologram","floor":1.0},{"not_picked":["Conserve Battery","Melter"],"picked":"Cold Snap","floor":5},{"not_picked":["Hologram","Heatsinks"],"picked":"Cold Snap","floor":7},{"not_picked":["Turbo","Steam"],"picked":"Coolheaded","floor":10},{"not_picked":["Consume","Go for the Eyes"],"picked":"Defragment","floor":12},{"not_picked":["Conserve Battery","Ball Lightning"],"picked":"Capacitor","floor":13},{"not_picked":["Thunder Strike","Amplify"],"picked":"Biased Cognition","floor":16},{"not_picked":["Leap+1","Skim","Beam Cell"],"picked":"Singing Bowl","floor":18},{"not_picked":["Ball Lightning+1","Redo"],"picked":"Self Repair","floor":19}],"player_experience":658548,"relics_obtained":[{"floor":7,"key":"Singing Bowl"},{"floor":9,"key":"Dream Catcher"}],"event_choices":[{"damage_healed":0.0,"max_hp_gain":0.0,"max_hp_loss":0.0,"gold_gain":0.0,"event_name":"Shining Light","player_choice":"Ignored","floor":2.0,"gold_loss":0.0,"damage_taken":0.0},{"damage_healed":0.0,"max_hp_gain":0.0,"max_hp_loss":0.0,"gold_gain":75.0,"event_name":"World of Goop","player_choice":"Gather Gold","floor":3.0,"gold_loss":0.0,"damage_taken":11.0},{"damage_healed":0,"gold_gain":0,"player_choice":"Fled","damage_taken":0,"max_hp_gain":0,"max_hp_loss":0,"event_name":"Scrap Ooze","floor":4,"gold_loss":0},{"damage_healed":0,"gold_gain":0,"player_choice":"Fight","damage_taken":0,"max_hp_gain":0,"max_hp_loss":0,"event_name":"Colosseum","floor":20,"gold_loss":0}],"is_beta":false,"boss_relics":[{"not_picked":["Cursed Key","Runic Dome"],"picked":"Fusion Hammer"}],"items_purged_floors":[],"is_endless":false,"potions_floor_spawned":[7,12,19],"killed_by":"Colosseum Slavers","ascension_level":15}