{"path_per_floor":["M","?","M","M","?","E","R","$","T","M","E","M","$","?","R","B",null,"M","?","M","M","?"],"character_chosen":"THE_SILENT","items_purchased":["Infinite Blades","Acrobatics","Footwork"],"gold_per_floor":[112,62,72,84,55,89,89,14,65,84,112,123,35,35,35,140,140,156,156,170,186,186],"floor_reached":23,"campfire_rested":0,"playtime":1966,"current_hp_per_floor":[70,70,70,70,70,59,59,59,59,59,49,49,49,70,70,51,70,47,47,20,18,2],"items_purged":[],"gold":186,"play_id":"e019eefd-37ed-4535-b947-351492520a5f","is_prod":false,"is_daily":false,"is_ascension_mode":false,"campfire_upgraded":2,"path_taken":["M","?","M","M","?","E","R","$","T","M","E","?","$","?","R","BOSS","M","?","?","?","?","E"],"build_version":"2018-01-25-PROD3","purchased_purges":0,"victory":false,"master_deck":["Defend_G","Defend_G","Defend_G","Defend_G","Defend_G","Strike_G","Strike_G","Strike_G","Survivor","Neutralize","Venomology+1","Deadly Poison","Flying Knee","Sucker Punch","Sucker Punch","Infinite Blades","Distraction+1","PiercingWail","Eviscerate","Acrobatics","Footwork","Tools of the Trade","Quick Slash","Quick Slash","Acrobatics","Slice","Poisoned Stab","Dagger Throw","Endless Agony+1","Escape Plan","Necronomicurse"],"max_hp_per_floor":[70,70,70,70,70,70,70,70,70,70,70,70,70,70,70,70,70,70,70,70,70,70],"relics":["Ring of the Snake","Tingsha","Bag of Marbles","Meat on the Bone","Orrery","Necronomicon"],"card_choices":[{"not_picked":["Outmaneuver","PiercingWail"],"picked":"Deadly Poison"},{"not_picked":["Leg Sweep","Acrobatics"],"picked":"Flying Knee"},{"not_picked":["Dagger Throw","Outmaneuver"],"picked":"Sucker Punch"},{"not_picked":["Dash","All Out Attack"],"picked":"Sucker Punch"},{"not_picked":["Choke","PiercingWail"],"picked":"Distraction"},{"not_picked":["Outmaneuver","Catalyst"],"picked":"PiercingWail"},{"not_picked":["Bullet Time","Catalyst"],"picked":"Eviscerate"},{"not_picked":["Adrenaline","Venomology"],"picked":"Tools of the Trade"},{"not_picked":["Deadly Poison","Noxious Fumes"],"picked":"Quick Slash"},{"not_picked":["Dash","Calculated Gamble"],"picked":"Quick Slash"},{"not_picked":["Bullet Time","Dagger Spray"],"picked":"Acrobatics"},{"not_picked":["Acrobatics","PiercingWail"],"picked":"Slice"},{"not_picked":["Dagger Spray","Slice"],"picked":"Poisoned Stab"},{"not_picked":["Prepared","Deflect"],"picked":"Dagger Throw"},{"not_picked":["Blade Dance","Quick Slash"],"picked":"Endless Agony"},{"not_picked":["Bane","Flechettes"],"picked":"Escape Plan"}],"player_experience":13216,"potions_floor_usage":[4,4,6,6,6,10,11,11,16,16,16,18,21,21,21],"damage_taken":[{"damage":0,"enemies":"Jaw Worm","floor":1,"turns":6},{"damage":0,"enemies":"Small Slimes","floor":3,"turns":3},{"damage":0,"enemies":"Cultist","floor":4,"turns":4},{"damage":11,"enemies":"Lagavulin","floor":6,"turns":9},{"damage":0,"enemies":"Exordium Wildlife","floor":10,"turns":3},{"damage":10,"enemies":"Gremlin Nob","floor":11,"turns":5},{"damage":0,"enemies":"Looter","floor":12,"turns":3},{"damage":19,"enemies":"Hexaghost","floor":16,"turns":9},{"damage":32,"enemies":"Spheric Guardian","floor":18,"turns":8},{"damage":39,"enemies":"3 Byrds","floor":20,"turns":7},{"damage":14,"enemies":"Sentry and Sphere","floor":21,"turns":5},{"damage":2,"enemies":"Slavers","floor":23,"turns":1}],"event_choices":[{"event_name":"The Cleric","player_choice":"Card Removal","floor":2,"damage_taken":0},{"event_name":"World of Goop","player_choice":"Left","floor":5,"damage_taken":0},{"event_name":"Big Fish","player_choice":"Banana","floor":14,"damage_taken":0},{"event_name":"Bonfire Elementals","player_choice":"BASIC","floor":19,"damage_taken":0},{"event_name":"Cursed Tome","player_choice":"Obtained Book","floor":22,"damage_taken":0}],"boss_relics":[{"not_picked":["Runic Dome","Ectoplasm"],"picked":"Orrery"}],"potions_floor_spawned":[1,6,10,11,18,20],"seed_played":"-2973633430709253881","killed_by":"Slavers","ascension_level":0,"is_trial":false}