{"gold_per_floor":[112,112,112,128,146,174,192,222,222,247,259,37,37,47,47,47],"floor_reached":16,"playtime":931,"items_purged":["Strike_R"],"score":189,"play_id":"1f833e07-ad55-4d14-be03-b9890ba67396","local_time":"20190129015743","is_ascension_mode":true,"campfire_choices":[{"floor":15,"key":"REST"}],"neow_cost":"NONE","seed_source_timestamp":206858550927680,"circlet_count":0,"master_deck":["Strike_R","Strike_R","Strike_R","Strike_R","Defend_R","Defend_R","Defend_R","Bash","Whirlwind","Spot Weakness","Iron Wave","Heavy Blade","Sword Boomerang","Rampage","Pain","Rampage"],"relics":["Burning Blood","NeowsBlessing","Singing Bowl","Paper Frog","PreservedInsect","Ornamental Fan","Blue Candle","Bag of Preparation","WarpedTongs"],"potions_floor_usage":[7,14,14,16],"damage_taken":[{"damage":0,"enemies":"Small Slimes","floor":1,"turns":1},{"damage":0,"enemies":"Cultist","floor":4,"turns":1},{"damage":0,"enemies":"Jaw Worm","floor":5,"turns":1},{"damage":27,"enemies":"Gremlin Nob","floor":6,"turns":4},{"damage":0,"enemies":"Gremlin Gang","floor":7,"turns":1},{"damage":22,"enemies":"3 Sentries","floor":8,"turns":5},{"damage":27,"enemies":"Gremlin Nob","floor":10,"turns":4},{"damage":18,"enemies":"Exordium Thugs","floor":11,"turns":3},{"damage":5,"enemies":"Large Slime","floor":14,"turns":3}],"seed_played":"6118591778393341507","potions_obtained":[{"floor":1,"key":"Explosive Potion"},{"floor":4,"key":"Swift Potion"},{"floor":8,"key":"SpeedPotion"},{"floor":10,"key":"EssenceOfSteel"},{"floor":11,"key":"Energy Potion"}],"is_trial":false,"path_per_floor":["M","?","?","M","M","E","M","E","T","E","M","$","?","M","R","B"],"character_chosen":"IRONCLAD","items_purchased":["Bag of Preparation"],"campfire_rested":1,"item_purchase_floors":[12],"current_hp_per_floor":[80,68,68,74,80,59,65,51,51,32,22,22,22,23,48,0],"gold":47,"neow_bonus":"THREE_ENEMY_KILL","is_prod":false,"is_daily":false,"chose_seed":false,"campfire_upgraded":0,"win_rate":0,"timestamp":1548748663,"path_taken":["M","?","?","?","M","E","M","E","T","E","M","$","?","M","R","BOSS"],"build_version":"2019-01-23","purchased_purges":1,"victory":false,"max_hp_per_floor":[80,80,80,80,80,80,80,82,82,84,86,86,86,86,86,86],"card_choices":[{"not_picked":["Power Through","Ghostly Armor"],"picked":"Whirlwind","floor":1},{"not_picked":["Thunderclap","Havoc"],"picked":"Iron Wave","floor":4},{"not_picked":["Reckless Charge","Shrug It Off"],"picked":"Heavy Blade","floor":5},{"not_picked":["Cleave","Metallicize"],"picked":"Sword Boomerang","floor":6},{"not_picked":["Heavy Blade","Clash"],"picked":"Rampage","floor":7},{"not_picked":["Cleave","Exhume","Clash"],"picked":"Singing Bowl","floor":8},{"not_picked":["Second Wind","Sword Boomerang","Impervious"],"picked":"Singing Bowl","floor":10},{"not_picked":["Whirlwind","Shrug It Off","Iron Wave"],"picked":"Singing Bowl","floor":11},{"not_picked":["Thunderclap","Sentinel"],"picked":"Rampage","floor":14}],"player_experience":367408,"relics_obtained":[{"floor":6,"key":"Paper Frog"},{"floor":8,"key":"PreservedInsect"},{"floor":9,"key":"Ornamental Fan"},{"floor":10,"key":"Blue Candle"}],"event_choices":[{"damage_healed":0,"gold_gain":0,"player_choice":"Success","damage_taken":12,"relics_obtained":["Singing Bowl"],"max_hp_gain":0,"max_hp_loss":0,"event_name":"Scrap Ooze","floor":2,"gold_loss":0},{"damage_healed":0,"gold_gain":0,"cards_transformed":["Defend_R"],"player_choice":"Transformed","damage_taken":0,"max_hp_gain":0,"max_hp_loss":0,"event_name":"Transmorgrifier","floor":3,"gold_loss":0,"cards_obtained":["Spot Weakness"]},{"damage_healed":0,"gold_gain":0,"player_choice":"Rummage","damage_taken":0,"relics_obtained":["WarpedTongs"],"max_hp_gain":0,"max_hp_loss":0,"event_name":"Accursed Blacksmith","floor":13,"gold_loss":0,"cards_obtained":["Pain"]}],"is_beta":false,"boss_relics":[],"items_purged_floors":[12],"is_endless":false,"potions_floor_spawned":[1,4,8,10,11],"killed_by":"The Guardian","ascension_level":2}