{"gold_per_floor":[116,129,79,79,79,108,108,120,147,147,157,192,121,138,138,242,242,257,257,267,282,8,42,42,62,88,88],"floor_reached":27,"playtime":1194,"items_purged":["Masterful Stab+1"],"score":295,"play_id":"16bf20d5-04ef-4f00-b604-3aa48d64610a","local_time":"20181024215934","is_ascension_mode":true,"campfire_choices":[{"data":"Skewer","floor":7,"key":"SMITH"},{"data":"Infinite Blades","floor":15,"key":"SMITH"},{"floor":24,"key":"REST"}],"neow_cost":"NONE","seed_source_timestamp":80925848761871,"circlet_count":0,"master_deck":["Defend_G","Defend_G+1","Defend_G","Defend_G","Strike_G","Strike_G","Survivor","Neutralize","Prepared+1","Blade Dance","Skewer+1","Prepared+1","Infinite Blades+1","Choke","Outmaneuver","Accuracy","Accuracy","Adrenaline","Distraction+1","Well Laid Plans+1","Dodge and Roll+1","RitualDagger","Blade Dance+1","Flying Knee+1","Predator+1","Prepared"],"relics":["Ring of the Snake","NeowsBlessing","Bag of Preparation","Bag of Marbles","Ninja Scroll","Astrolabe","Membership Card","War Paint","Anchor"],"potions_floor_usage":[11,16,18,20,20,23],"damage_taken":[{"damage":0,"enemies":"2 Louse","floor":1,"turns":1},{"damage":0,"enemies":"Jaw Worm","floor":2,"turns":1},{"damage":0,"enemies":"Lagavulin","floor":6,"turns":1},{"damage":0,"enemies":"Cultist","floor":8,"turns":3},{"damage":0,"enemies":"2 Fungi Beasts","floor":11,"turns":2},{"damage":10,"enemies":"Gremlin Nob","floor":12,"turns":3},{"damage":0,"enemies":"Red Slaver","floor":14,"turns":1},{"damage":24,"enemies":"Hexaghost","floor":16,"turns":8},{"damage":0,"enemies":"3 Byrds","floor":18,"turns":3},{"damage":10,"enemies":"2 Thieves","floor":20,"turns":3},{"damage":14,"enemies":"Cultist and Chosen","floor":21,"turns":4},{"damage":25,"enemies":"Book of Stabbing","floor":23,"turns":4},{"damage":35,"enemies":"Shelled Parasite and Fungi","floor":25,"turns":3},{"damage":0,"enemies":"Gremlin Leader","floor":27,"turns":1}],"seed_played":"-5988465898740194657","potions_obtained":[{"floor":2,"key":"GamblersBrew"},{"floor":6,"key":"Weak Potion"},{"floor":11,"key":"Weak Potion"},{"floor":14,"key":"GamblersBrew"},{"floor":16,"key":"Fire Potion"},{"floor":18,"key":"SpeedPotion"},{"floor":21,"key":"FearPotion"},{"floor":23,"key":"Swift Potion"}],"is_trial":false,"path_per_floor":["M","M","?","?","?","E","R","M","T","?","M","E","$","M","R","B",null,"M","?","M","M","$","E","R","M","T"],"character_chosen":"THE_SILENT","items_purchased":["Accuracy","Membership Card"],"campfire_rested":1,"item_purchase_floors":[13,22],"current_hp_per_floor":[70,70,70,56,70,70,70,70,70,70,70,60,60,60,60,36,70,70,64,54,40,40,15,36,1,1,1],"gold":88,"neow_bonus":"THREE_ENEMY_KILL","is_prod":false,"is_daily":false,"chose_seed":false,"campfire_upgraded":2,"win_rate":0,"timestamp":1540436374,"path_taken":["M","M","?","?","?","E","R","M","T","?","M","E","$","M","R","BOSS","M","?","M","M","$","E","R","M","T","E"],"build_version":"2018-10-18","purchased_purges":1,"victory":false,"max_hp_per_floor":[70,70,70,70,70,70,70,70,70,70,70,70,70,70,70,70,70,70,70,70,70,70,70,70,70,70,70],"card_choices":[{"not_picked":["Outmaneuver","Bane"],"picked":"Prepared","floor":1},{"not_picked":["Slice","Outmaneuver"],"picked":"Blade Dance","floor":2},{"not_picked":["Tactician","Masterful Stab"],"picked":"Skewer","floor":6},{"not_picked":["PiercingWail","Phantasmal Killer"],"picked":"Prepared","floor":8},{"not_picked":["Sucker Punch","Riddle With Holes"],"picked":"Choke","floor":11},{"not_picked":["Quick Slash","Dagger Throw"],"picked":"Outmaneuver","floor":12},{"not_picked":["Dagger Throw","Outmaneuver"],"picked":"Accuracy","floor":14},{"not_picked":["Malaise","Wraith Form v2"],"picked":"Adrenaline","floor":16},{"not_picked":["Bane+1","Outmaneuver"],"picked":"Dodge and Roll","floor":18},{"not_picked":["Underhanded Strike","Deadly Poison+1"],"picked":"Blade Dance+1","floor":20},{"not_picked":["Backflip","Outmaneuver"],"picked":"Flying Knee+1","floor":21},{"not_picked":["Flechettes+1","Leg Sweep"],"picked":"Predator+1","floor":23},{"not_picked":["Eviscerate+1","Noxious Fumes+1"],"picked":"Prepared","floor":25}],"player_experience":184356,"relics_obtained":[{"floor":6,"key":"Bag of Preparation"},{"floor":9,"key":"Bag of Marbles"},{"floor":12,"key":"Ninja Scroll"},{"floor":23,"key":"War Paint"},{"floor":26,"key":"Anchor"}],"event_choices":[{"cards_removed":["Defend_G"],"damage_healed":0,"gold_gain":0,"player_choice":"Card Removal","damage_taken":0,"max_hp_gain":0,"max_hp_loss":0,"event_name":"The Cleric","floor":3,"gold_loss":50},{"damage_healed":0,"gold_gain":0,"player_choice":"Entered Light","damage_taken":14,"max_hp_gain":0,"max_hp_loss":0,"event_name":"Shining Light","floor":4,"gold_loss":0,"cards_upgraded":["Prepared","Defend_G"]},{"damage_healed":14,"gold_gain":0,"player_choice":"Full Heal","damage_taken":0,"max_hp_gain":0,"max_hp_loss":0,"event_name":"Wheel of Change","floor":5,"gold_loss":0},{"damage_healed":0,"gold_gain":0,"player_choice":"1 cards matched","damage_taken":0,"max_hp_gain":0,"max_hp_loss":0,"event_name":"Match and Keep!","floor":10,"gold_loss":0,"cards_obtained":["Infinite Blades"]},{"damage_healed":0,"gold_gain":0,"player_choice":"Joined the Cult","damage_taken":6,"max_hp_gain":0,"max_hp_loss":0,"event_name":"Nest","floor":19,"gold_loss":0,"cards_obtained":["RitualDagger"]}],"is_beta":false,"boss_relics":[{"not_picked":["Coffee Dripper","Cursed Key"],"picked":"Astrolabe"}],"items_purged_floors":[22],"is_endless":false,"potions_floor_spawned":[2,6,11,14,16,18,21,23],"killed_by":"Gremlin Leader","ascension_level":2}