{"gold_per_floor":[111,122,141,26,36,71,71,102,155,155,167,167,167,185,185,284,284,301,13,13,13,24,24,24,24,24,42,104,5,17,28,28,127,127,141,159,26,42,54,54,87,5,5,5,37,37,137,137,137,137,137,137,7,42,42],"floor_reached":55,"playtime":4802,"items_purged":["Strike_G","Strike_G","Strike_G"],"score":805,"play_id":"f1ea91be-febc-4073-976b-7e3791f66191","local_time":"20190407002209","is_ascension_mode":false,"campfire_choices":[{"data":"Neutralize","floor":7.0,"key":"SMITH"},{"data":"All Out Attack","floor":10.0,"key":"SMITH"},{"floor":13.0,"key":"REST"},{"floor":15.0,"key":"REST"},{"data":"Backflip","floor":23.0,"key":"SMITH"},{"floor":25.0,"key":"RECALL"},{"floor":32.0,"key":"REST"},{"floor":40.0,"key":"REST"},{"data":"Footwork","floor":44.0,"key":"SMITH"},{"data":"Burst","floor":46.0,"key":"SMITH"},{"floor":49.0,"key":"REST"},{"data":"Noxious Fumes","floor":52.0,"key":"SMITH"}],"neow_cost":"TEN_PERCENT_HP_LOSS","seed_source_timestamp":0,"circlet_count":0,"master_deck":["Defend_G","Defend_G","Defend_G","Defend_G","Defend_G","Strike_G","Strike_G","Survivor","Neutralize+1","Quick Slash","Acrobatics","Well Laid Plans","All Out Attack+1","Die Die Die","Predator","Masterful Stab+1","Underhanded Strike+1","Adrenaline","Dagger Spray+1","Skewer+1","Backflip+1","Noxious Fumes+1","Terror","Acrobatics+1","Flying Knee+1","All Out Attack+1","Dash+1","Concentrate+1","Burst+1","Footwork+1","Blind","Deflect+1","Calculated Gamble+1","Unload+1","Footwork+1","Dagger Throw+1"],"special_seed":0,"relics":["Ring of the Serpent","Tingsha","Smiling Mask","Molten Egg 2","Regal Pillow","Snake Skull","Orrery","Tough Bandages","Paper Crane","Tiny Chest","Dream Catcher","The Courier","Bottled Lightning","The Specimen","Vajra"],"potions_floor_usage":[55],"damage_taken":[{"damage":0.0,"enemies":"Small Slimes","floor":1.0,"turns":4.0},{"damage":4.0,"enemies":"Jaw Worm","floor":2.0,"turns":6.0},{"damage":0.0,"enemies":"2 Louse","floor":3.0,"turns":3.0},{"damage":6.0,"enemies":"Large Slime","floor":5.0,"turns":5.0},{"damage":14.0,"enemies":"3 Sentries","floor":6.0,"turns":3.0},{"damage":19.0,"enemies":"Lagavulin","floor":8.0,"turns":8.0},{"damage":0.0,"enemies":"Blue Slaver","floor":11.0,"turns":2.0},{"damage":0.0,"enemies":"3 Louse","floor":14.0,"turns":3.0},{"damage":0.0,"enemies":"Slime Boss","floor":16.0,"turns":6.0},{"damage":5.0,"enemies":"Chosen","floor":18.0,"turns":3.0},{"damage":3.0,"enemies":"Shell Parasite","floor":22.0,"turns":3.0},{"damage":0.0,"enemies":"Snecko","floor":27.0,"turns":4.0},{"damage":17.0,"enemies":"Book of Stabbing","floor":28.0,"turns":5.0},{"damage":2.0,"enemies":"3 Cultists","floor":30.0,"turns":4.0},{"damage":0.0,"enemies":"Cultist and Chosen","floor":31.0,"turns":4.0},{"damage":37.0,"enemies":"Champ","floor":33.0,"turns":13.0},{"damage":9.0,"enemies":"Orb Walker","floor":35.0,"turns":3.0},{"damage":18.0,"enemies":"3 Shapes","floor":36.0,"turns":3.0},{"damage":0.0,"enemies":"Writhing Mass","floor":38.0,"turns":6.0},{"damage":22.0,"enemies":"Sphere and 2 Shapes","floor":39.0,"turns":6.0},{"damage":8.0,"enemies":"Reptomancer","floor":41.0,"turns":7.0},{"damage":0.0,"enemies":"Giant Head","floor":45.0,"turns":6.0},{"damage":7.0,"enemies":"Mind Bloom Boss Battle","floor":47.0,"turns":8.0},{"damage":44.0,"enemies":"Donu and Deca","floor":50.0,"turns":13.0},{"damage":37.0,"enemies":"Shield and Spear","floor":54.0,"turns":10.0},{"damage":31,"enemies":"The Heart","floor":55,"turns":3}],"seed_played":"-3002903783529082431","potions_obtained":[{"floor":1.0,"key":"EssenceOfSteel"},{"floor":8.0,"key":"Regen Potion"},{"floor":11.0,"key":"GhostInAJar"},{"floor":14.0,"key":"Weak Potion"},{"floor":16.0,"key":"GhostInAJar"},{"floor":33.0,"key":"Strength Potion"}],"is_trial":false,"path_per_floor":["M","M","M","$","M","E","R","E","T","R","M","?","R","M","R","B",null,"M","$","?","T","M","R","?","R","T","M","E","$","M","M","R","B",null,"M","M","$","M","M","R","E","$","T","R","E","R","?","?","R","B",null,"R","$","E","B"],"character_chosen":"THE_SILENT","items_purchased":["All Out Attack","Tough Bandages","Dexterity Potion","Footwork","Blind","Unload+1","PowerPotion","SpeedPotion"],"campfire_rested":5,"item_purchase_floors":[4,19,29,37,37,42,53,53],"current_hp_per_floor":[63,59,59,59,53,39,39,20,20,20,20,2,35,35,63,63,63,58,58,58,58,55,55,44,44,44,44,41,41,39,39,68,31,68,59,41,41,41,19,54,46,46,46,46,46,46,39,39,68,24,68,68,68,31,0],"gold":42,"neow_bonus":"ONE_RARE_RELIC","is_prod":false,"is_daily":false,"chose_seed":false,"campfire_upgraded":6,"win_rate":0,"timestamp":1554618129,"path_taken":["M","M","M","$","M","E","R","E","T","R","M","?","R","M","R","BOSS","M","$","?","?","M","R","?","R","T","M","E","?","M","M","R","BOSS","M","M","$","M","M","R","E","$","T","R","E","R","?","?","R","BOSS","R","$","E","BOSS"],"build_version":"2019-01-23","purchased_purges":3,"victory":false,"max_hp_per_floor":[63,63,63,63,63,63,63,63,63,63,63,63,63,63,63,63,63,63,63,63,63,63,63,68,68,68,68,68,68,68,68,68,68,68,68,68,68,68,68,68,68,68,68,68,68,68,68,68,68,68,68,68,68,68,68],"card_choices":[{"not_picked":["Dodge and Roll","Sucker Punch"],"picked":"Quick Slash","floor":1.0},{"not_picked":["Setup","All Out Attack"],"picked":"Acrobatics","floor":2.0},{"not_picked":["Cloak And Dagger","Sucker Punch"],"picked":"Well Laid Plans","floor":3.0},{"not_picked":["Choke","Finisher"],"picked":"Die Die Die","floor":5.0},{"not_picked":["Blade Dance","Dodge and Roll"],"picked":"Predator","floor":6.0},{"not_picked":["Slice","Prepared"],"picked":"Masterful Stab","floor":8.0},{"not_picked":["Masterful Stab+1","Backflip"],"picked":"Poisoned Stab+1","floor":11.0},{"not_picked":["Riddle With Holes+1","Choke+1"],"picked":"Underhanded Strike+1","floor":14.0},{"not_picked":["Phantasmal Killer","Bullet Time"],"picked":"Adrenaline","floor":16.0},{"not_picked":["Crippling Poison","Acrobatics"],"picked":"Dagger Spray+1","floor":17.0},{"not_picked":["Slice+1","Noxious Fumes"],"picked":"Skewer+1","floor":17.0},{"not_picked":["Deadly Poison","Dagger Spray+1"],"picked":"Backflip","floor":17.0},{"not_picked":["Accuracy","Deflect"],"picked":"Noxious Fumes","floor":17.0},{"not_picked":["Outmaneuver","Blade Dance"],"picked":"Terror","floor":17.0},{"not_picked":["Accuracy","Quick Slash+1","Bane+1"],"picked":"SKIP","floor":18.0},{"not_picked":["Bouncing Flask","Outmaneuver"],"picked":"Acrobatics+1","floor":22.0},{"not_picked":["Slice+1","Catalyst"],"picked":"Flying Knee+1","floor":27.0},{"not_picked":["Terror+1","Eviscerate+1"],"picked":"All Out Attack+1","floor":28.0},{"not_picked":["Dodge and Roll+1","Dagger Spray+1"],"picked":"Dash+1","floor":30.0},{"not_picked":["All Out Attack+1","Backflip"],"picked":"Concentrate+1","floor":31.0},{"not_picked":["Venomology","Phantasmal Killer"],"picked":"Burst","floor":33.0},{"not_picked":["Dagger Spray+1","Outmaneuver+1","Bane+1"],"picked":"SKIP","floor":35.0},{"not_picked":["Deadly Poison","Dodge and Roll+1","Eviscerate+1"],"picked":"SKIP","floor":36.0},{"not_picked":["Setup","Masterful Stab+1"],"picked":"Deflect+1","floor":38.0},{"not_picked":["Deadly Poison+1","Choke+1"],"picked":"Calculated Gamble+1","floor":39.0},{"not_picked":["Setup+1","Skewer+1","Underhanded Strike+1"],"picked":"SKIP","floor":41.0},{"not_picked":["Quick Slash+1","Dodge and Roll+1"],"picked":"Footwork+1","floor":45.0},{"not_picked":["Riddle With Holes+1","Corpse Explosion"],"picked":"Dagger Throw+1","floor":49.0},{"not_picked":["Reflex","Setup","Expertise"],"picked":"SKIP","floor":54.0}],"player_experience":193587,"relics_obtained":[{"floor":6.0,"key":"Smiling Mask"},{"floor":8.0,"key":"Molten Egg 2"},{"floor":9.0,"key":"Regal Pillow"},{"floor":21.0,"key":"Paper Crane"},{"floor":28.0,"key":"Tiny Chest"},{"floor":41.0,"key":"Dream Catcher"},{"floor":43.0,"key":"The Courier"},{"floor":45.0,"key":"Bottled Lightning"},{"floor":47.0,"key":"The Specimen"},{"floor":54.0,"key":"Vajra"}],"event_choices":[{"damage_healed":0.0,"max_hp_gain":0.0,"max_hp_loss":0.0,"gold_gain":0.0,"event_name":"Scrap Ooze","player_choice":"Success","floor":12.0,"gold_loss":0.0,"damage_taken":18.0,"relics_obtained":["Snake Skull"]},{"damage_healed":0.0,"max_hp_gain":0.0,"max_hp_loss":0.0,"gold_gain":0.0,"event_name":"The Mausoleum","player_choice":"Ignored","floor":20.0,"gold_loss":0.0,"damage_taken":0.0},{"damage_healed":0.0,"max_hp_gain":5.0,"max_hp_loss":0.0,"gold_gain":0.0,"event_name":"Forgotten Altar","player_choice":"Shed Blood","floor":24.0,"gold_loss":0.0,"damage_taken":16.0},{"damage_healed":0.0,"max_hp_gain":0.0,"max_hp_loss":0.0,"gold_gain":0.0,"event_name":"MindBloom","player_choice":"Fight","floor":47.0,"gold_loss":0.0,"damage_taken":0.0},{"cards_removed":["Poisoned Stab"],"damage_healed":0.0,"max_hp_gain":0.0,"max_hp_loss":0.0,"gold_gain":0.0,"event_name":"Falling","player_choice":"Removed Attack","floor":48.0,"gold_loss":0.0,"damage_taken":0.0}],"is_beta":false,"boss_relics":[{"not_picked":["Philosopher\u0027s Stone","Eternal Feather"],"picked":"Orrery"},{"not_picked":["Runic Dome","Velvet Choker"],"picked":"Ring of the Serpent"}],"items_purged_floors":[4,29,53],"is_endless":false,"potions_floor_spawned":[1,8,11,14,16,30,31,33,36,38,41],"killed_by":"The Heart","ascension_level":0}