{"path_per_floor":["M","?","?","?","?","R","E","R","T","M","?","E","$","M","R","B",null,"M","$","M","?","M","E","?","R","T","E","R","$","?","$","R","B",null,"M","?","?","$","M"],"character_chosen":"DEFECT","items_purchased":["Juzu Bracelet","Compile Driver+1","Regal Pillow"],"gold_per_floor":[116,116,116,116,116,116,147,147,147,165,165,200,46,64,64,159,159,171,47,60,60,75,103,103,103,126,151,151,51,51,51,51,146,146,161,161,161,7,25,25],"floor_reached":40,"campfire_rested":5,"playtime":1150,"item_purchase_floors":[13,19,38],"current_hp_per_floor":[67,67,55,48,48,70,35,57,57,57,57,50,50,42,64,56,70,66,66,59,75,55,37,37,59,59,39,61,61,61,61,61,11,59,59,59,59,59,59,0],"items_purged":["Strike_B","Strike_B"],"gold":25,"score":596,"play_id":"06544af9-001e-45fe-8d3e-d1a3c1c3c056","local_time":"20180529043738","is_prod":false,"is_daily":false,"chose_seed":false,"is_ascension_mode":true,"campfire_upgraded":1,"win_rate":0,"timestamp":1527561458,"campfire_choices":[{"floor":6,"key":"REST"},{"floor":8,"key":"REST"},{"floor":15,"key":"REST"},{"floor":25,"key":"REST"},{"floor":28,"key":"REST"},{"data":"Zap","floor":32,"key":"SMITH"}],"path_taken":["M","?","?","?","?","R","E","R","T","?","?","E","$","M","R","BOSS","M","$","M","?","M","E","?","R","T","E","R","$","?","?","R","BOSS","M","?","?","$","M","E"],"build_version":"2018-05-27","seed_source_timestamp":89657942895956,"purchased_purges":2,"victory":false,"master_deck":["Defend_B","Defend_B","Defend_B","Defend_B","Zap+1","Coolheaded","Barrage","Defragment+1","Ball Lightning+1","FTL+1","Rainbow","Blizzard+1","Compile Driver+1","FTL+1","Blizzard+1","Compile Driver+1","Rainbow","Beam Cell+1","Madness","Compile Driver+1","Leap"],"max_hp_per_floor":[75,75,75,75,75,75,75,75,75,75,75,75,75,75,75,75,75,75,75,75,75,75,75,75,75,75,75,75,75,75,75,75,75,75,75,75,75,75,75,75],"relics":["Cracked Core","DataDisk","Molten Egg 2","Mummified Hand","Gremlin Horn","Ancient Tea Set","Juzu Bracelet","Nuclear Battery","Ornamental Fan","Boot","Bronze Scales","Eternal Feather","Regal Pillow"],"card_choices":[{"not_picked":["Turbo","Rebound"],"picked":"Coolheaded","floor":1},{"not_picked":["Chill","Skim"],"picked":"Defragment","floor":7},{"not_picked":["Rebound+1","Beam Cell+1"],"picked":"Ball Lightning+1","floor":10},{"not_picked":["Turbo","Storm"],"picked":"FTL+1","floor":12},{"not_picked":["Stack","Skim","Rebound+1"],"picked":"SKIP","floor":14},{"not_picked":["Creative AI","Machine Learning"],"picked":"Rainbow","floor":16},{"not_picked":["Coolheaded+1","Fusion+1"],"picked":"Blizzard+1","floor":18},{"not_picked":["Steam","Hologram+1"],"picked":"FTL+1","floor":20},{"not_picked":["Hologram","Loop"],"picked":"Blizzard+1","floor":22},{"not_picked":["Barrage+1","Cold Snap+1"],"picked":"Compile Driver+1","floor":23},{"not_picked":["Recycle+1","Reprogram+1","Heatsinks"],"picked":"SKIP","floor":27},{"not_picked":["Amplify","Meteor Strike+1"],"picked":"Rainbow","floor":33},{"not_picked":["Rip and Tear+1","Cold Snap+1"],"picked":"Beam Cell+1","floor":35},{"not_picked":["Transmutation","Jack Of All Trades"],"picked":"Madness","floor":36},{"not_picked":["Hologram","Stack"],"picked":"Leap","floor":39}],"player_experience":109051,"potions_floor_usage":[22,22,23,27,33],"damage_taken":[{"damage":1,"enemies":"2 Louse","floor":1,"turns":2},{"damage":35,"enemies":"Gremlin Nob","floor":7,"turns":5},{"damage":0,"enemies":"Cultist","floor":10,"turns":3},{"damage":7,"enemies":"Lagavulin","floor":12,"turns":5},{"damage":8,"enemies":"Small Slimes","floor":14,"turns":3},{"damage":8,"enemies":"Slime Boss","floor":16,"turns":7},{"damage":4,"enemies":"Shell Parasite","floor":18,"turns":3},{"damage":7,"enemies":"3 Byrds","floor":20,"turns":3},{"damage":20,"enemies":"Snake Plant","floor":22,"turns":4},{"damage":18,"enemies":"Slavers","floor":23,"turns":5},{"damage":20,"enemies":"Book of Stabbing","floor":27,"turns":4},{"damage":50,"enemies":"Champ","floor":33,"turns":8},{"damage":0,"enemies":"Flame Bruiser 1 Orb","floor":35,"turns":3},{"damage":0,"enemies":"Orb Walker","floor":39,"turns":2},{"damage":64,"enemies":"Giant Head","floor":40,"turns":7}],"relics_obtained":[{"floor":7,"key":"Mummified Hand"},{"floor":9,"key":"Gremlin Horn"},{"floor":12,"key":"Ancient Tea Set"},{"floor":23,"key":"Ornamental Fan"},{"floor":26,"key":"Boot"},{"floor":27,"key":"Bronze Scales"}],"event_choices":[{"event_name":"Transmorgrifier","player_choice":"Transform","floor":2,"damage_taken":0},{"event_name":"Scrap Ooze","player_choice":"success","floor":3,"damage_taken":12},{"event_name":"Golden Wing","player_choice":"Card Removal","floor":4,"damage_taken":0},{"event_name":"Wheel of Change","player_choice":"Curse","floor":5,"damage_taken":0},{"event_name":"Purifier","player_choice":"One Purge","floor":11,"damage_taken":0},{"event_name":"The Library","player_choice":"Heal","floor":21,"damage_taken":0},{"event_name":"Upgrade Shrine","player_choice":"Upgraded","floor":24,"damage_taken":0},{"event_name":"Addict","player_choice":"Ignored","floor":30,"damage_taken":0},{"event_name":"SensoryStone","player_choice":"Memory 1","floor":36,"damage_taken":0},{"event_name":"Transmorgrifier","player_choice":"Transform","floor":37,"damage_taken":0}],"boss_relics":[{"not_picked":["Runic Pyramid","Orrery"],"picked":"Nuclear Battery"},{"not_picked":["Philosopher\u0027s Stone","Lizard Tail"],"picked":"Eternal Feather"}],"items_purged_floors":[19,29],"potions_floor_spawned":[12,14,16,20,23,27,39],"seed_played":"8358821158164314625","killed_by":"Giant Head","ascension_level":8,"potions_obtained":[{"floor":12,"key":"SpeedPotion"},{"floor":14,"key":"FearPotion"},{"floor":16,"key":"Swift Potion"},{"floor":20,"key":"AttackPotion"},{"floor":23,"key":"FocusPotion"},{"floor":27,"key":"Swift Potion"},{"floor":39,"key":"Strength Potion"}],"is_trial":false}