{"gold_per_floor":[110,122,142,156,166,166,166,166,193,193,213,17,92,102,102,180,180,191,106,124,124,137,137],"floor_reached":23,"playtime":921,"items_purged":[],"score":324,"play_id":"dbe1dfc0-5da3-45bf-9713-987c226b5468","local_time":"20190309000032","is_ascension_mode":true,"campfire_choices":[{"data":"Zap","floor":6.0,"key":"SMITH"},{"floor":8.0,"key":"REST"},{"floor":15.0,"key":"REST"}],"neow_cost":"NONE","seed_source_timestamp":0,"circlet_count":0,"master_deck":["AscendersBane","Strike_B","Strike_B","Strike_B","Strike_B","Defend_B","Defend_B","Defend_B","Defend_B","Zap+1","Dualcast+1","Coolheaded","FTL","Coolheaded","Auto Shields","Cold Snap","Rebound","Redo","Electrodynamics","Stack","Echo Form","Decay","Ball Lightning"],"special_seed":0,"relics":["Cracked Core","NeowsBlessing","Orichalcum","Blood Vial","Eternal Feather","DataDisk"],"potions_floor_usage":[18,23],"damage_taken":[{"damage":0.0,"enemies":"Cultist","floor":1.0,"turns":1.0},{"damage":0.0,"enemies":"2 Louse","floor":2.0,"turns":1.0},{"damage":0.0,"enemies":"Small Slimes","floor":3.0,"turns":1.0},{"damage":9.0,"enemies":"Exordium Wildlife","floor":4.0,"turns":3.0},{"damage":7.0,"enemies":"Blue Slaver","floor":5.0,"turns":4.0},{"damage":0.0,"enemies":"2 Fungi Beasts","floor":11.0,"turns":2.0},{"damage":11.0,"enemies":"Large Slime","floor":14.0,"turns":7.0},{"damage":25.0,"enemies":"Hexaghost","floor":16.0,"turns":10.0},{"damage":15,"enemies":"Shell Parasite","floor":18,"turns":8},{"damage":1,"enemies":"3 Byrds","floor":20,"turns":2},{"damage":21,"enemies":"Snake Plant","floor":22,"turns":4},{"damage":29,"enemies":"Slavers","floor":23,"turns":3}],"seed_played":"4107274824496180761","potions_obtained":[{"floor":2.0,"key":"FearPotion"},{"floor":4.0,"key":"PowerPotion"},{"floor":11.0,"key":"PowerPotion"},{"floor":16.0,"key":"SpeedPotion"},{"floor":22,"key":"Swift Potion"}],"is_trial":false,"path_per_floor":["M","M","M","M","M","R","?","R","T","?","M","$","?","M","R","B",null,"M","?","M","?","M","E"],"character_chosen":"DEFECT","items_purchased":["Blood Vial","PowerPotion"],"campfire_rested":2,"item_purchase_floors":[12,12],"current_hp_per_floor":[64,64,64,55,48,48,48,69,69,69,69,69,58,49,70,46,65,52,52,53,53,34,7],"gold":137,"neow_bonus":"THREE_ENEMY_KILL","is_prod":false,"is_daily":false,"chose_seed":false,"campfire_upgraded":1,"win_rate":0,"timestamp":1552111232,"path_taken":["M","M","?","M","M","R","?","R","T","?","?","$","?","M","R","BOSS","M","?","M","?","M","E"],"build_version":"2019-01-23","purchased_purges":0,"victory":false,"max_hp_per_floor":[71,71,71,71,71,71,71,71,71,71,71,71,71,71,71,71,71,71,71,71,71,71,71],"card_choices":[{"not_picked":["Go for the Eyes","Steam"],"picked":"Coolheaded","floor":1.0},{"not_picked":["White Noise","Compile Driver"],"picked":"FTL","floor":2.0},{"not_picked":["Steam Power","Force Field"],"picked":"Coolheaded","floor":3.0},{"not_picked":["Storm","Hologram"],"picked":"Auto Shields","floor":4.0},{"not_picked":["Beam Cell","Melter"],"picked":"Cold Snap","floor":5.0},{"not_picked":["Sunder","Compile Driver"],"picked":"Rebound","floor":11.0},{"not_picked":["Barrage","Conserve Battery"],"picked":"Redo","floor":14.0},{"not_picked":["Fission","Hyperbeam"],"picked":"Electrodynamics","floor":16.0},{"not_picked":["Go for the Eyes","Steam"],"picked":"Stack","floor":18},{"not_picked":["Heatsinks","Undo"],"picked":"Echo Form","floor":20},{"not_picked":["Turbo","Go for the Eyes"],"picked":"Ball Lightning","floor":22}],"player_experience":659429,"relics_obtained":[{"floor":9.0,"key":"Orichalcum"}],"event_choices":[{"damage_healed":0.0,"max_hp_gain":0.0,"max_hp_loss":0.0,"gold_gain":0.0,"event_name":"Golden Wing","player_choice":"Ignored","floor":7.0,"gold_loss":0.0,"damage_taken":0.0},{"damage_healed":0.0,"max_hp_gain":0.0,"max_hp_loss":0.0,"gold_gain":0.0,"event_name":"Upgrade Shrine","player_choice":"Upgraded","floor":10.0,"gold_loss":0.0,"damage_taken":0.0,"cards_upgraded":["Dualcast"]},{"damage_healed":0.0,"max_hp_gain":0.0,"max_hp_loss":0.0,"gold_gain":75.0,"event_name":"World of Goop","player_choice":"Gather Gold","floor":13.0,"gold_loss":0.0,"damage_taken":11.0},{"damage_healed":0,"gold_gain":0,"player_choice":"Obtained Relic","damage_taken":0,"relics_obtained":["DataDisk"],"max_hp_gain":0,"max_hp_loss":0,"event_name":"Addict","floor":19,"gold_loss":85},{"damage_healed":0,"gold_gain":0,"player_choice":"Smashed Altar","damage_taken":0,"max_hp_gain":0,"max_hp_loss":0,"event_name":"Forgotten Altar","floor":21,"gold_loss":0,"cards_obtained":["Decay"]}],"is_beta":false,"boss_relics":[{"not_picked":["Lizard Tail","Philosopher\u0027s Stone"],"picked":"Eternal Feather"}],"items_purged_floors":[],"is_endless":false,"potions_floor_spawned":[2,4,11,14,16,22],"killed_by":"Slavers","ascension_level":15}