{"gold_per_floor":[109,119,131,33,45,76,86,119,145,165,185,185,201,215,215,314,314,332,346,363,378,388,388,418,418,418,418,449,449],"floor_reached":29,"playtime":2904,"items_purged":[],"score":355,"play_id":"ed2fae38-e52f-4d51-9652-fcd8ea7fc1a9","local_time":"20190412202140","is_ascension_mode":true,"campfire_choices":[{"data":"Go for the Eyes","floor":12,"key":"SMITH"},{"floor":15,"key":"REST"},{"floor":23,"key":"REST"},{"floor":25,"key":"REST"}],"neow_cost":"NONE","seed_source_timestamp":0,"circlet_count":0,"master_deck":["Strike_B","Strike_B","Strike_B","Defend_B","Defend_B","Defend_B","Defend_B","Zap","Dualcast","Melter","Loop","White Noise","Cold Snap","Go for the Eyes+1","Steam","Fusion","Biased Cognition","Chill","Static Discharge","BootSequence","Compile Driver","Creative AI","Hologram+1","Sweeping Beam","Reprogram+1","Conserve Battery","Go for the Eyes","Stack+1"],"special_seed":0,"relics":["FrozenCore","Art of War","Bag of Preparation","Boot","Regal Pillow","Turnip","Red Mask"],"potions_floor_usage":[15,19,22,24,28],"damage_taken":[{"damage":1.0,"enemies":"Cultist","floor":1.0,"turns":3.0},{"damage":5.0,"enemies":"Small Slimes","floor":2.0,"turns":3.0},{"damage":0.0,"enemies":"2 Louse","floor":3.0,"turns":2.0},{"damage":3.0,"enemies":"Large Slime","floor":5.0,"turns":5.0},{"damage":8.0,"enemies":"Gremlin Nob","floor":6.0,"turns":4.0},{"damage":4.0,"enemies":"Exordium Thugs","floor":7.0,"turns":5.0},{"damage":17.0,"enemies":"3 Sentries","floor":8.0,"turns":6.0},{"damage":0,"enemies":"Looter","floor":10,"turns":3},{"damage":0,"enemies":"Exordium Wildlife","floor":11,"turns":3},{"damage":1,"enemies":"Large Slime","floor":13,"turns":5},{"damage":0,"enemies":"Red Slaver","floor":14,"turns":3},{"damage":36,"enemies":"Slime Boss","floor":16,"turns":6},{"damage":2,"enemies":"Shell Parasite","floor":18,"turns":8},{"damage":0,"enemies":"Spheric Guardian","floor":19,"turns":3},{"damage":8,"enemies":"Snake Plant","floor":20,"turns":8},{"damage":65,"enemies":"Cultist and Chosen","floor":21,"turns":10},{"damage":3,"enemies":"Sentry and Sphere","floor":22,"turns":6},{"damage":19,"enemies":"Slavers","floor":24,"turns":8},{"damage":8,"enemies":"Masked Bandits","floor":28,"turns":8},{"damage":22,"enemies":"3 Cultists","floor":29,"turns":5}],"seed_played":"8729238997212123272","potions_obtained":[{"floor":1.0,"key":"LiquidBronze"},{"floor":3.0,"key":"Poison Potion"},{"floor":10,"key":"Fruit Juice"},{"floor":11,"key":"Energy Potion"},{"floor":16,"key":"FairyPotion"},{"floor":18,"key":"Explosive Potion"},{"floor":19,"key":"SpeedPotion"},{"floor":24,"key":"GamblersBrew"}],"is_trial":false,"path_per_floor":["M","M","M","$","M","E","M","E","T","M","M","R","M","M","R","B",null,"M","M","M","M","M","R","E","R","T","?","?","M"],"character_chosen":"DEFECT","items_purchased":["Cold Snap","Go for the Eyes"],"campfire_rested":3,"item_purchase_floors":[4,4],"current_hp_per_floor":[67,62,62,62,59,51,47,30,30,30,30,30,29,29,56,20,65,63,63,55,4,1,25,6,45,45,30,22,0],"gold":449,"neow_bonus":"REMOVE_CARD","is_prod":false,"is_daily":false,"chose_seed":false,"campfire_upgraded":1,"win_rate":0,"timestamp":1555125700,"path_taken":["M","M","M","$","M","E","M","E","T","M","M","R","M","M","R","BOSS","M","M","M","?","M","R","E","R","T","?","?","M"],"build_version":"2019-01-23","purchased_purges":0,"victory":false,"max_hp_per_floor":[75,75,75,75,75,75,75,75,75,75,75,75,75,75,80,80,80,80,80,80,80,80,80,80,80,80,85,85,85],"card_choices":[{"not_picked":["Auto Shields","Compile Driver"],"picked":"Melter","floor":1.0},{"not_picked":["Turbo","Barrage"],"picked":"Loop","floor":2.0},{"not_picked":["Hologram","Beam Cell"],"picked":"White Noise","floor":3.0},{"not_picked":["Heatsinks","Rebound"],"picked":"Steam","floor":5.0},{"not_picked":["Steam Power","Gash"],"picked":"Fusion","floor":6.0},{"not_picked":["Barrage","Steam Power"],"picked":"Biased Cognition","floor":7.0},{"not_picked":["Rebound","Auto Shields"],"picked":"Chill","floor":8},{"not_picked":["Sweeping Beam","Hologram"],"picked":"Static Discharge","floor":10},{"not_picked":["Gash","Conserve Battery"],"picked":"BootSequence","floor":11},{"not_picked":["Stack","Beam Cell","Scrape"],"picked":"SKIP","floor":13},{"not_picked":["Steam Power","Go for the Eyes"],"picked":"Compile Driver","floor":14},{"not_picked":["Hyperbeam","Machine Learning"],"picked":"Creative AI","floor":16},{"not_picked":["Beam Cell","Ball Lightning"],"picked":"Hologram+1","floor":18},{"not_picked":["Leap","Chill+1"],"picked":"Sweeping Beam","floor":19},{"not_picked":["Redo","Ball Lightning","Compile Driver"],"picked":"SKIP","floor":20},{"not_picked":["Conserve Battery","Hello World"],"picked":"Reprogram+1","floor":21},{"not_picked":["Compile Driver","Darkness+1"],"picked":"Conserve Battery","floor":22},{"not_picked":["Biased Cognition","Barrage"],"picked":"Go for the Eyes","floor":24},{"not_picked":["Conserve Battery","Ball Lightning"],"picked":"Stack+1","floor":28}],"player_experience":303047,"relics_obtained":[{"floor":6.0,"key":"Art of War"},{"floor":8,"key":"Bag of Preparation"},{"floor":9,"key":"Boot"},{"floor":24,"key":"Regal Pillow"},{"floor":26,"key":"Turnip"},{"floor":28,"key":"Red Mask"}],"event_choices":[{"damage_healed":0,"gold_gain":0,"player_choice":"Shed Blood","damage_taken":20,"max_hp_gain":5,"max_hp_loss":0,"event_name":"Forgotten Altar","floor":27,"gold_loss":0},{"damage_healed":0,"gold_gain":0,"player_choice":"Fought Bandits","damage_taken":0,"max_hp_gain":0,"max_hp_loss":0,"event_name":"Masked Bandits","floor":28,"gold_loss":0}],"is_beta":false,"boss_relics":[{"not_picked":["Busted Crown","White Beast Statue"],"picked":"FrozenCore"}],"items_purged_floors":[],"is_endless":false,"potions_floor_spawned":[1,3,10,11,16,18,19,24],"killed_by":"3 Cultists","ascension_level":7}