{"gold_per_floor":[113,24,39,49,49,87,99,143,179,191,214,226,238,262,274,384,396,427,451,59,59,70,70,70,70,119,0,0,0,11,44,44,140,140,155,175,175,96,196,196,0,20,43,43,72,72,72],"floor_reached":47,"playtime":2493,"items_purged":["Perfected Strike"],"score":600,"play_id":"acd02959-24cd-46bc-8dd3-3d8e533c0976","local_time":"20190407203335","is_ascension_mode":true,"campfire_choices":[{"floor":7.0,"key":"REST"},{"floor":10.0,"key":"REST"},{"data":"Armaments","floor":12.0,"key":"SMITH"},{"data":"Fiend Fire","floor":15.0,"key":"SMITH"},{"data":"Blind","floor":23.0,"key":"SMITH"},{"floor":32.0,"key":"REST"},{"floor":40.0,"key":"REST"},{"floor":44.0,"key":"REST"}],"neow_cost":"NONE","seed_source_timestamp":261330885367076,"circlet_count":0,"master_deck":["Bash","Thunderclap","Clash","Metallicize","Armaments+1","Armaments","Clash","Headbutt","Wild Strike","Brutality","Blind+1","Fiend Fire+1","Wild Strike","Feed","Metallicize","Demon Form","Blood for Blood","Clash","Havoc","Inflame","Pummel","Evolve","Wild Strike","Battle Trance","Double Tap","Spot Weakness+1","Clash+1","Searing Blow","Headbutt+1","Secret Weapon","Metallicize+1","Parasite"],"special_seed":0,"relics":["Burning Blood","MawBank","Anchor","Art of War","Vajra","Pandora\u0027s Box","OrangePellets","Boot","Turnip","Prayer Wheel","Philosopher\u0027s Stone","Thread and Needle","Juzu Bracelet","PreservedInsect"],"potions_floor_usage":[],"damage_taken":[{"damage":0.0,"enemies":"Small Slimes","floor":1.0,"turns":3.0},{"damage":9.0,"enemies":"Jaw Worm","floor":3.0,"turns":3.0},{"damage":1.0,"enemies":"Cultist","floor":4.0,"turns":3.0},{"damage":25.0,"enemies":"Gremlin Nob","floor":6.0,"turns":4.0},{"damage":29.0,"enemies":"Lagavulin","floor":8.0,"turns":4.0},{"damage":0.0,"enemies":"Exordium Wildlife","floor":11.0,"turns":3.0},{"damage":0.0,"enemies":"Gremlin Gang","floor":14.0,"turns":3.0},{"damage":28.0,"enemies":"Slime Boss","floor":16.0,"turns":4.0},{"damage":27.0,"enemies":"3 Byrds","floor":18.0,"turns":4.0},{"damage":6.0,"enemies":"Shell Parasite","floor":19.0,"turns":5.0},{"damage":13.0,"enemies":"Centurion and Healer","floor":22.0,"turns":4.0},{"damage":9.0,"enemies":"Cultist and Chosen","floor":30.0,"turns":4.0},{"damage":37.0,"enemies":"Slavers","floor":31.0,"turns":4.0},{"damage":35.0,"enemies":"Champ","floor":33.0,"turns":7.0},{"damage":0.0,"enemies":"Orb Walker","floor":35.0,"turns":2.0},{"damage":21.0,"enemies":"3 Shapes","floor":36.0,"turns":3.0},{"damage":49.0,"enemies":"Mind Bloom Boss Battle","floor":39.0,"turns":12.0},{"damage":25.0,"enemies":"3 Darklings","floor":42.0,"turns":4.0},{"damage":47.0,"enemies":"Giant Head","floor":45.0,"turns":6.0},{"damage":5,"enemies":"Writhing Mass","floor":47,"turns":3}],"seed_played":"1696619020520221988","potions_obtained":[{"floor":4.0,"key":"Fire Potion"},{"floor":11.0,"key":"AttackPotion"},{"floor":14.0,"key":"Energy Potion"},{"floor":22.0,"key":"Fruit Juice"},{"floor":31.0,"key":"LiquidBronze"},{"floor":33.0,"key":"SkillPotion"},{"floor":35.0,"key":"AttackPotion"},{"floor":42.0,"key":"PowerPotion"}],"is_trial":false,"path_per_floor":["M","$","M","M","?","E","R","E","T","R","M","R","?","M","R","B",null,"M","M","$","?","M","R","$","?","T","?","$","T","M","E","R","B",null,"M","M","?","$","?","R","$","M","T","R","E","?","M"],"character_chosen":"IRONCLAD","items_purchased":["Metallicize","Armaments","Evolve","Wild Strike","OrangePellets","Searing Blow","Secret Weapon"],"campfire_rested":5,"item_purchase_floors":[2,2,20,20,20,38,41],"current_hp_per_floor":[80,80,77,80,55,36,60,37,37,61,67,67,67,73,73,51,80,62,62,62,83,81,81,81,81,81,81,81,81,78,50,77,52,95,99,84,84,84,41,70,70,51,51,80,39,39,34],"gold":72,"neow_bonus":"THREE_CARDS","is_prod":false,"is_daily":false,"chose_seed":false,"campfire_upgraded":3,"win_rate":0,"timestamp":1554687215,"path_taken":["M","$","M","M","?","E","R","E","T","R","M","R","?","M","R","BOSS","M","?","$","?","?","R","$","?","T","?","?","?","M","E","R","BOSS","M","M","?","$","?","R","?","M","T","R","E","?","M"],"build_version":"2019-01-23","purchased_purges":1,"victory":false,"max_hp_per_floor":[80,80,80,80,80,80,80,80,80,80,80,80,80,80,80,80,80,83,83,83,83,88,88,88,88,88,88,88,88,88,91,91,95,95,99,99,99,99,99,99,99,99,99,99,99,94,94],"card_choices":[{"not_picked":["Shrug It Off","Infernal Blade"],"picked":"Thunderclap","floor":0.0},{"not_picked":["Perfected Strike","Second Wind"],"picked":"Clash","floor":1.0},{"not_picked":["True Grit","Cleave"],"picked":"Armaments","floor":3.0},{"not_picked":["Evolve","Pommel Strike"],"picked":"Clash","floor":4.0},{"not_picked":["Cleave","Inflame"],"picked":"Headbutt","floor":6.0},{"not_picked":["Corruption","Carnage"],"picked":"Wild Strike","floor":8.0},{"not_picked":["Rupture","Havoc"],"picked":"Brutality","floor":11.0},{"not_picked":["Clash","Pummel"],"picked":"Wild Strike","floor":14.0},{"not_picked":["Offering","Berserk"],"picked":"Feed","floor":16.0},{"not_picked":["Rampage","Intimidate","Pommel Strike"],"picked":"SKIP","floor":18.0},{"not_picked":["Thunderclap","Clothesline+1","Cleave"],"picked":"SKIP","floor":19.0},{"not_picked":["Perfected Strike+1","Rage"],"picked":"Battle Trance","floor":22.0},{"not_picked":["Flex","Warcry","Heavy Blade"],"picked":"SKIP","floor":30.0},{"not_picked":["Rampage","Flame Barrier"],"picked":"Double Tap","floor":31.0},{"not_picked":["Warcry","Thunderclap"],"picked":"Spot Weakness+1","floor":35.0},{"not_picked":["Cleave","Twin Strike+1"],"picked":"Clash+1","floor":35.0},{"not_picked":["Dropkick","Flex+1","Clothesline+1"],"picked":"SKIP","floor":36.0},{"not_picked":["True Grit","Body Slam+1","Fire Breathing"],"picked":"SKIP","floor":36.0},{"not_picked":["Anger+1","Combust+1"],"picked":"Headbutt+1","floor":39.0},{"not_picked":["Perfected Strike+1","Intimidate","Spot Weakness"],"picked":"SKIP","floor":42.0},{"not_picked":["Clothesline","Headbutt","Immolate"],"picked":"SKIP","floor":42.0},{"not_picked":["Bloodletting+1","Twin Strike"],"picked":"Metallicize+1","floor":45.0}],"player_experience":900241,"relics_obtained":[{"floor":6.0,"key":"Anchor"},{"floor":8.0,"key":"Art of War"},{"floor":9.0,"key":"Vajra"},{"floor":26.0,"key":"Boot"},{"floor":29.0,"key":"Turnip"},{"floor":31.0,"key":"Prayer Wheel"},{"floor":39.0,"key":"Thread and Needle"},{"floor":43.0,"key":"Juzu Bracelet"},{"floor":45.0,"key":"PreservedInsect"}],"event_choices":[{"damage_healed":0.0,"max_hp_gain":0.0,"max_hp_loss":0.0,"gold_gain":0.0,"event_name":"Scrap Ooze","player_choice":"Success","floor":5.0,"gold_loss":0.0,"damage_taken":25.0,"relics_obtained":["MawBank"]},{"damage_healed":0.0,"max_hp_gain":0.0,"max_hp_loss":0.0,"gold_gain":0.0,"event_name":"Match and Keep!","player_choice":"2 cards matched","floor":13.0,"gold_loss":0.0,"damage_taken":0.0,"cards_obtained":["Blind","Fiend Fire"]},{"cards_removed":["Carnage"],"damage_healed":21.0,"max_hp_gain":0.0,"max_hp_loss":0.0,"gold_gain":0.0,"event_name":"Bonfire Elementals","player_choice":"Offered Uncommon","floor":21.0,"gold_loss":0.0,"damage_taken":0.0},{"damage_healed":0.0,"max_hp_gain":0.0,"max_hp_loss":0.0,"gold_gain":0.0,"event_name":"Beggar","player_choice":"Ignored","floor":25.0,"gold_loss":0.0,"damage_taken":0.0},{"damage_healed":0.0,"max_hp_gain":0.0,"max_hp_loss":0.0,"gold_gain":0.0,"event_name":"Masked Bandits","player_choice":"Paid Fearfully","floor":27.0,"gold_loss":119.0,"damage_taken":0.0},{"damage_healed":0.0,"max_hp_gain":0.0,"max_hp_loss":0.0,"gold_gain":0.0,"event_name":"Tomb of Lord Red Mask","player_choice":"Ignored","floor":37.0,"gold_loss":0.0,"damage_taken":0.0},{"damage_healed":0.0,"max_hp_gain":0.0,"max_hp_loss":0.0,"gold_gain":0.0,"event_name":"MindBloom","player_choice":"Fight","floor":39.0,"gold_loss":0.0,"damage_taken":0.0},{"damage_healed":0.0,"max_hp_gain":0.0,"max_hp_loss":5.0,"gold_gain":0.0,"event_name":"Winding Halls","player_choice":"Max HP","floor":46.0,"gold_loss":0.0,"damage_taken":0.0}],"is_beta":false,"boss_relics":[{"not_picked":["Lizard Tail","Runic Pyramid"],"picked":"Pandora\u0027s Box"},{"not_picked":["Cursed Key","Sozu"],"picked":"Philosopher\u0027s Stone"}],"items_purged_floors":[20],"is_endless":false,"potions_floor_spawned":[4,11,14,22,31,33,35,42],"killed_by":"Writhing Mass","ascension_level":4}