{"gold_per_floor":[110,110,110,110,122,151,151,164,238,250,250,265,293,293,293,394,394,409,26,39,39],"floor_reached":21,"playtime":780,"items_purged":[],"score":278,"play_id":"199ab9a0-1444-4907-a905-50259b510a3b","local_time":"20181105111416","is_ascension_mode":true,"campfire_choices":[{"data":"Zap","floor":7,"key":"SMITH"},{"data":"Seek","floor":11,"key":"SMITH"},{"floor":15,"key":"REST"}],"neow_cost":"NONE","seed_source_timestamp":291288497993440,"circlet_count":0,"master_deck":["Strike_B","Strike_B+1","Strike_B+1","Strike_B","Defend_B","Defend_B","Defend_B","Defend_B","Zap+1","Dualcast","Conserve Battery","Leap","Darkness","Storm","Seek+1","Coolheaded","Cold Snap","Conserve Battery","Thunder Strike","Hologram+1","Mayhem","Mayhem","Coolheaded"],"relics":["Cracked Core","NeowsBlessing","Juzu Bracelet","Gremlin Horn","Whetstone","Snecko Eye","DollysMirror"],"potions_floor_usage":[20],"damage_taken":[{"damage":0,"enemies":"Jaw Worm","floor":1,"turns":1},{"damage":0,"enemies":"2 Louse","floor":5,"turns":1},{"damage":0,"enemies":"3 Sentries","floor":6,"turns":1},{"damage":6,"enemies":"Cultist","floor":8,"turns":4},{"damage":6,"enemies":"Blue Slaver","floor":10,"turns":4},{"damage":15,"enemies":"Looter","floor":12,"turns":4},{"damage":23,"enemies":"Lagavulin","floor":13,"turns":9},{"damage":34,"enemies":"Hexaghost","floor":16,"turns":13},{"damage":14,"enemies":"Chosen","floor":18,"turns":7},{"damage":26,"enemies":"3 Byrds","floor":20,"turns":5},{"damage":11,"enemies":"Centurion and Healer","floor":21,"turns":2}],"seed_played":"6752218266095230271","potions_obtained":[{"floor":1,"key":"GamblersBrew"},{"floor":6,"key":"Ancient Potion"},{"floor":8,"key":"Poison Potion"}],"is_trial":false,"path_per_floor":["M","?","?","?","M","E","R","M","T","M","R","M","E","?","R","B",null,"M","$","M","M"],"character_chosen":"DEFECT","items_purchased":["Mayhem","DollysMirror"],"campfire_rested":1,"item_purchase_floors":[19,19],"current_hp_per_floor":[68,68,68,68,68,68,68,62,62,56,56,41,18,18,40,6,58,44,44,18,7],"gold":39,"neow_bonus":"THREE_ENEMY_KILL","is_prod":false,"is_daily":false,"chose_seed":false,"campfire_upgraded":2,"win_rate":0,"timestamp":1541438056,"path_taken":["M","?","?","?","M","E","R","M","T","M","R","M","E","?","R","BOSS","M","?","M","M"],"build_version":"2018-11-01","purchased_purges":0,"victory":false,"max_hp_per_floor":[75,75,75,75,75,75,75,75,75,75,75,75,75,75,75,75,75,75,75,75,75],"card_choices":[{"not_picked":["Auto Shields","Ball Lightning"],"picked":"Conserve Battery","floor":1},{"not_picked":["Hello World","Doom and Gloom"],"picked":"Leap","floor":5},{"not_picked":["Aggregate","Streamline"],"picked":"Darkness","floor":6},{"not_picked":["Turbo","Beam Cell"],"picked":"Storm","floor":8},{"not_picked":["Conserve Battery","Tempest"],"picked":"Seek","floor":10},{"not_picked":["Gash","Streamline"],"picked":"Coolheaded","floor":12},{"not_picked":["Ball Lightning","Thunder Strike"],"picked":"Cold Snap","floor":13},{"not_picked":["Buffer","Meteor Strike"],"picked":"Thunder Strike","floor":16},{"not_picked":["Conserve Battery+1","Stack+1"],"picked":"Hologram+1","floor":18},{"not_picked":["Reinforced Body","Chill"],"picked":"Coolheaded","floor":20}],"player_experience":313267,"relics_obtained":[{"floor":6,"key":"Juzu Bracelet"},{"floor":9,"key":"Gremlin Horn"},{"floor":13,"key":"Whetstone"}],"event_choices":[{"damage_healed":0,"gold_gain":0,"player_choice":"Ignored","damage_taken":0,"max_hp_gain":0,"max_hp_loss":0,"event_name":"Shining Light","floor":2,"gold_loss":0},{"damage_healed":0,"gold_gain":0,"player_choice":"Leave","damage_taken":0,"max_hp_gain":0,"max_hp_loss":0,"event_name":"The Cleric","floor":3,"gold_loss":0},{"damage_healed":0,"gold_gain":0,"player_choice":"Ignored","damage_taken":0,"max_hp_gain":0,"max_hp_loss":0,"event_name":"Golden Wing","floor":4,"gold_loss":0},{"damage_healed":0,"gold_gain":0,"player_choice":"1 cards matched","damage_taken":0,"max_hp_gain":0,"max_hp_loss":0,"event_name":"Match and Keep!","floor":14,"gold_loss":0,"cards_obtained":["Conserve Battery"]}],"is_beta":false,"boss_relics":[{"not_picked":["Coffee Dripper","Busted Crown"],"picked":"Snecko Eye"}],"items_purged_floors":[],"is_endless":false,"potions_floor_spawned":[1,6,8,18],"killed_by":"Centurion and Healer","ascension_level":6}