{"gold_per_floor":[112,187,205,215,23,53,53,69,150,150,166,176,176,187,187,290,290,258,277,277,277,292,292,312,312,381,411,424,440,455,36,36,132,132,150,169,269,288,288,288,288,330,366,412,10,20,20,34,34,34],"floor_reached":51,"playtime":7736,"items_purged":[],"score":713,"play_id":"a4001dc4-7812-482d-a350-3577dbb0368e","local_time":"20190310135904","is_ascension_mode":false,"campfire_choices":[{"floor":7,"key":"REST"},{"floor":13,"key":"REST"},{"data":"Armaments","floor":15,"key":"SMITH"},{"floor":23,"key":"REST"},{"floor":32,"key":"REST"},{"floor":40,"key":"REST"},{"floor":47,"key":"REST"},{"floor":49,"key":"REST"}],"neow_cost":"NONE","seed_source_timestamp":7693100558229,"circlet_count":0,"master_deck":["Strike_R","Strike_R","Strike_R","Strike_R","Strike_R","Defend_R+1","Defend_R","Defend_R","Defend_R","Bash","Impervious","Clothesline","Armaments+1","Ghostly Armor","Metallicize","Flame Barrier+1","Intimidate","Pain","Power Through","Armaments","Warcry","Juggernaut","Shrug It Off","Clothesline+1","Seeing Red","Swift Strike","Uppercut","Bloodletting","Entrench","Dropkick","Sword Boomerang","True Grit+1","Body Slam+1","Sadistic Nature","Metallicize","Juggernaut","Anger+1","Carnage+1","Metallicize+1","Anger+1","Armaments+1","Secret Weapon","Headbutt+1","Spot Weakness+1"],"relics":["Burning Blood","Lantern","Matryoshka","War Paint","Tiny Chest","WarpedTongs","Fusion Hammer","Anchor","Ornamental Fan","Gremlin Horn","Red Mask","Centennial Puzzle","Runic Cube","Thread and Needle","MawBank","Magic Flower","Vajra","Shuriken","Letter Opener"],"potions_floor_usage":[16,16,33,33,33,37,50,50],"damage_taken":[{"damage":6,"enemies":"Jaw Worm","floor":1,"turns":6},{"damage":5,"enemies":"Small Slimes","floor":3,"turns":5},{"damage":3,"enemies":"Cultist","floor":4,"turns":6},{"damage":37,"enemies":"Lagavulin","floor":6,"turns":12},{"damage":14,"enemies":"Large Slime","floor":8,"turns":10},{"damage":5,"enemies":"Looter","floor":11,"turns":3},{"damage":21,"enemies":"Gremlin Gang","floor":12,"turns":7},{"damage":5,"enemies":"Exordium Wildlife","floor":14,"turns":7},{"damage":17,"enemies":"The Guardian","floor":16,"turns":13},{"damage":26,"enemies":"2 Thieves","floor":18,"turns":5},{"damage":4,"enemies":"3 Byrds","floor":19,"turns":6},{"damage":23,"enemies":"Cultist and Chosen","floor":22,"turns":8},{"damage":10,"enemies":"Snake Plant","floor":24,"turns":5},{"damage":17,"enemies":"Masked Bandits","floor":27,"turns":6},{"damage":9,"enemies":"3 Cultists","floor":28,"turns":8},{"damage":10,"enemies":"Shelled Parasite and Fungi","floor":29,"turns":8},{"damage":1,"enemies":"Centurion and Healer","floor":30,"turns":8},{"damage":56,"enemies":"Automaton","floor":33,"turns":13},{"damage":4,"enemies":"Orb Walker","floor":35,"turns":3},{"damage":8,"enemies":"3 Darklings","floor":36,"turns":6},{"damage":29,"enemies":"Mind Bloom Boss Battle","floor":37,"turns":6},{"damage":13,"enemies":"Spire Growth","floor":38,"turns":5},{"damage":19,"enemies":"Nemesis","floor":42,"turns":7},{"damage":25,"enemies":"Giant Head","floor":44,"turns":8},{"damage":11,"enemies":"Transient","floor":46,"turns":5},{"damage":14,"enemies":"Maw","floor":48,"turns":6},{"damage":95,"enemies":"Awakened One","floor":50,"turns":11}],"seed_played":"-7365044436145252738","potions_obtained":[{"floor":3,"key":"Strength Potion"},{"floor":11,"key":"SteroidPotion"},{"floor":14,"key":"LiquidBronze"},{"floor":22,"key":"SteroidPotion"},{"floor":28,"key":"Ancient Potion"},{"floor":29,"key":"Block Potion"},{"floor":30,"key":"Energy Potion"},{"floor":33,"key":"Fire Potion"},{"floor":35,"key":"Energy Potion"},{"floor":36,"key":"FearPotion"},{"floor":42,"key":"FairyPotion"},{"floor":48,"key":"Strength Potion"}],"is_trial":false,"path_per_floor":["?","?","M","?","?","M","T","?","?","?","?","M"],"character_chosen":"IRONCLAD","items_purchased":["Metallicize","Lantern","Centennial Puzzle","Sadistic Nature","Metallicize","Secret Weapon","Letter Opener"],"campfire_rested":7,"item_purchase_floors":[5,5,31,31,31,45,45],"current_hp_per_floor":[80,69,70,73,73,42,66,58,58,58,59,44,68,69,69,58,80,60,62,62,62,45,69,65,65,65,54,51,47,52,52,76,26,80,80,78,55,48,48,72,72,59,59,43,43,41,65,60,80,21],"gold":34,"neow_bonus":"ONE_RANDOM_RARE_CARD","is_prod":false,"is_daily":false,"chose_seed":false,"campfire_upgraded":1,"win_rate":0.0,"timestamp":1552222744,"path_taken":["M","?","M","M","$","E","R","M","T","?","M","?","R","M","R","BOSS","M","M","?","?","?","R","M","?","T","?","M","M","M","$","R","BOSS","M","M","?","M","?","R","?","E","T","E","$","M","R","?","R","BOSS"],"build_version":"2019-01-23","purchased_purges":0,"victory":true,"max_hp_per_floor":[80,80,80,80,80,80,80,80,80,80,80,80,80,80,80,80,80,80,80,80,80,80,80,80,80,80,80,80,80,80,80,80,80,80,80,80,80,80,80,80,80,80,80,80,80,80,80,80,80,80],"card_choices":[{"not_picked":["Cleave","Warcry"],"picked":"Clothesline","floor":1},{"not_picked":["Warcry","Anger"],"picked":"Armaments","floor":3},{"not_picked":["Perfected Strike","Pommel Strike"],"picked":"Ghostly Armor","floor":4},{"not_picked":["Armaments","Uppercut"],"picked":"Flame Barrier","floor":6},{"not_picked":["Cleave","Rage"],"picked":"Intimidate","floor":8},{"not_picked":["Clash","Second Wind"],"picked":"Power Through","floor":11},{"not_picked":["Heavy Blade","Sever Soul"],"picked":"Armaments","floor":12},{"not_picked":["Twin Strike","Clash"],"picked":"Warcry","floor":14},{"not_picked":["Offering","Demon Form"],"picked":"Juggernaut","floor":16},{"not_picked":["Headbutt","True Grit"],"picked":"Shrug It Off","floor":18},{"not_picked":["Headbutt+1","Shrug It Off"],"picked":"Clothesline+1","floor":19},{"not_picked":["Dropkick","Twin Strike"],"picked":"Bloodletting","floor":22},{"not_picked":["Pommel Strike","Blood for Blood"],"picked":"Entrench","floor":24},{"not_picked":["Burning Pact","Dark Embrace"],"picked":"Dropkick","floor":27},{"not_picked":["Uppercut","True Grit"],"picked":"Sword Boomerang","floor":28},{"not_picked":["Perfected Strike","Reckless Charge"],"picked":"True Grit+1","floor":29},{"not_picked":["Sever Soul","Inflame"],"picked":"Body Slam+1","floor":30},{"not_picked":["Offering","Demon Form"],"picked":"Juggernaut","floor":33},{"not_picked":["Whirlwind+1","True Grit"],"picked":"Anger+1","floor":35},{"not_picked":["Fire Breathing","Dropkick"],"picked":"Carnage+1","floor":36},{"not_picked":["Ghostly Armor","True Grit+1"],"picked":"Metallicize+1","floor":37},{"not_picked":["Twin Strike","Shrug It Off"],"picked":"Anger+1","floor":38},{"not_picked":["Pommel Strike","Carnage"],"picked":"Armaments+1","floor":42},{"not_picked":["Clothesline","Limit Break","Perfected Strike"],"picked":"SKIP","floor":44},{"not_picked":["Inflame","Flex"],"picked":"Headbutt+1","floor":46},{"not_picked":["Heavy Blade+1","Headbutt"],"picked":"Spot Weakness+1","floor":48}],"player_experience":59947,"relics_obtained":[{"floor":6,"key":"Matryoshka"},{"floor":9,"key":"War Paint"},{"floor":9,"key":"Tiny Chest"},{"floor":25,"key":"Anchor"},{"floor":25,"key":"Ornamental Fan"},{"floor":26,"key":"Gremlin Horn"},{"floor":27,"key":"Red Mask"},{"floor":37,"key":"Thread and Needle"},{"floor":42,"key":"Magic Flower"},{"floor":43,"key":"Vajra"},{"floor":44,"key":"Shuriken"}],"event_choices":[{"damage_healed":0,"gold_gain":75,"player_choice":"Gather Gold","damage_taken":11,"max_hp_gain":0,"max_hp_loss":0,"event_name":"World of Goop","floor":2,"gold_loss":0},{"damage_healed":0,"gold_gain":0,"player_choice":"Rummage","damage_taken":0,"relics_obtained":["WarpedTongs"],"max_hp_gain":0,"max_hp_loss":0,"event_name":"Accursed Blacksmith","floor":10,"gold_loss":0,"cards_obtained":["Pain"]},{"damage_healed":0,"gold_gain":0,"player_choice":"Read","damage_taken":0,"max_hp_gain":0,"max_hp_loss":0,"event_name":"The Library","floor":20,"gold_loss":0,"cards_obtained":["Seeing Red"]},{"damage_healed":0,"gold_gain":0,"player_choice":"2 cards matched","damage_taken":0,"max_hp_gain":0,"max_hp_loss":0,"event_name":"Match and Keep!","floor":21,"gold_loss":0,"cards_obtained":["Swift Strike","Uppercut"]},{"damage_healed":0,"gold_gain":0,"player_choice":"Fought Bandits","damage_taken":0,"max_hp_gain":0,"max_hp_loss":0,"event_name":"Masked Bandits","floor":27,"gold_loss":0},{"damage_healed":0,"gold_gain":0,"player_choice":"Fight","damage_taken":0,"max_hp_gain":0,"max_hp_loss":0,"event_name":"MindBloom","floor":37,"gold_loss":0},{"damage_healed":0,"gold_gain":0,"player_choice":"Ignored","damage_taken":0,"max_hp_gain":0,"max_hp_loss":0,"event_name":"Mysterious Sphere","floor":39,"gold_loss":0},{"damage_healed":0,"gold_gain":0,"player_choice":"Gave Potion","damage_taken":0,"relics_obtained":["MawBank"],"max_hp_gain":0,"max_hp_loss":0,"event_name":"WeMeetAgain","floor":41,"gold_loss":0}],"is_beta":false,"boss_relics":[{"not_picked":["Snecko Eye","Black Blood"],"picked":"Fusion Hammer"},{"not_picked":["Empty Cage","White Beast Statue"],"picked":"Runic Cube"}],"items_purged_floors":[],"is_endless":false,"potions_floor_spawned":[3,11,14,22,28,29,30,33,35,36,42,48],"ascension_level":0}