{"gold_per_floor":[114,129,144,144,159,189,204,204,229,229,195,160,175,207,207,307,307,322,337,337,352,152,152,182,182,207,222,237,237,252,267,267,267],"floor_reached":33,"playtime":2179,"items_purged":[],"score":296,"play_id":"3f2e502a-13c4-4a0d-87e4-8b011477bbad","local_time":"20180711134657","daily_mods":["Heirloom","Uncertain Future","Lethality"],"is_ascension_mode":false,"campfire_choices":[{"floor":8,"key":"DIG"},{"floor":10,"key":"DIG"},{"floor":15,"key":"REST"},{"floor":23,"key":"DIG"},{"floor":29,"key":"DIG"},{"floor":32,"key":"REST"}],"neow_cost":"","seed_source_timestamp":0,"circlet_count":0,"master_deck":["Defend_G","Defend_G","Defend_G","Defend_G","Strike_G","Strike_G","Strike_G","Strike_G","Strike_G","Survivor","Neutralize","Poisoned Stab","Dash","Dagger Spray+1","Infinite Blades","Dash","Quick Slash+1","Catalyst","Cloak And Dagger","Bullet Time","Dagger Throw+1","Escape Plan","Calculated Gamble","Deflect","Poisoned Stab+1","Dodge and Roll","Terror"],"special_seed":17723,"relics":["Ring of the Snake","Du-Vu Doll","Shovel","Whetstone","Potion Belt","Singing Bowl","Dream Catcher","Runic Pyramid","TwistedFunnel","Lantern","Ancient Tea Set","Happy Flower","Orichalcum"],"potions_floor_usage":[6,24,24,27,31,33,33,33],"damage_taken":[{"damage":1,"enemies":"Small Slimes","floor":1,"turns":4},{"damage":1,"enemies":"Jaw Worm","floor":2,"turns":3},{"damage":0,"enemies":"2 Louse","floor":3,"turns":2},{"damage":3,"enemies":"Looter","floor":5,"turns":2},{"damage":4,"enemies":"3 Sentries","floor":6,"turns":4},{"damage":0,"enemies":"2 Fungi Beasts","floor":7,"turns":2},{"damage":0,"enemies":"3 Louse","floor":13,"turns":1},{"damage":25,"enemies":"Lagavulin Event","floor":14,"turns":4},{"damage":48,"enemies":"Hexaghost","floor":16,"turns":9},{"damage":0,"enemies":"Chosen","floor":18,"turns":4},{"damage":3,"enemies":"Shell Parasite","floor":19,"turns":3},{"damage":3,"enemies":"Snecko","floor":21,"turns":4},{"damage":0,"enemies":"Gremlin Leader","floor":24,"turns":4},{"damage":19,"enemies":"Sentry and Sphere","floor":27,"turns":4},{"damage":0,"enemies":"3 Cultists","floor":28,"turns":3},{"damage":2,"enemies":"Centurion and Healer","floor":30,"turns":3},{"damage":37,"enemies":"Snake Plant","floor":31,"turns":4},{"damage":41,"enemies":"Automaton","floor":33,"turns":4}],"seed_played":"-1904894230533814690","potions_obtained":[{"floor":2,"key":"AttackPotion"},{"floor":7,"key":"Explosive Potion"},{"floor":13,"key":"SpeedPotion"},{"floor":14,"key":"GhostInAJar"},{"floor":16,"key":"SkillPotion"},{"floor":18,"key":"PowerPotion"},{"floor":21,"key":"AttackPotion"},{"floor":27,"key":"PowerPotion"},{"floor":31,"key":"EssenceOfSteel"}],"is_trial":false,"path_per_floor":["M","M","M","$","M","E","M","R","T","R","?","?","M","?","R","B",null,"M","M","?","M","$","R","E","?","T","M","M","R","M","M","R"],"character_chosen":"THE_SILENT","items_purchased":["TwistedFunnel"],"campfire_rested":2,"item_purchase_floors":[22],"current_hp_per_floor":[69,68,68,68,65,61,61,61,61,61,61,70,70,45,68,20,72,74,73,73,70,70,70,72,72,72,53,53,53,51,14,37,0],"gold":267,"neow_bonus":"","is_prod":false,"is_daily":true,"chose_seed":false,"campfire_upgraded":0,"win_rate":0,"timestamp":1531309617,"path_taken":["M","M","M","$","M","E","M","R","T","R","?","?","M","?","R","BOSS","M","M","?","M","$","R","E","?","T","M","M","R","?","M","R","BOSS"],"build_version":"2018-07-05","purchased_purges":0,"victory":false,"max_hp_per_floor":[70,70,70,70,70,70,70,70,70,70,70,70,70,70,72,72,72,74,76,76,76,76,76,78,78,78,78,78,78,78,78,78,78],"card_choices":[{"not_picked":["Deadly Poison","PiercingWail"],"picked":"Poisoned Stab","floor":1},{"not_picked":["Infinite Blades","PiercingWail"],"picked":"Dash","floor":2},{"not_picked":["Flying Knee","Masterful Stab"],"picked":"Dagger Spray","floor":3},{"not_picked":["Endless Agony","Sucker Punch"],"picked":"Infinite Blades","floor":5},{"not_picked":["Venomology","Outmaneuver"],"picked":"Dash","floor":6},{"not_picked":["Slice","Bane"],"picked":"Quick Slash","floor":7},{"not_picked":["Backflip","Masterful Stab"],"picked":"Catalyst","floor":13},{"not_picked":["Outmaneuver","Sucker Punch"],"picked":"Cloak And Dagger","floor":14},{"not_picked":["Poisoned Stab","Deadly Poison","Outmaneuver"],"picked":"Singing Bowl","floor":15},{"not_picked":["Doppelganger","Venomology"],"picked":"Bullet Time","floor":16},{"not_picked":["Poisoned Stab","Finisher","Dagger Spray+1"],"picked":"Singing Bowl","floor":18},{"not_picked":["Slice+1","PiercingWail","Deadly Poison"],"picked":"Singing Bowl","floor":19},{"not_picked":["Quick Slash","Malaise+1"],"picked":"Dagger Throw+1","floor":21},{"not_picked":["Slice+1","Dagger Throw","Well Laid Plans"],"picked":"Singing Bowl","floor":24},{"not_picked":["Predator","Bouncing Flask"],"picked":"Calculated Gamble","floor":27},{"not_picked":["Wraith Form v2","Backflip"],"picked":"Deflect","floor":28},{"not_picked":["Prepared","Deadly Poison"],"picked":"Poisoned Stab+1","floor":30},{"not_picked":["Reflex","Deflect"],"picked":"Dodge and Roll","floor":31},{"not_picked":["All Out Attack","Deflect"],"picked":"Terror","floor":32}],"player_experience":65570,"relics_obtained":[{"floor":6,"key":"Shovel"},{"floor":8,"key":"Whetstone"},{"floor":9,"key":"Potion Belt"},{"floor":10,"key":"Singing Bowl"},{"floor":14,"key":"Dream Catcher"},{"floor":23,"key":"Lantern"},{"floor":24,"key":"Ancient Tea Set"},{"floor":26,"key":"Happy Flower"},{"floor":29,"key":"Orichalcum"}],"event_choices":[{"event_name":"World of Goop","player_choice":"Left","floor":11,"damage_taken":0},{"event_name":"The Cleric","player_choice":"Healed","floor":12,"damage_taken":0},{"event_name":"Dead Adventurer","player_choice":"Searched \u00272\u0027 times","floor":14,"damage_taken":0},{"event_name":"Purifier","player_choice":"Skipped","floor":20,"damage_taken":0},{"event_name":"Transmorgrifier","player_choice":"Transform","floor":25,"damage_taken":0}],"boss_relics":[{"not_picked":["Snecko Eye","Sozu"],"picked":"Runic Pyramid"}],"items_purged_floors":[],"is_endless":false,"potions_floor_spawned":[2,7,13,14,16,18,21,27,31],"killed_by":"Automaton","ascension_level":0}