{"gold_per_floor":[114,114,129,144,159,189,189,204,204,204,234,264,294,309,309,409,409,424,424,439,223,238,238],"floor_reached":23,"playtime":2326,"items_purged":["Creative AI"],"score":238,"play_id":"955c24a7-f81c-4dcf-9ca8-5e8b56130064","local_time":"20180719151453","daily_mods":["Shiny","Elite Swarm","Terminal"],"is_ascension_mode":false,"campfire_choices":[{"data":"Hyperbeam","floor":7,"key":"SMITH"},{"data":"Amplify","floor":10,"key":"SMITH"},{"floor":15,"key":"REST"}],"neow_cost":"","seed_source_timestamp":0,"circlet_count":0,"master_deck":["Multi-Cast","Hyperbeam+1","Thunder Strike","Biased Cognition","Machine Learning","Electrodynamics","Buffer","Rainbow","Seek","Meteor Strike","Echo Form","All For One","Reboot","Amplify+1","Fission","Core Surge","Glacier","Recycle","Multi-Cast","Steam","All For One","Compile Driver","All For One","Hyperbeam","Ball Lightning","Hyperbeam","Sweeping Beam","Glacier","Loop","Stack"],"special_seed":17731,"relics":["Cracked Core","Boot","Bottled Lightning","Ice Cream","Tiny Chest","Bottled Tornado","Cursed Key"],"potions_floor_usage":[11,11,16,22,23],"damage_taken":[{"damage":0,"enemies":"2 Louse","floor":1,"turns":2},{"damage":0,"enemies":"Jaw Worm","floor":3,"turns":5},{"damage":1,"enemies":"Cultist","floor":4,"turns":3},{"damage":0,"enemies":"2 Fungi Beasts","floor":5,"turns":2},{"damage":8,"enemies":"3 Sentries","floor":6,"turns":3},{"damage":0,"enemies":"Large Slime","floor":8,"turns":3},{"damage":11,"enemies":"Gremlin Nob","floor":11,"turns":6},{"damage":0,"enemies":"Lagavulin","floor":13,"turns":7},{"damage":0,"enemies":"Gremlin Gang","floor":14,"turns":1},{"damage":57,"enemies":"The Guardian","floor":16,"turns":8},{"damage":15,"enemies":"2 Thieves","floor":18,"turns":2},{"damage":16,"enemies":"Shell Parasite","floor":20,"turns":6},{"damage":0,"enemies":"Snecko","floor":22,"turns":3},{"damage":27,"enemies":"Slavers","floor":23,"turns":1}],"seed_played":"-3692985004623791933","potions_obtained":[{"floor":1,"key":"Regen Potion"},{"floor":3,"key":"FairyPotion"},{"floor":5,"key":"Weak Potion"},{"floor":14,"key":"Poison Potion"},{"floor":22,"key":"Explosive Potion"}],"is_trial":false,"path_per_floor":["M","?","M","M","M","E","R","M","T","R","E","?","E","M","R","B",null,"M","?","M","$","M"],"character_chosen":"DEFECT","items_purchased":["Loop","Fruit Juice"],"campfire_rested":1,"item_purchase_floors":[21,21],"current_hp_per_floor":[73,72,71,70,69,61,61,61,61,61,53,35,35,35,53,2,57,42,33,17,17,22,0],"gold":238,"neow_bonus":"","is_prod":false,"is_daily":true,"chose_seed":false,"campfire_upgraded":2,"win_rate":0.0,"timestamp":1532006093,"path_taken":["M","?","?","M","M","E","R","M","T","R","E","?","E","M","R","BOSS","M","?","M","$","M","E"],"build_version":"2018-07-12","purchased_purges":1,"victory":false,"max_hp_per_floor":[73,72,71,70,69,68,67,66,65,64,63,62,61,60,59,58,57,56,60,59,58,62,62],"card_choices":[{"not_picked":["Streamline","Auto Shields"],"picked":"Glacier","floor":1},{"not_picked":["Hologram","Gash"],"picked":"Recycle","floor":3},{"not_picked":["Redo","Gash"],"picked":"Multi-Cast","floor":4},{"not_picked":["Defragment","Coolheaded"],"picked":"Steam","floor":5},{"not_picked":["Hyperbeam","Electrodynamics"],"picked":"All For One","floor":6},{"not_picked":["Leap","Cold Snap"],"picked":"Compile Driver","floor":8},{"not_picked":["Fission","Multi-Cast"],"picked":"All For One","floor":11},{"not_picked":["Core Surge","Creative AI","Hyperbeam"],"picked":"SKIP","floor":13},{"not_picked":["Core Surge","Creative AI"],"picked":"Hyperbeam","floor":13},{"not_picked":["Steam","Hologram"],"picked":"Ball Lightning","floor":14},{"not_picked":["Echo Form","Amplify"],"picked":"Hyperbeam","floor":16},{"not_picked":["Leap","BootSequence+1"],"picked":"Sweeping Beam","floor":18},{"not_picked":["Recycle","Gash"],"picked":"Glacier","floor":20},{"not_picked":["Gash","Turbo+1"],"picked":"Stack","floor":22}],"player_experience":89457,"relics_obtained":[{"floor":6,"key":"Boot"},{"floor":9,"key":"Bottled Lightning"},{"floor":11,"key":"Ice Cream"},{"floor":13,"key":"Bottled Tornado"}],"event_choices":[{"event_name":"Shining Light","player_choice":"Ignored","floor":2,"damage_taken":0},{"event_name":"Scrap Ooze","player_choice":"success","floor":12,"damage_taken":18},{"event_name":"Forgotten Altar","player_choice":"Shed Blood","floor":19,"damage_taken":0}],"boss_relics":[{"not_picked":["Philosopher\u0027s Stone","Snecko Eye"],"picked":"Cursed Key"}],"items_purged_floors":[21],"is_endless":false,"potions_floor_spawned":[1,3,5,8,14,22],"killed_by":"Slavers","ascension_level":0}