{"gold_per_floor":[116,116,133,152,227,261,261,281,281,281,281,281],"floor_reached":12,"playtime":309,"items_purged":["Doubt"],"score":197,"play_id":"4b76804a-fd9b-44d5-8ec3-a5ae8819b6dd","local_time":"20190329124357","is_ascension_mode":true,"campfire_choices":[{"data":"FIFO Queue","floor":7,"key":"SMITH"},{"data":"BasicCrystalCard","floor":11,"key":"SMITH"}],"neow_cost":"NONE","seed_source_timestamp":747406068558014,"circlet_count":0,"master_deck":["AscendersBane","Strike_B","Strike_B","Strike_B","Strike_B","Defend_B","Defend_B","Defend_B","Defend_B","Zap","Dualcast","Leap","Cold Snap","BasicCrystalCard+1","FIFO Queue+1","Coolheaded"],"relics":["Cracked Core","NeowsBlessing","Ring of Shattering","ReplayTheSpireMod:Ring of Addiction","Potion Belt","White Beast Statue","ReplayTheSpireMod:CursedCoin","Molten Egg 2","Ornamental Fan"],"potions_floor_usage":[8,12,12,12,12],"damage_taken":[{"damage":0,"enemies":"2 Louse","floor":1,"turns":1},{"damage":0,"enemies":"Cultist","floor":3,"turns":1},{"damage":0,"enemies":"Lagavulin","floor":6,"turns":1},{"damage":2,"enemies":"Small Slimes","floor":8,"turns":3},{"damage":68,"enemies":"Gremlin Nob","floor":12,"turns":6}],"seed_played":"-8122695882168128388","potions_obtained":[{"floor":1,"key":"Block Potion"},{"floor":2,"key":"Dexterity Potion"},{"floor":2,"key":"SteroidPotion"},{"floor":2,"key":"Milkshake"},{"floor":6,"key":"Reflective Coating"},{"floor":8,"key":"Dexterity Potion"}],"is_trial":false,"path_per_floor":["M","?","M","$","?","E","R","M","T","?","R","E"],"character_chosen":"DEFECT","items_purchased":["BasicCrystalCard","ReplayTheSpireMod:CursedCoin"],"campfire_rested":0,"item_purchase_floors":[4,4],"current_hp_per_floor":[64,64,64,64,53,53,53,51,51,51,51,0],"gold":281,"neow_bonus":"THREE_ENEMY_KILL","is_prod":false,"is_daily":false,"chose_seed":false,"campfire_upgraded":2,"win_rate":0,"timestamp":1553881437,"path_taken":["M","?","?","$","?","E","R","M","T","?","R","E"],"build_version":"2019-01-23","purchased_purges":1,"victory":false,"max_hp_per_floor":[71,71,71,71,71,69,69,69,69,69,69,67],"card_choices":[{"not_picked":["ReplaySort","Turbo"],"picked":"Leap","floor":1},{"not_picked":["Compile Driver","Force Field"],"picked":"Cold Snap","floor":3},{"not_picked":["Fission","Heatsinks"],"picked":"FIFO Queue","floor":6},{"not_picked":["Turbo","Compile Driver+1"],"picked":"Coolheaded","floor":8}],"player_experience":866848,"relics_obtained":[{"floor":2,"key":"Ring of Shattering"},{"floor":2,"key":"ReplayTheSpireMod:Ring of Addiction"},{"floor":2,"key":"Potion Belt"},{"floor":2,"key":"White Beast Statue"},{"floor":6,"key":"Molten Egg 2"},{"floor":9,"key":"Ornamental Fan"}],"event_choices":[{"damage_healed":0,"gold_gain":75,"player_choice":"Gather Gold","damage_taken":11,"max_hp_gain":0,"max_hp_loss":0,"event_name":"World of Goop","floor":5,"gold_loss":0},{"damage_healed":0,"gold_gain":0,"player_choice":"Ignored","damage_taken":0,"max_hp_gain":0,"max_hp_loss":0,"event_name":"Golden Wing","floor":10,"gold_loss":0}],"is_beta":false,"boss_relics":[],"items_purged_floors":[4],"is_endless":false,"potions_floor_spawned":[1,3,6,8],"killed_by":"Gremlin Nob","ascension_level":19}