{"gold_per_floor":[118,137,150,130,148,183,183,183,183,212,36,113,131,147,147,242,242,257,257,269,115,40,40,58,58,82,113,130,130,53,63,63,162,162,174,92,112,212,232,232,244,244,244,244,46,65,76,76,76,76],"floor_reached":51,"playtime":4287,"items_purged":["Strike_G","Writhe"],"score":756,"play_id":"934bd218-7efe-463c-b544-a5b5f11b4859","local_time":"20190326230700","is_ascension_mode":true,"campfire_choices":[{"data":"Footwork","floor":7,"key":"SMITH"},{"data":"Footwork","floor":15,"key":"SMITH"},{"floor":23,"key":"REST"},{"data":"Night Terror","floor":25,"key":"SMITH"},{"floor":29,"key":"REST"},{"data":"Cloak And Dagger","floor":32,"key":"SMITH"},{"data":"Caltrops","floor":40,"key":"SMITH"},{"data":"Cloak And Dagger","floor":42,"key":"SMITH"},{"data":"Blade Dance","floor":49,"key":"SMITH"}],"neow_cost":"NONE","seed_source_timestamp":1049377514607909,"circlet_count":0,"master_deck":["Defend_G","Defend_G","Defend_G","Defend_G+1","Defend_G","Strike_G","Strike_G","Strike_G","Survivor","Neutralize","Quick Slash+1","Flying Knee","Footwork+1","Doppelganger","Calculated Gamble","Footwork+1","Cloak And Dagger+1","Cloak And Dagger+1","Dodge and Roll","Night Terror+1","Predator","Accuracy","Dagger Throw","Dagger Throw+1","Dodge and Roll+1","PiercingWail","Accuracy","Cloak And Dagger+1","Caltrops+1","Flying Knee","Dash","Flechettes","Cloak And Dagger+1","Blade Dance+1"],"special_seed":0,"relics":["Runic Pyramid","Matryoshka","Happy Flower","Tingsha","Singing Bowl","Kunai","Dodecahedron","Runic Dome","Boot","Red Mask","Cursed Key","Peace Pipe","Ninja Scroll"],"potions_floor_usage":[5,6,14,18,18,24,27,35,38,38,39,50,50,50],"damage_taken":[{"damage":4.0,"enemies":"Jaw Worm","floor":1.0,"turns":4.0},{"damage":0.0,"enemies":"Cultist","floor":2.0,"turns":4.0},{"damage":0.0,"enemies":"2 Louse","floor":3.0,"turns":3.0},{"damage":3,"enemies":"Exordium Thugs","floor":5,"turns":8},{"damage":5,"enemies":"3 Sentries","floor":6,"turns":11},{"damage":1,"enemies":"Lagavulin","floor":10,"turns":7},{"damage":1,"enemies":"Looter","floor":13,"turns":4},{"damage":0,"enemies":"Blue Slaver","floor":14,"turns":3},{"damage":8,"enemies":"Hexaghost","floor":16,"turns":18},{"damage":14,"enemies":"3 Byrds","floor":18,"turns":7},{"damage":12,"enemies":"Chosen","floor":20,"turns":11},{"damage":7,"enemies":"3 Cultists","floor":24,"turns":7},{"damage":12,"enemies":"Masked Bandits","floor":27,"turns":7},{"damage":0,"enemies":"Centurion and Healer","floor":28,"turns":9},{"damage":2,"enemies":"Snecko","floor":31,"turns":5},{"damage":40,"enemies":"Collector","floor":33,"turns":18},{"damage":0,"enemies":"3 Shapes","floor":35,"turns":6},{"damage":0,"enemies":"Orb Walker","floor":37,"turns":4},{"damage":6,"enemies":"Mind Bloom Boss Battle","floor":38,"turns":8},{"damage":5,"enemies":"Writhing Mass","floor":39,"turns":9},{"damage":0,"enemies":"Maw","floor":41,"turns":8},{"damage":0,"enemies":"Jaw Worm Horde","floor":46,"turns":6},{"damage":2,"enemies":"4 Shapes","floor":47,"turns":6},{"damage":54,"enemies":"Donu and Deca","floor":50,"turns":14}],"seed_played":"850343579974033844","potions_obtained":[{"floor":1.0,"key":"Block Potion"},{"floor":4.0,"key":"Swift Potion"},{"floor":13,"key":"SpeedPotion"},{"floor":14,"key":"Explosive Potion"},{"floor":16,"key":"SteroidPotion"},{"floor":20,"key":"Ancient Potion"},{"floor":33,"key":"Explosive Potion"},{"floor":37,"key":"PowerPotion"},{"floor":38,"key":"Ancient Potion"},{"floor":46,"key":"GamblersBrew"}],"is_trial":false,"path_per_floor":["M","M","M","?","M","E","R","?","T","E","$","T","M","M","R","B",null,"M","?","M","$","?","R","M","R","T","?","M","R","$","M","R","B",null,"M","$","M","?","M","R","M","R","T","?","$","M","M","?","R","B",null],"character_chosen":"THE_SILENT","items_purchased":["Footwork","Cloak And Dagger","Accuracy","Dagger Throw","Strength Potion","Accuracy","Block Potion","Caltrops","SkillPotion","SteroidPotion"],"campfire_rested":2,"item_purchase_floors":[11,11,21,21,21,30,36,36,45,45],"current_hp_per_floor":[66,66,66,66,63,58,58,44,44,45,45,45,44,44,44,36,72,60,44,32,32,32,54,47,47,47,35,35,57,57,55,55,17,76,76,76,76,72,67,67,67,67,67,67,67,67,65,65,65,11],"gold":76,"neow_bonus":"BOSS_RELIC","is_prod":false,"is_daily":false,"chose_seed":false,"campfire_upgraded":7,"win_rate":0,"timestamp":1553666820,"path_taken":["M","M","M","?","?","E","R","?","T","E","$","?","M","M","R","BOSS","M","?","M","$","?","R","M","R","T","?","M","R","?","M","R","BOSS","M","$","M","?","M","R","M","R","T","?","$","M","M","?","R","BOSS"],"build_version":"2019-01-23","purchased_purges":2,"victory":true,"max_hp_per_floor":[70,70,70,70,70,70,70,70,70,72,72,72,72,72,72,72,72,74,74,74,74,74,74,74,74,74,74,74,74,74,74,74,76,76,76,76,76,78,78,78,78,78,78,78,78,78,78,74,74,74],"card_choices":[{"not_picked":["Endless Agony","Deflect"],"picked":"Quick Slash","floor":1.0},{"not_picked":["Leg Sweep","Acrobatics"],"picked":"Flying Knee","floor":2.0},{"not_picked":["Catalyst","Flying Knee"],"picked":"Footwork","floor":3.0},{"not_picked":["Sucker Punch","Quick Slash"],"picked":"Doppelganger","floor":5},{"not_picked":["Tactician","Quick Slash"],"picked":"Calculated Gamble","floor":6},{"not_picked":["Acrobatics","Bouncing Flask","Terror"],"picked":"Singing Bowl","floor":10},{"not_picked":["Slice","PiercingWail"],"picked":"Cloak And Dagger","floor":13},{"not_picked":["Flechettes","Backstab"],"picked":"Dodge and Roll","floor":14},{"not_picked":["Malaise","A Thousand Cuts"],"picked":"Night Terror","floor":16},{"not_picked":["Quick Slash+1","Bouncing Flask","Cloak And Dagger"],"picked":"Singing Bowl","floor":18},{"not_picked":["Skewer","Poisoned Stab+1"],"picked":"Predator","floor":20},{"not_picked":["Acrobatics","Cloak And Dagger"],"picked":"Dagger Throw+1","floor":24},{"not_picked":["Crippling Poison","Poisoned Stab"],"picked":"Dodge and Roll+1","floor":27},{"not_picked":["Dash","Prepared+1"],"picked":"PiercingWail","floor":28},{"not_picked":["Outmaneuver","Choke"],"picked":"Caltrops+1","floor":31},{"not_picked":["Wraith Form v2","Glass Knife","Storm of Steel"],"picked":"Singing Bowl","floor":33},{"not_picked":["Dagger Throw","Reflex+1"],"picked":"Cloak And Dagger+1","floor":35},{"not_picked":["All Out Attack","Quick Slash"],"picked":"Flying Knee","floor":37},{"not_picked":["Well Laid Plans+1","Flying Knee","Heel Hook+1"],"picked":"Singing Bowl","floor":38},{"not_picked":["Slice+1","Deadly Poison+1"],"picked":"Dash","floor":39},{"not_picked":["All Out Attack+1","Prepared+1"],"picked":"Flechettes","floor":41},{"not_picked":["Escape Plan","Riddle With Holes+1"],"picked":"Cloak And Dagger+1","floor":46},{"not_picked":["Backflip","Underhanded Strike+1"],"picked":"Blade Dance","floor":47}],"player_experience":248130,"relics_obtained":[{"floor":6,"key":"Matryoshka"},{"floor":9,"key":"Happy Flower"},{"floor":9,"key":"Tingsha"},{"floor":10,"key":"Singing Bowl"},{"floor":12,"key":"Kunai"},{"floor":12,"key":"Dodecahedron"},{"floor":26,"key":"Boot"},{"floor":27,"key":"Red Mask"},{"floor":38,"key":"Peace Pipe"},{"floor":43,"key":"Ninja Scroll"}],"event_choices":[{"damage_healed":0.0,"max_hp_gain":0.0,"max_hp_loss":0.0,"gold_gain":0.0,"event_name":"The Woman in Blue","player_choice":"Bought 1 Potion","floor":4.0,"gold_loss":0.0,"damage_taken":0.0},{"damage_healed":0,"gold_gain":0,"player_choice":"Entered Light","damage_taken":14,"max_hp_gain":0,"max_hp_loss":0,"event_name":"Shining Light","floor":8,"gold_loss":0,"cards_upgraded":["Defend_G","Quick Slash"]},{"damage_healed":0,"gold_gain":0,"player_choice":"Obtained Book","damage_taken":16,"max_hp_gain":0,"max_hp_loss":0,"event_name":"Cursed Tome","floor":19,"gold_loss":0},{"cards_removed":["Strike_G"],"damage_healed":0,"gold_gain":0,"player_choice":"Gave Gold","damage_taken":0,"max_hp_gain":0,"max_hp_loss":0,"event_name":"Beggar","floor":22,"gold_loss":75},{"damage_healed":0,"gold_gain":0,"player_choice":"Fought Bandits","damage_taken":0,"max_hp_gain":0,"max_hp_loss":0,"event_name":"Masked Bandits","floor":27,"gold_loss":0},{"damage_healed":0,"gold_gain":0,"player_choice":"Fight","damage_taken":0,"max_hp_gain":0,"max_hp_loss":0,"event_name":"MindBloom","floor":38,"gold_loss":0},{"cards_removed":["Caltrops"],"damage_healed":0,"gold_gain":0,"player_choice":"Removed Power","damage_taken":0,"max_hp_gain":0,"max_hp_loss":0,"event_name":"Falling","floor":44,"gold_loss":0},{"damage_healed":0,"gold_gain":0,"player_choice":"Max HP","damage_taken":0,"max_hp_gain":0,"max_hp_loss":4,"event_name":"Winding Halls","floor":48,"gold_loss":0}],"is_beta":false,"boss_relics":[{"not_picked":["Coffee Dripper","Astrolabe"],"picked":"Runic Dome"},{"not_picked":["Velvet Choker","Orrery"],"picked":"Cursed Key"}],"items_purged_floors":[11,45],"is_endless":false,"potions_floor_spawned":[1,13,14,16,20,33,37,38,46],"ascension_level":4}