{"path_per_floor":["M","?","$","M","M","E","M","R","T","?","?","$","M","M","R","B",null,"M","M","?","?","M"],"character_chosen":"DEFECT","items_purchased":["Self Repair"],"gold_per_floor":[111,111,36,52,62,87,105,105,105,64,64,25,37,56,56,159,159,172,185,185,185,204,204],"floor_reached":23,"campfire_rested":2,"playtime":752,"item_purchase_floors":[12],"current_hp_per_floor":[67,67,67,55,54,26,9,31,31,31,16,16,22,18,40,14,60,47,42,67,73,43,0],"items_purged":["Regret"],"gold":204,"score":261,"play_id":"f3c94459-b277-4c5c-a596-160a87dae73b","local_time":"20180528135902","is_prod":false,"is_daily":false,"chose_seed":false,"is_ascension_mode":true,"campfire_upgraded":0,"win_rate":0,"timestamp":1527508742,"campfire_choices":[{"floor":8,"key":"REST"},{"floor":15,"key":"REST"}],"path_taken":["M","?","?","M","M","E","?","R","T","?","?","$","M","M","R","BOSS","M","M","?","?","M","E"],"build_version":"2018-05-27","seed_source_timestamp":37343032102135,"purchased_purges":1,"victory":false,"master_deck":["Strike_B+1","Strike_B","Strike_B","Strike_B","Defend_B","Defend_B","Defend_B","Defend_B+1","Zap","Dualcast+1","Beam Cell","Auto Shields","Blizzard","BootSequence+1","Melter","Self Repair","Blizzard","Chaos","Electrodynamics","Gash","Doom and Gloom","Normality","Recycle+1"],"max_hp_per_floor":[75,75,75,75,75,75,75,75,75,75,75,75,75,75,75,75,75,75,75,75,81,81,81],"relics":["Cracked Core","Dream Catcher","Darkstone Periapt","Kunai","Inserter","War Paint"],"card_choices":[{"not_picked":["Turbo","Coolheaded"],"picked":"Beam Cell","floor":0},{"not_picked":["Reprogram","Compile Driver"],"picked":"Auto Shields","floor":1},{"not_picked":["Turbo","Hologram"],"picked":"Blizzard","floor":4},{"not_picked":["Turbo","Heatsinks","Tempest"],"picked":"SKIP","floor":5},{"not_picked":["Fusion","Barrage"],"picked":"BootSequence","floor":6},{"not_picked":["Darkness","Leap","Meteor Strike"],"picked":"SKIP","floor":7},{"not_picked":["Sweeping Beam","Rebound"],"picked":"Melter","floor":8},{"not_picked":["Rebound","Barrage"],"picked":"Blizzard","floor":13},{"not_picked":["Streamline","Rip and Tear","Hologram"],"picked":"SKIP","floor":14},{"not_picked":["Leap","Sweeping Beam"],"picked":"Chaos","floor":15},{"not_picked":["Seek","Amplify"],"picked":"Electrodynamics","floor":16},{"not_picked":["Beam Cell","Rebound+1"],"picked":"Gash","floor":18},{"not_picked":["Reinforced Body","Sunder"],"picked":"Doom and Gloom","floor":19},{"not_picked":["Beam Cell","Rip and Tear"],"picked":"Recycle+1","floor":22}],"player_experience":104924,"potions_floor_usage":[16,22,23],"damage_taken":[{"damage":1,"enemies":"2 Louse","floor":1,"turns":2},{"damage":12,"enemies":"Small Slimes","floor":4,"turns":3},{"damage":1,"enemies":"Jaw Worm","floor":5,"turns":2},{"damage":28,"enemies":"3 Sentries","floor":6,"turns":10},{"damage":17,"enemies":"Exordium Thugs","floor":7,"turns":6},{"damage":1,"enemies":"Lots of Slimes","floor":13,"turns":4},{"damage":11,"enemies":"2 Fungi Beasts","floor":14,"turns":3},{"damage":42,"enemies":"Hexaghost","floor":16,"turns":11},{"damage":20,"enemies":"Spheric Guardian","floor":18,"turns":4},{"damage":12,"enemies":"Shell Parasite","floor":19,"turns":8},{"damage":37,"enemies":"Snake Plant","floor":22,"turns":7},{"damage":57,"enemies":"Book of Stabbing","floor":23,"turns":4}],"relics_obtained":[{"floor":6,"key":"Darkstone Periapt"},{"floor":9,"key":"Kunai"}],"event_choices":[{"event_name":"Big Fish","player_choice":"Box","floor":2,"damage_taken":0},{"event_name":"World of Goop","player_choice":"Left","floor":10,"damage_taken":0},{"event_name":"Shining Light","player_choice":"Entered Light","floor":11,"damage_taken":0},{"event_name":"The Library","player_choice":"Heal","floor":20,"damage_taken":0},{"event_name":"Accursed Blacksmith","player_choice":"Rummage","floor":21,"damage_taken":0}],"boss_relics":[{"not_picked":["Nuclear Battery","Philosopher\u0027s Stone"],"picked":"Inserter"}],"items_purged_floors":[3],"potions_floor_spawned":[1,6,13,14,19,22],"seed_played":"4185038332479913590","killed_by":"Book of Stabbing","ascension_level":7,"potions_obtained":[{"floor":1,"key":"SteroidPotion"},{"floor":6,"key":"Poison Potion"},{"floor":13,"key":"FairyPotion"},{"floor":14,"key":"Energy Potion"},{"floor":19,"key":"Weak Potion"},{"floor":22,"key":"Fire Potion"}],"is_trial":false}