{"gold_per_floor":[112,139,159,159,178,178,522,522,522,550,564,591,591,119,119,222,222,237,257,274,309,73,73,108,108,131,131,146,161,161,185,197,606,618,646,880,892],"floor_reached":37,"playtime":800,"items_purged":[],"score":834,"play_id":"d0859dfb-7be8-4c96-a9bd-947311400d5e","local_time":"20190408123145","is_ascension_mode":true,"campfire_choices":[{"floor":6.0,"key":"RECALL"},{"data":"Searing Blow+19","floor":8.0,"key":"SMITH"},{"data":"Searing Blow+20","floor":13.0,"key":"SMITH"},{"data":"Searing Blow+21","floor":15.0,"key":"SMITH"},{"floor":23.0,"key":"DIG"},{"floor":27.0,"key":"DIG"},{"floor":30.0,"key":"DIG"},{"floor":32.0,"key":"DIG"}],"neow_cost":"NONE","seed_source_timestamp":320612610304124,"circlet_count":0,"master_deck":["Searing Blow+29"],"special_seed":0,"relics":["Burning Blood","Seething Fire","Hammer of Thor","Anvil of the Gods","Vajra","Mummified Hand","The Courier","Happy Flower","Kunai","OrangePellets","Blue Candle","Red Skull","Shovel","Calling Bell","Potion Belt","Matryoshka","infinitespire:Magic Flask","Red Mask","infinitespire:Lucky Rock","Blood Vial","Lantern","infinitespire:Midas Blood","Molten Egg 2","Centennial Puzzle","PreservedInsect","MawBank","Oddly Smooth Stone","Old Coin"],"potions_floor_usage":[37],"damage_taken":[{"damage":0.0,"enemies":"Cultist","floor":1.0,"turns":1.0},{"damage":0.0,"enemies":"infinitespire:Voidling","floor":3.0,"turns":1.0},{"damage":7.0,"enemies":"2 Louse","floor":5.0,"turns":2.0},{"damage":0.0,"enemies":"Gremlin Nob","floor":7.0,"turns":1.0},{"damage":10.0,"enemies":"3 Sentries","floor":10.0,"turns":3.0},{"damage":0.0,"enemies":"Looter","floor":11.0,"turns":1.0},{"damage":0.0,"enemies":"Gremlin Nob","floor":12.0,"turns":1.0},{"damage":0.0,"enemies":"Hexaghost","floor":16.0,"turns":1.0},{"damage":11.0,"enemies":"2 Thieves","floor":18.0,"turns":2.0},{"damage":18.0,"enemies":"3 Byrds","floor":19.0,"turns":3.0},{"damage":0.0,"enemies":"Snake Plant","floor":20.0,"turns":1.0},{"damage":0.0,"enemies":"Masked Bandits","floor":21.0,"turns":2.0},{"damage":0.0,"enemies":"Nightmare","floor":24.0,"turns":1.0},{"damage":6.0,"enemies":"Centurion and Healer","floor":28.0,"turns":2.0},{"damage":0.0,"enemies":"Snecko","floor":29.0,"turns":1.0},{"damage":0.0,"enemies":"Snake Plant","floor":31.0,"turns":1.0},{"damage":0.0,"enemies":"Automaton","floor":33.0,"turns":1.0},{"damage":12.0,"enemies":"3 Shapes","floor":35.0,"turns":3.0},{"damage":0,"enemies":"3 Darklings","floor":37,"turns":1}],"seed_played":"-9093267738923623041","potions_obtained":[{"floor":0.0,"key":"Explosive Potion"},{"floor":0.0,"key":"Ancient Potion"},{"floor":0.0,"key":"Block Potion"},{"floor":18.0,"key":"SkillPotion"},{"floor":20.0,"key":"Fire Potion"},{"floor":28.0,"key":"Explosive Potion"},{"floor":33.0,"key":"Ancient Potion"}],"is_trial":false,"path_per_floor":["M","T","M","$","M","R","E","R","T","E","M","E","R","$","R","B",null,"M","M","M","?","$","R","NM","?","T","R","M","M","R","M","R","B",null,"M","?","M"],"character_chosen":"IRONCLAD","items_purchased":["OrangePellets","Blue Candle","Red Skull","infinitespire:Lucky Rock","Blood Vial"],"campfire_rested":0,"item_purchase_floors":[14,14,14,22,22],"current_hp_per_floor":[80,80,80,80,79,79,80,80,80,76,80,80,80,80,80,80,77,72,60,66,72,72,72,77,77,77,77,77,77,77,77,77,77,77,71,71,73],"gold":892,"neow_bonus":"THREE_SMALL_POTIONS","is_prod":false,"is_daily":false,"chose_seed":false,"campfire_upgraded":3,"win_rate":0,"timestamp":1554744705,"path_taken":["M","?","M","$","?","R","E","R","T","E","M","E","R","$","R","BOSS","M","M","M","?","$","R","NM","?","T","R","M","M","R","M","R","BOSS","M","?","M"],"build_version":"2019-01-23","purchased_purges":0,"victory":false,"max_hp_per_floor":[80,80,80,80,80,80,80,80,80,80,80,80,80,80,80,80,77,77,77,77,77,77,77,77,77,77,77,77,77,77,77,77,77,77,77,77,77],"card_choices":[{"not_picked":["Combust","Infernal Blade","Warcry"],"picked":"SKIP","floor":1.0},{"not_picked":["Heavy Blade","Iron Wave","Metallicize"],"picked":"SKIP","floor":3.0},{"not_picked":["Shrug It Off","Dual Wield","Hemokinesis"],"picked":"SKIP","floor":5.0},{"not_picked":["Headbutt","Flex","Carnage"],"picked":"SKIP","floor":7.0},{"not_picked":["Clash","Intimidate","Thunderclap"],"picked":"SKIP","floor":10.0},{"not_picked":["Fiend Fire","Iron Wave","Headbutt"],"picked":"SKIP","floor":11.0},{"not_picked":["Barricade","Clash","Wild Strike"],"picked":"SKIP","floor":12.0},{"not_picked":["Barricade","Clash","Wild Strike"],"picked":"SKIP","floor":12.0},{"not_picked":["True Grit+1","Twin Strike+1","Armaments"],"picked":"SKIP","floor":18.0},{"not_picked":["True Grit","Flex+1","Second Wind"],"picked":"SKIP","floor":19.0},{"not_picked":["Wild Strike","Impervious","True Grit"],"picked":"SKIP","floor":20.0},{"not_picked":["Clash","Shrug It Off","Juggernaut"],"picked":"SKIP","floor":24.0},{"not_picked":["True Grit","Flex","Rampage+1"],"picked":"SKIP","floor":28.0},{"not_picked":["True Grit","Flex","Rampage+1"],"picked":"SKIP","floor":28.0},{"not_picked":["Warcry","Demon Form","Perfected Strike+1"],"picked":"SKIP","floor":29.0},{"not_picked":["Clash+1","Evolve+1","Pummel+1"],"picked":"SKIP","floor":31.0},{"not_picked":["Flex","Body Slam+1","Pommel Strike+1"],"picked":"SKIP","floor":35.0}],"player_experience":907204,"relics_obtained":[{"floor":7.0,"key":"Mummified Hand"},{"floor":9.0,"key":"The Courier"},{"floor":10.0,"key":"Happy Flower"},{"floor":12.0,"key":"Kunai"},{"floor":17.0,"key":"Potion Belt"},{"floor":17.0,"key":"Matryoshka"},{"floor":17.0,"key":"infinitespire:Magic Flask"},{"floor":21.0,"key":"Red Mask"},{"floor":23.0,"key":"Lantern"},{"floor":24.0,"key":"infinitespire:Midas Blood"},{"floor":26.0,"key":"Molten Egg 2"},{"floor":26.0,"key":"Centennial Puzzle"},{"floor":27.0,"key":"PreservedInsect"},{"floor":30.0,"key":"MawBank"},{"floor":32.0,"key":"Oddly Smooth Stone"}],"event_choices":[{"damage_healed":0.0,"max_hp_gain":0.0,"max_hp_loss":0.0,"gold_gain":0.0,"event_name":"Masked Bandits","player_choice":"Fought Bandits","floor":21.0,"gold_loss":0.0,"damage_taken":0.0},{"damage_healed":0.0,"max_hp_gain":0.0,"max_hp_loss":0.0,"gold_gain":0.0,"event_name":"Forgotten Altar","player_choice":"Smashed Altar","floor":25.0,"gold_loss":0.0,"damage_taken":0.0,"cards_obtained":["Decay"]},{"damage_healed":0.0,"max_hp_gain":0.0,"max_hp_loss":0.0,"gold_gain":222.0,"event_name":"Tomb of Lord Red Mask","player_choice":"Wore Mask","floor":36.0,"gold_loss":0.0,"damage_taken":0.0}],"is_beta":false,"boss_relics":[{"not_picked":["Lizard Tail","Astrolabe"],"picked":"Calling Bell"},{"not_picked":["Cursed Key","Coffee Dripper","Runic Dome"]}],"items_purged_floors":[],"is_endless":true,"potions_floor_spawned":[5,7,10,18,20,28,33,35],"killed_by":"3 Darklings","ascension_level":5}