{"gold_per_floor":[112,187,187,0,0,32,49,75,124,144,144,164,2,27,27,99,99,116,41,66,81,93,93,118,118,142,174,174,199,210,227,227,306,306,321,340,354,91,91,126,126,151,223,223,223,249,268,45,45,45,45,45,45,17,45,45],"floor_reached":56,"playtime":3837,"items_purged":["Strike_B"],"score":2272,"play_id":"1891ae87-1a50-4b70-96df-21a1e82a7a79","local_time":"20190414003113","is_ascension_mode":true,"campfire_choices":[{"floor":11.0,"key":"REST"},{"data":"Zap","floor":15.0,"key":"SMITH"},{"data":"Sunder","floor":23.0,"key":"SMITH"},{"data":"Go for the Eyes","floor":25.0,"key":"SMITH"},{"data":"Genetic Algorithm","floor":28.0,"key":"SMITH"},{"data":"Genetic Algorithm","floor":32.0,"key":"SMITH"},{"floor":41.0,"key":"RECALL"},{"data":"Capacitor","floor":45.0,"key":"SMITH"},{"data":"Leap","floor":49.0,"key":"SMITH"},{"data":"Conserve Battery","floor":53.0,"key":"SMITH"}],"neow_cost":"NONE","seed_source_timestamp":0,"circlet_count":0,"master_deck":["AscendersBane","Strike_B","Defend_B","Defend_B","Defend_B","Defend_B","Zap+1","Dualcast","Gash","Cold Snap","Sunder+1","All For One","Cold Snap","Ball Lightning","Leap+1","Chill+1","Go for the Eyes+1","Bandage Up","Electrodynamics","Compile Driver+1","Leap+1","Creative AI","Genetic Algorithm+1","Genetic Algorithm+1","Meteor Strike","Capacitor+1","Skim+1","Conserve Battery+1","Coolheaded","Entrench"],"special_seed":0,"relics":["Cracked Core","NeowsBlessing","Ancient Tea Set","Art of War","DataDisk","War Paint","Snecko Eye","Potion Belt","Shuriken","Blood Vial","Oddly Smooth Stone","Busted Crown","Ornamental Fan","Omamori","Happy Flower","Pantograph","Calipers","Gambling Chip","PrismaticShard","Cables"],"potions_floor_usage":[56],"damage_taken":[{"damage":0.0,"enemies":"Jaw Worm","floor":1.0,"turns":1.0},{"damage":0.0,"enemies":"Lagavulin","floor":6.0,"turns":1.0},{"damage":0.0,"enemies":"2 Louse","floor":7.0,"turns":1.0},{"damage":24.0,"enemies":"Gremlin Nob","floor":8.0,"turns":4.0},{"damage":0.0,"enemies":"Small Slimes","floor":10.0,"turns":2.0},{"damage":0.0,"enemies":"Looter","floor":12.0,"turns":3.0},{"damage":4.0,"enemies":"Lagavulin","floor":14.0,"turns":7.0},{"damage":39.0,"enemies":"Hexaghost","floor":16.0,"turns":10.0},{"damage":0.0,"enemies":"Chosen","floor":18.0,"turns":4.0},{"damage":7.0,"enemies":"Shell Parasite","floor":21.0,"turns":4.0},{"damage":1.0,"enemies":"3 Cultists","floor":22.0,"turns":4.0},{"damage":0.0,"enemies":"Gremlin Leader","floor":24.0,"turns":4.0},{"damage":0.0,"enemies":"Slavers","floor":27.0,"turns":5.0},{"damage":0.0,"enemies":"Book of Stabbing","floor":29.0,"turns":4.0},{"damage":5.0,"enemies":"Shelled Parasite and Fungi","floor":30.0,"turns":4.0},{"damage":20.0,"enemies":"Snake Plant","floor":31.0,"turns":5.0},{"damage":49.0,"enemies":"Automaton","floor":33.0,"turns":11.0},{"damage":0.0,"enemies":"Orb Walker","floor":35.0,"turns":4.0},{"damage":6.0,"enemies":"3 Shapes","floor":36.0,"turns":5.0},{"damage":21.0,"enemies":"Spire Growth","floor":37.0,"turns":5.0},{"damage":25.0,"enemies":"Reptomancer","floor":40.0,"turns":7.0},{"damage":24.0,"enemies":"Nemesis","floor":42.0,"turns":9.0},{"damage":7.0,"enemies":"Reptomancer","floor":46.0,"turns":6.0},{"damage":0.0,"enemies":"Transient","floor":47.0,"turns":6.0},{"damage":0.0,"enemies":"Awakened One","floor":50.0,"turns":11.0},{"damage":24.0,"enemies":"Donu and Deca","floor":51.0,"turns":6.0},{"damage":51.0,"enemies":"Shield and Spear","floor":55.0,"turns":7.0},{"damage":76,"enemies":"The Heart","floor":56,"turns":5}],"seed_played":"3455753230666680635","potions_obtained":[{"floor":6.0,"key":"Swift Potion"},{"floor":8.0,"key":"Energy Potion"},{"floor":10.0,"key":"SkillPotion"},{"floor":14.0,"key":"LiquidBronze"},{"floor":22.0,"key":"SpeedPotion"},{"floor":24.0,"key":"SkillPotion"},{"floor":27.0,"key":"Weak Potion"},{"floor":30.0,"key":"Regen Potion"},{"floor":36.0,"key":"Regen Potion"},{"floor":37.0,"key":"Regen Potion"},{"floor":47.0,"key":"FearPotion"},{"floor":55.0,"key":"Ancient Potion"}],"is_trial":false,"path_per_floor":["M","?","?","$","?","E","M","E","T","M","R","M","$","E","R","B",null,"M","?","T","M","M","R","E","R","T","E","R","E","M","M","R","B",null,"M","M","M","$","?","E","R","E","T","T","R","E","M","$","R","B","B",null,"R","$","E","B"],"character_chosen":"DEFECT","items_purchased":["Cold Snap","Sunder","Go for the Eyes","Bandage Up","Ornamental Fan","PrismaticShard","Coolheaded"],"campfire_rested":1,"item_purchase_floors":[4,4,13,13,38,48,54],"current_hp_per_floor":[64,53,46,46,46,46,46,22,22,22,43,43,43,43,43,8,55,59,59,59,56,59,59,63,63,63,63,63,69,69,55,55,12,56,58,58,43,43,43,69,69,47,47,47,47,46,52,52,52,71,47,65,65,65,20,0],"gold":45,"neow_bonus":"THREE_ENEMY_KILL","is_prod":false,"is_daily":false,"chose_seed":false,"campfire_upgraded":8,"win_rate":0,"timestamp":1555194673,"path_taken":["M","?","?","$","?","E","M","E","T","M","R","M","?","E","R","BOSS","M","?","?","M","M","R","E","R","T","E","R","E","M","M","R","BOSS","M","M","M","$","?","E","R","E","T","?","R","E","M","$","R","BOSS","BOSS","R","$","E","BOSS"],"build_version":"2019-04-04","purchased_purges":1,"victory":false,"max_hp_per_floor":[71,71,71,71,71,71,71,71,71,71,71,71,71,71,71,71,71,71,71,71,71,71,71,71,71,71,71,71,71,71,71,71,71,71,71,71,71,71,71,71,71,71,71,71,71,71,71,71,71,71,71,71,71,71,71,71],"card_choices":[{"not_picked":["Ball Lightning","Leap"],"picked":"Gash","floor":1.0},{"not_picked":["Beam Cell","Steam"],"picked":"All For One","floor":6.0},{"not_picked":["Redo","Turbo"],"picked":"Cold Snap","floor":7.0},{"not_picked":["Reprogram","Steam Power"],"picked":"Ball Lightning","floor":8.0},{"not_picked":["Recycle","Thunder Strike"],"picked":"Leap","floor":10.0},{"not_picked":["Skim","Streamline"],"picked":"Chill","floor":12.0},{"not_picked":["Compile Driver","Cold Snap","Sweeping Beam"],"picked":"SKIP","floor":14.0},{"not_picked":["Core Surge","Seek"],"picked":"Electrodynamics","floor":16.0},{"not_picked":["Go for the Eyes","Barrage","Streamline"],"picked":"SKIP","floor":18.0},{"not_picked":["Cold Snap","Sweeping Beam+1"],"picked":"Compile Driver+1","floor":21.0},{"not_picked":["Go for the Eyes","Compile Driver"],"picked":"Leap","floor":22.0},{"not_picked":["Double Energy","Rip and Tear"],"picked":"Creative AI","floor":24.0},{"not_picked":["Double Energy","Steam Power"],"picked":"Genetic Algorithm","floor":27.0},{"not_picked":["Redo","Coolheaded"],"picked":"Genetic Algorithm","floor":29.0},{"not_picked":["Cold Snap","Steam","Auto Shields"],"picked":"SKIP","floor":30.0},{"not_picked":["Rebound","Leap","Cold Snap"],"picked":"SKIP","floor":31.0},{"not_picked":["Rainbow","Buffer"],"picked":"Meteor Strike","floor":33.0},{"not_picked":["Aggregate+1"],"picked":"SKIP","floor":35.0},{"not_picked":["Cold Snap"],"picked":"SKIP","floor":36.0},{"not_picked":[],"picked":"Capacitor","floor":37.0},{"not_picked":["BootSequence"],"picked":"SKIP","floor":40.0},{"not_picked":["Chill"],"picked":"SKIP","floor":42.0},{"not_picked":[],"picked":"Skim+1","floor":46.0},{"not_picked":[],"picked":"Conserve Battery","floor":47.0},{"not_picked":[],"picked":"Entrench","floor":55.0}],"player_experience":1121128,"relics_obtained":[{"floor":6.0,"key":"Ancient Tea Set"},{"floor":8.0,"key":"Art of War"},{"floor":9.0,"key":"DataDisk"},{"floor":14.0,"key":"War Paint"},{"floor":20.0,"key":"Potion Belt"},{"floor":24.0,"key":"Shuriken"},{"floor":27.0,"key":"Blood Vial"},{"floor":29.0,"key":"Oddly Smooth Stone"},{"floor":40.0,"key":"Omamori"},{"floor":42.0,"key":"Happy Flower"},{"floor":43.0,"key":"Pantograph"},{"floor":44.0,"key":"Calipers"},{"floor":46.0,"key":"Gambling Chip"},{"floor":55.0,"key":"Cables"}],"event_choices":[{"damage_healed":0.0,"max_hp_gain":0.0,"max_hp_loss":0.0,"gold_gain":75.0,"event_name":"World of Goop","player_choice":"Gather Gold","floor":2.0,"gold_loss":0.0,"damage_taken":11.0},{"cards_removed":["Strike_B"],"damage_healed":0.0,"max_hp_gain":0.0,"max_hp_loss":0.0,"gold_gain":0.0,"event_name":"Golden Wing","player_choice":"Card Removal","floor":3.0,"gold_loss":0.0,"damage_taken":7.0},{"damage_healed":0.0,"max_hp_gain":0.0,"max_hp_loss":0.0,"gold_gain":0.0,"event_name":"Liars Game","player_choice":"Ignored","floor":5.0,"gold_loss":0.0,"damage_taken":0.0},{"cards_removed":["Strike_B"],"damage_healed":0.0,"max_hp_gain":0.0,"max_hp_loss":0.0,"gold_gain":0.0,"event_name":"Beggar","player_choice":"Gave Gold","floor":19.0,"gold_loss":75.0,"damage_taken":0.0},{"damage_healed":0.0,"max_hp_gain":0.0,"max_hp_loss":0.0,"gold_gain":0.0,"event_name":"SensoryStone","player_choice":"Memory 1","floor":39.0,"gold_loss":0.0,"damage_taken":0.0}],"is_beta":true,"boss_relics":[{"not_picked":["Coffee Dripper","Black Star"],"picked":"Snecko Eye"},{"not_picked":["Philosopher\u0027s Stone","Fusion Hammer"],"picked":"Busted Crown"}],"items_purged_floors":[4],"is_endless":false,"potions_floor_spawned":[6,8,10,14,22,24,27,30,36,37,47,55],"killed_by":"The Heart","ascension_level":20}