{"gold_per_floor":[119,132,132,151,151,191,43,82,136,136,152,173,197,63,63,192,192,205,205,51,65,86,86,129,129,129,79,0,0,20,20,20,139,139,155,488,28,40,40,40,53,53,79,79,95,115,132,148,148,148],"floor_reached":50,"playtime":2516,"items_purged":["Strike_G","Venomology","Eviscerate","Dagger Throw"],"score":549,"play_id":"041db832-9e0e-447f-ab81-354d1e1a5705","local_time":"20190409194247","is_ascension_mode":false,"campfire_choices":[{"floor":10.0,"key":"REST"},{"floor":15.0,"key":"REST"},{"floor":23.0,"key":"REST"},{"floor":25.0,"key":"REST"},{"floor":29.0,"key":"REST"},{"floor":32.0,"key":"REST"},{"floor":40.0,"key":"RECALL"},{"data":"After Image","floor":42,"key":"SMITH"},{"floor":49,"key":"REST"}],"neow_cost":"NONE","seed_source_timestamp":0,"circlet_count":0,"master_deck":["Survivor","Neutralize","Slice","Escape Plan","Blade Dance","Crippling Poison","PiercingWail","Skewer","Backflip","Cloak And Dagger","Infinite Blades","Night Terror","Glass Knife","Terror","Blur","Bullet Time+1","Blade Dance","Noxious Fumes","Storm of Steel","Noxious Fumes","Endless Agony","Footwork+1","Finisher","After Image+1","Slice","Leg Sweep","Accuracy","Footwork+1","PiercingWail+1","Blur"],"special_seed":0,"relics":["Sozu","Ornamental Fan","Oddly Smooth Stone","Smiling Mask","Vajra","Pandora\u0027s Box","Dead Branch","Shuriken","Busted Crown","Sling"],"potions_floor_usage":[],"damage_taken":[{"damage":2.0,"enemies":"Cultist","floor":1.0,"turns":5.0},{"damage":0.0,"enemies":"2 Louse","floor":2.0,"turns":3.0},{"damage":2.0,"enemies":"Small Slimes","floor":4.0,"turns":4.0},{"damage":24.0,"enemies":"Lagavulin","floor":6.0,"turns":12.0},{"damage":26.0,"enemies":"Gremlin Nob","floor":8.0,"turns":5.0},{"damage":2.0,"enemies":"Exordium Thugs","floor":11.0,"turns":5.0},{"damage":0.0,"enemies":"Blue Slaver","floor":12.0,"turns":4.0},{"damage":0.0,"enemies":"Looter","floor":13.0,"turns":2.0},{"damage":0.0,"enemies":"Slime Boss","floor":16.0,"turns":10.0},{"damage":17.0,"enemies":"Spheric Guardian","floor":18.0,"turns":6.0},{"damage":0.0,"enemies":"3 Byrds","floor":21.0,"turns":4.0},{"damage":39.0,"enemies":"Sentry and Sphere","floor":22.0,"turns":6.0},{"damage":25.0,"enemies":"Book of Stabbing","floor":24.0,"turns":6.0},{"damage":30.0,"enemies":"Shelled Parasite and Fungi","floor":30.0,"turns":4.0},{"damage":2.0,"enemies":"Automaton","floor":33.0,"turns":10.0},{"damage":5.0,"enemies":"3 Darklings","floor":35.0,"turns":4.0},{"damage":14.0,"enemies":"3 Shapes","floor":38.0,"turns":6.0},{"damage":1,"enemies":"Spire Growth","floor":41,"turns":3},{"damage":22,"enemies":"Jaw Worm Horde","floor":45,"turns":5},{"damage":0,"enemies":"Transient","floor":46,"turns":5},{"damage":2,"enemies":"Spire Growth","floor":47,"turns":4},{"damage":9,"enemies":"Maw","floor":48,"turns":6},{"damage":33,"enemies":"Time Eater","floor":50,"turns":5}],"seed_played":"-5775695838409096898","potions_obtained":[],"is_trial":false,"path_per_floor":["M","M","?","M","?","E","$","E","T","R","M","M","M","$","R","B",null,"M","?","$","M","M","R","E","R","T","$","?","R","M","?","R","B",null,"M","?","$","M","?","R","M","R","T","?","M","M","M","M","R","B"],"character_chosen":"THE_SILENT","items_purchased":["Oddly Smooth Stone","Cloak And Dagger","Infinite Blades","Endless Agony","Footwork","Sling","Slice","Leg Sweep","Accuracy"],"campfire_rested":7,"item_purchase_floors":[7,14,14,20,20,37,37,37,37],"current_hp_per_floor":[68,68,54,52,52,28,28,2,2,21,19,19,19,19,38,38,65,48,48,48,48,9,28,3,22,22,22,22,41,11,11,30,28,65,60,60,60,46,46,46,45,45,45,45,23,23,21,12,31,0],"gold":148,"neow_bonus":"BOSS_RELIC","is_prod":false,"is_daily":false,"chose_seed":false,"campfire_upgraded":1,"win_rate":0,"timestamp":1554860567,"path_taken":["M","M","?","M","?","E","$","E","T","R","M","M","M","$","R","BOSS","M","?","$","M","M","R","E","R","T","?","?","R","M","?","R","BOSS","M","?","$","M","?","R","?","R","T","?","M","M","?","M","R","BOSS"],"build_version":"2019-01-23","purchased_purges":4,"victory":false,"max_hp_per_floor":[70,70,70,70,65,65,65,65,65,65,65,65,65,65,65,65,65,65,65,65,65,65,65,65,65,65,65,65,65,65,65,65,65,65,65,65,65,65,65,65,65,65,65,65,65,65,65,65,65,65],"card_choices":[{"not_picked":["Outmaneuver","Tactician"],"picked":"Slice","floor":1.0},{"not_picked":["Bane","Blade Dance","Reflex"],"picked":"SKIP","floor":2.0},{"not_picked":["Bane","Finisher"],"picked":"Escape Plan","floor":4.0},{"not_picked":["Dagger Throw","Bane"],"picked":"Blade Dance","floor":6.0},{"not_picked":["Die Die Die","Slice"],"picked":"Crippling Poison","floor":8.0},{"not_picked":["Dodge and Roll","Tactician"],"picked":"PiercingWail","floor":11.0},{"not_picked":["Poisoned Stab","Sucker Punch"],"picked":"Skewer","floor":12.0},{"not_picked":["Slice","Bane"],"picked":"Backflip","floor":13.0},{"not_picked":["Burst","Doppelganger"],"picked":"Night Terror","floor":16.0},{"not_picked":["Reflex","Finisher"],"picked":"Noxious Fumes","floor":18.0},{"not_picked":["Acrobatics","Bane"],"picked":"Dagger Throw","floor":21.0},{"not_picked":["Sucker Punch","Dagger Throw"],"picked":"Finisher","floor":22.0},{"not_picked":["Underhanded Strike+1","Terror","Poisoned Stab"],"picked":"SKIP","floor":24.0},{"not_picked":["Quick Slash","Sucker Punch","Underhanded Strike"],"picked":"SKIP","floor":30.0},{"not_picked":["Envenom","Glass Knife"],"picked":"After Image","floor":33.0},{"not_picked":["Dodge and Roll"],"picked":"SKIP","floor":35.0},{"not_picked":["Bouncing Flask"],"picked":"SKIP","floor":38.0},{"not_picked":["Dagger Spray+1"],"picked":"SKIP","floor":41},{"not_picked":["Calculated Gamble"],"picked":"SKIP","floor":45},{"not_picked":[],"picked":"PiercingWail+1","floor":46},{"not_picked":[],"picked":"Blur","floor":47},{"not_picked":["Skewer"],"picked":"SKIP","floor":48}],"player_experience":212991,"relics_obtained":[{"floor":6.0,"key":"Ornamental Fan"},{"floor":8.0,"key":"Smiling Mask"},{"floor":9.0,"key":"Vajra"},{"floor":24.0,"key":"Dead Branch"},{"floor":26.0,"key":"Shuriken"}],"event_choices":[{"damage_healed":0.0,"max_hp_gain":0.0,"max_hp_loss":0.0,"gold_gain":0.0,"event_name":"Shining Light","player_choice":"Entered Light","floor":3.0,"gold_loss":0.0,"damage_taken":14.0,"cards_upgraded":["Defend_G","Strike_G"]},{"damage_healed":0.0,"max_hp_gain":0.0,"max_hp_loss":5.0,"gold_gain":0.0,"event_name":"Golden Idol","player_choice":"Lose Max HP","floor":5.0,"gold_loss":0.0,"damage_taken":0.0,"relics_obtained":["Golden Idol"]},{"damage_healed":0.0,"max_hp_gain":0.0,"max_hp_loss":0.0,"gold_gain":0.0,"event_name":"Upgrade Shrine","player_choice":"Upgraded","floor":19.0,"gold_loss":0.0,"damage_taken":0.0,"cards_upgraded":["Bullet Time"]},{"damage_healed":0.0,"max_hp_gain":0.0,"max_hp_loss":0.0,"gold_gain":0.0,"event_name":"Masked Bandits","player_choice":"Paid Fearfully","floor":28.0,"gold_loss":79.0,"damage_taken":0.0},{"damage_healed":0.0,"max_hp_gain":0.0,"max_hp_loss":0.0,"gold_gain":0.0,"event_name":"Beggar","player_choice":"Ignored","floor":31.0,"gold_loss":0.0,"damage_taken":0.0},{"damage_healed":0.0,"max_hp_gain":0.0,"max_hp_loss":0.0,"gold_gain":333.0,"event_name":"The Moai Head","player_choice":"Gave Idol","floor":36.0,"relics_lost":["Golden Idol"],"gold_loss":0.0,"damage_taken":0.0},{"damage_healed":0.0,"max_hp_gain":0.0,"max_hp_loss":0.0,"gold_gain":0.0,"event_name":"Upgrade Shrine","player_choice":"Upgraded","floor":39.0,"gold_loss":0.0,"damage_taken":0.0,"cards_upgraded":["Footwork"]},{"damage_healed":0,"gold_gain":0,"player_choice":"Copied","damage_taken":0,"max_hp_gain":0,"max_hp_loss":0,"event_name":"Duplicator","floor":44,"gold_loss":0,"cards_obtained":["Footwork"]}],"is_beta":false,"boss_relics":[{"not_picked":["Astrolabe","Eternal Feather"],"picked":"Pandora\u0027s Box"},{"not_picked":["Calling Bell","Orrery"],"picked":"Busted Crown"}],"items_purged_floors":[14,20,27,37],"is_endless":false,"potions_floor_spawned":[6,8,12,16,18,30,35,45,48],"killed_by":"Time Eater","ascension_level":0}