{"gold_per_floor":[113,131,142,156,173,173,6,6,6,6,6,6,18,38,38,110,110,122,141,153,153,102,102],"floor_reached":23,"playtime":725,"items_purged":[],"score":315,"play_id":"0c40f6a6-3bad-4261-b91d-ee22ad8401f1","local_time":"20190409124905","is_ascension_mode":true,"campfire_choices":[{"floor":6,"key":"REST"},{"data":"Magnetism","floor":10,"key":"SMITH"},{"data":"Dualcast","floor":12,"key":"SMITH"},{"floor":15,"key":"REST"}],"neow_cost":"NONE","seed_source_timestamp":228585166245571,"circlet_count":0,"master_deck":["AscendersBane","Strike_B","Strike_B+1","Strike_B","Strike_B","Defend_B","Defend_B","Defend_B","Defend_B","Zap+1","Dualcast+1","White Noise","Meteor Strike+1","Cold Snap","Magnetism+1","Cold Snap","Echo Form","Ball Lightning+1","Sunder","Coolheaded"],"relics":["Runic Dome","Whetstone","Sozu"],"potions_floor_usage":[16,18],"damage_taken":[{"damage":4,"enemies":"2 Louse","floor":1,"turns":3},{"damage":3,"enemies":"Jaw Worm","floor":2,"turns":4},{"damage":1,"enemies":"Cultist","floor":3,"turns":4},{"damage":11,"enemies":"Blue Slaver","floor":4,"turns":5},{"damage":13,"enemies":"Exordium Wildlife","floor":5,"turns":4},{"damage":18,"enemies":"3 Louse","floor":13,"turns":3},{"damage":2,"enemies":"Red Slaver","floor":14,"turns":4},{"damage":13,"enemies":"Hexaghost","floor":16,"turns":9},{"damage":6,"enemies":"Chosen","floor":18,"turns":5},{"damage":28,"enemies":"2 Thieves","floor":19,"turns":4},{"damage":28,"enemies":"Sentry and Sphere","floor":20,"turns":5},{"damage":6,"enemies":"Snecko","floor":23,"turns":3}],"seed_played":"6774863739128174869","potions_obtained":[{"floor":1,"key":"PowerPotion"},{"floor":3,"key":"Block Potion"}],"is_trial":false,"path_per_floor":["M","M","M","M","M","R","$","?","T","R","?","R","M","M","R","B",null,"M","M","M","?","$","M"],"character_chosen":"DEFECT","items_purchased":["Magnetism","Coolheaded"],"campfire_rested":2,"item_purchase_floors":[7,22],"current_hp_per_floor":[60,57,56,45,32,53,53,53,53,53,53,53,35,33,54,41,64,58,30,2,2,2,0],"gold":102,"neow_bonus":"BOSS_RELIC","is_prod":false,"is_daily":false,"chose_seed":false,"campfire_upgraded":2,"win_rate":0,"timestamp":1554832145,"path_taken":["M","M","M","M","M","R","$","?","T","R","?","R","M","M","R","BOSS","M","M","M","?","$","M"],"build_version":"2019-01-23","purchased_purges":0,"victory":false,"max_hp_per_floor":[71,71,71,71,71,71,71,71,71,71,71,71,71,71,71,71,71,71,71,71,71,71,71],"card_choices":[{"not_picked":["Leap","Compile Driver"],"picked":"White Noise","floor":1},{"not_picked":["Barrage","Steam","Aggregate"],"picked":"SKIP","floor":2},{"not_picked":["Stack","Auto Shields"],"picked":"Meteor Strike","floor":3},{"not_picked":["Go for the Eyes","Ball Lightning"],"picked":"Cold Snap","floor":4},{"not_picked":["Gash","Consume","Heatsinks"],"picked":"SKIP","floor":5},{"not_picked":["Sweeping Beam","Beam Cell","Double Energy"],"picked":"SKIP","floor":13},{"not_picked":["Hologram","Rebound"],"picked":"Cold Snap","floor":14},{"not_picked":["Biased Cognition","Buffer"],"picked":"Echo Form","floor":16},{"not_picked":["Beam Cell","Rebound"],"picked":"Ball Lightning+1","floor":18},{"not_picked":["Turbo","Go for the Eyes","Beam Cell"],"picked":"SKIP","floor":19},{"not_picked":["Stack","Go for the Eyes"],"picked":"Sunder","floor":20}],"player_experience":346865,"relics_obtained":[{"floor":9,"key":"Whetstone"}],"event_choices":[{"damage_healed":0,"gold_gain":0,"player_choice":"Leave","damage_taken":0,"max_hp_gain":0,"max_hp_loss":0,"event_name":"The Cleric","floor":8,"gold_loss":0},{"damage_healed":0,"gold_gain":0,"player_choice":"Upgraded","damage_taken":0,"max_hp_gain":0,"max_hp_loss":0,"event_name":"Upgrade Shrine","floor":11,"gold_loss":0,"cards_upgraded":["Zap"]},{"damage_healed":0,"gold_gain":0,"player_choice":"Ignored","damage_taken":0,"max_hp_gain":0,"max_hp_loss":0,"event_name":"The Mausoleum","floor":21,"gold_loss":0}],"is_beta":false,"boss_relics":[{"not_picked":["Snecko Eye","Philosopher\u0027s Stone"],"picked":"Sozu"}],"items_purged_floors":[],"is_endless":false,"potions_floor_spawned":[1,3,13,18,20],"killed_by":"Snecko","ascension_level":14}