{"gold_per_floor":[119,69,22,22,34,34,65,82,133,133,152,227,227,227,227,330,330,350,201,201,216,216,216,248,258,258,2,2,0,0,31,31,132,132,145,1144,1144,670,688,688,688,688,713,730,740,129,161,176,176,176],"floor_reached":50,"playtime":3546,"items_purged":["Regret","Decay","Normality","Normality"],"score":685,"play_id":"d9410d58-fabd-4bcc-ad13-bb3ef7aad709","local_time":"20190328201203","is_ascension_mode":true,"campfire_choices":[{"data":"Flex","floor":6,"key":"SMITH"},{"data":"Pommel Strike","floor":10,"key":"SMITH"},{"floor":15,"key":"REST"},{"data":"Fire Breathing","floor":23,"key":"SMITH"},{"data":"Pommel Strike","floor":28,"key":"SMITH"},{"floor":30,"key":"REST"},{"floor":32,"key":"RECALL"},{"data":"Apotheosis","floor":40,"key":"SMITH"},{"data":"Rage","floor":42,"key":"SMITH"},{"data":"Seeing Red","floor":49,"key":"SMITH"}],"neow_cost":"PERCENT_DAMAGE","seed_source_timestamp":684657807807224,"circlet_count":0,"master_deck":["Strike_R","Strike_R+1","Strike_R","Strike_R","Defend_R","Defend_R","Defend_R","Bash","Rage+1","Pommel Strike+1","Flex+1","Fire Breathing+1","Cleave","Seeing Red+1","Juggernaut+1","Parasite","Inflame+1","Rampage+1","Pommel Strike+1","Infernal Blade+1","Berserk+1","Combust+1","Master of Strategy","Enlightenment","Apotheosis+1","Parasite","The Bomb","Juggernaut+1","Iron Wave+1"],"relics":["Burning Blood","Incense Burner","Anchor","Bronze Scales","Blood Vial","Frozen Egg 2","PreservedInsect","Thread and Needle","Darkstone Periapt","Nloth\u0027s Gift","Meat on the Bone","Mercury Hourglass","Red Skull","Bag of Marbles","Sozu","Whetstone","OrangePellets","StoneCalendar","The Courier"],"potions_floor_usage":[7,47,50],"damage_taken":[{"damage":12,"enemies":"Jaw Worm","floor":1,"turns":2},{"damage":6,"enemies":"Cultist","floor":5,"turns":3},{"damage":36,"enemies":"Lagavulin","floor":7,"turns":6},{"damage":0,"enemies":"Small Slimes","floor":8,"turns":3},{"damage":8,"enemies":"Blue Slaver","floor":11,"turns":3},{"damage":17,"enemies":"Slime Boss","floor":16,"turns":8},{"damage":2,"enemies":"3 Byrds","floor":18,"turns":3},{"damage":17,"enemies":"2 Thieves","floor":21,"turns":4},{"damage":27,"enemies":"Book of Stabbing","floor":24,"turns":4},{"damage":33,"enemies":"Snake Plant","floor":25,"turns":4},{"damage":23,"enemies":"Slavers","floor":31,"turns":3},{"damage":43,"enemies":"Collector","floor":33,"turns":6},{"damage":5,"enemies":"Orb Walker","floor":35,"turns":3},{"damage":2,"enemies":"3 Shapes","floor":39,"turns":3},{"damage":25,"enemies":"Writhing Mass","floor":44,"turns":5},{"damage":25,"enemies":"4 Shapes","floor":45,"turns":4},{"damage":2,"enemies":"Reptomancer","floor":47,"turns":4},{"damage":3,"enemies":"Maw","floor":48,"turns":6},{"damage":86,"enemies":"Awakened One","floor":50,"turns":5}],"seed_played":"-988429965973683071","potions_obtained":[{"floor":1,"key":"Fire Potion"},{"floor":8,"key":"AttackPotion"},{"floor":24,"key":"Energy Potion"},{"floor":25,"key":"Regen Potion"},{"floor":33,"key":"Block Potion"}],"is_trial":false,"path_per_floor":["M","?","$","?","M","R","E","M","T","R","M","?","?","T","R","B",null,"M","$","?","M","?","R","E","M","T","$","R","?","R","E","R","B",null,"M","?","?","$","M","R","?","R","T","M","M","$","E","M","R","B"],"character_chosen":"IRONCLAD","items_purchased":["Pommel Strike","Rampage","Red Skull","Whetstone","OrangePellets","StoneCalendar","The Bomb"],"campfire_rested":2,"item_purchase_floors":[3,19,27,38,38,46,46],"current_hp_per_floor":[50,50,50,50,50,50,20,26,26,26,24,13,10,10,34,25,80,80,80,65,56,56,56,37,24,24,24,24,24,49,46,46,23,85,85,97,87,87,93,93,93,93,93,82,65,65,71,76,76,0],"gold":176,"neow_bonus":"ONE_RARE_RELIC","is_prod":false,"is_daily":false,"chose_seed":false,"campfire_upgraded":7,"win_rate":0,"timestamp":1553821923,"path_taken":["M","?","$","?","?","R","E","M","T","R","M","?","?","?","R","BOSS","M","$","?","M","?","R","E","?","T","$","R","?","R","E","R","BOSS","M","?","?","$","M","R","?","R","T","M","?","$","E","M","R","BOSS"],"build_version":"2019-01-23","purchased_purges":4,"victory":false,"max_hp_per_floor":[80,80,80,80,80,80,80,80,80,80,80,80,80,80,80,80,80,80,80,85,85,85,85,85,85,85,85,85,85,85,85,85,85,85,85,97,97,97,97,97,97,97,97,103,103,103,103,103,103,103],"card_choices":[{"not_picked":["Cleave","Iron Wave"],"picked":"Rage","floor":1},{"not_picked":["Shockwave","Bloodletting"],"picked":"Flex","floor":5},{"not_picked":["Dropkick","Anger"],"picked":"Fire Breathing","floor":7},{"not_picked":["True Grit","Power Through"],"picked":"Cleave","floor":8},{"not_picked":["Perfected Strike","Armaments"],"picked":"Seeing Red","floor":11},{"not_picked":["Feed","Demon Form+1"],"picked":"Juggernaut+1","floor":16},{"not_picked":["True Grit","Cleave"],"picked":"Inflame+1","floor":18},{"not_picked":["Second Wind","Perfected Strike","Dark Embrace+1"],"picked":"SKIP","floor":21},{"not_picked":["Twin Strike","Demon Form+1"],"picked":"Pommel Strike","floor":24},{"not_picked":["Wild Strike+1","Immolate"],"picked":"Infernal Blade+1","floor":25},{"not_picked":["True Grit","Anger","Havoc"],"picked":"SKIP","floor":31},{"not_picked":["Immolate","Demon Form+1"],"picked":"Berserk+1","floor":33},{"not_picked":["Feel No Pain+1","Iron Wave"],"picked":"Combust+1","floor":35},{"not_picked":["Panacea","Blind"],"picked":"Master of Strategy","floor":37},{"not_picked":["Deep Breath","Flash of Steel"],"picked":"Enlightenment","floor":37},{"not_picked":["Impatience","Sadistic Nature+1"],"picked":"Apotheosis","floor":37},{"not_picked":["Hemokinesis+1","True Grit+1","Anger+1"],"picked":"SKIP","floor":39},{"not_picked":["Body Slam","Shrug It Off","Heavy Blade"],"picked":"SKIP","floor":44},{"not_picked":["Bloodletting","Power Through","Reckless Charge"],"picked":"SKIP","floor":45},{"not_picked":["Spot Weakness","Exhume"],"picked":"Juggernaut+1","floor":47},{"not_picked":["Perfected Strike","Sword Boomerang"],"picked":"Iron Wave+1","floor":48}],"player_experience":857424,"relics_obtained":[{"floor":7,"key":"Anchor"},{"floor":9,"key":"Bronze Scales"},{"floor":14,"key":"Frozen Egg 2"},{"floor":17,"key":"PreservedInsect"},{"floor":17,"key":"Thread and Needle"},{"floor":17,"key":"Darkstone Periapt"},{"floor":24,"key":"Meat on the Bone"},{"floor":26,"key":"Mercury Hourglass"},{"floor":31,"key":"Bag of Marbles"},{"floor":47,"key":"The Courier"}],"event_choices":[{"cards_removed":["Defend_R"],"damage_healed":0,"gold_gain":0,"player_choice":"Card Removal","damage_taken":0,"max_hp_gain":0,"max_hp_loss":0,"event_name":"The Cleric","floor":2,"gold_loss":50},{"cards_removed":["Strike_R"],"damage_healed":0,"gold_gain":0,"player_choice":"Offered Basic","damage_taken":0,"max_hp_gain":0,"max_hp_loss":0,"event_name":"Bonfire Elementals","floor":4,"gold_loss":0},{"damage_healed":0,"gold_gain":75,"player_choice":"Gather Gold","damage_taken":11,"max_hp_gain":0,"max_hp_loss":0,"event_name":"World of Goop","floor":12,"gold_loss":0},{"damage_healed":0,"gold_gain":0,"player_choice":"Success","damage_taken":3,"relics_obtained":["Blood Vial"],"max_hp_gain":0,"max_hp_loss":0,"event_name":"Scrap Ooze","floor":13,"gold_loss":0},{"damage_healed":0,"gold_gain":0,"player_choice":"Shed Blood","damage_taken":20,"max_hp_gain":5,"max_hp_loss":0,"event_name":"Forgotten Altar","floor":20,"gold_loss":0},{"damage_healed":0,"gold_gain":0,"player_choice":"Traded Relic","damage_taken":0,"relics_obtained":["Nloth\u0027s Gift"],"max_hp_gain":0,"max_hp_loss":0,"event_name":"N\u0027loth","floor":22,"relics_lost":["Calling Bell"],"gold_loss":0},{"damage_healed":0,"gold_gain":0,"player_choice":"Paid Fearfully","damage_taken":0,"max_hp_gain":0,"max_hp_loss":0,"event_name":"Masked Bandits","floor":29,"gold_loss":2},{"damage_healed":0,"gold_gain":999,"player_choice":"Gold","damage_taken":0,"max_hp_gain":0,"max_hp_loss":0,"event_name":"MindBloom","floor":36,"gold_loss":0,"cards_obtained":["Normality","Normality"]},{"damage_healed":0,"gold_gain":0,"player_choice":"Memory 3","damage_taken":10,"max_hp_gain":0,"max_hp_loss":0,"event_name":"SensoryStone","floor":37,"gold_loss":0},{"damage_healed":0,"gold_gain":0,"player_choice":"Ignored","damage_taken":0,"max_hp_gain":0,"max_hp_loss":0,"event_name":"SecretPortal","floor":41,"gold_loss":0}],"is_beta":false,"boss_relics":[{"not_picked":["Coffee Dripper","Velvet Choker"],"picked":"Calling Bell"},{"not_picked":["Black Blood","Snecko Eye"],"picked":"Sozu"}],"items_purged_floors":[19,27,38,46],"is_endless":false,"potions_floor_spawned":[1,8,24,25,33,44,47],"killed_by":"Awakened One","ascension_level":4}