{"gold_per_floor":[109,184,184,184,203,234,234,244,244,266,280,309,327,346,346,346],"floor_reached":16,"playtime":837,"items_purged":[],"score":164,"play_id":"4c04492d-f414-4d7f-b81d-0d8790eb06ba","local_time":"20190228203910","is_ascension_mode":true,"campfire_choices":[{"data":"Pommel Strike","floor":7,"key":"SMITH"},{"floor":15,"key":"REST"}],"neow_cost":"NONE","seed_source_timestamp":935335255898567,"circlet_count":0,"master_deck":["Strike_R+1","Strike_R","Strike_R","Strike_R","Strike_R","Defend_R","Defend_R","Defend_R","Defend_R+1","Bash","Pommel Strike+1","Wild Strike","Offering","Wild Strike"],"relics":["Burning Blood","NeowsBlessing","Singing Bowl","The Courier","Odd Mushroom","Du-Vu Doll"],"potions_floor_usage":[8,10,16,16],"damage_taken":[{"damage":0,"enemies":"2 Louse","floor":1,"turns":1},{"damage":0,"enemies":"Small Slimes","floor":5,"turns":1},{"damage":0,"enemies":"3 Sentries","floor":6,"turns":1},{"damage":6,"enemies":"Jaw Worm","floor":8,"turns":1},{"damage":29,"enemies":"The Mushroom Lair","floor":10,"turns":4},{"damage":7,"enemies":"Large Slime","floor":11,"turns":5},{"damage":18,"enemies":"Gremlin Nob","floor":12,"turns":4},{"damage":15,"enemies":"Lots of Slimes","floor":13,"turns":4},{"damage":0,"enemies":"2 Fungi Beasts","floor":14,"turns":3},{"damage":61,"enemies":"Hexaghost","floor":16,"turns":9}],"seed_played":"-156839118112266543","potions_obtained":[{"floor":1,"key":"BloodPotion"},{"floor":5,"key":"Weak Potion"},{"floor":6,"key":"Fire Potion"},{"floor":14,"key":"LiquidBronze"}],"is_trial":false,"path_per_floor":["M","?","?","$","M","E","R","M","T","?","M","E","M","M","R","B"],"character_chosen":"IRONCLAD","items_purchased":[],"campfire_rested":1,"item_purchase_floors":[],"current_hp_per_floor":[80,69,53,53,59,65,65,67,67,46,47,37,28,36,63,11],"gold":346,"neow_bonus":"THREE_ENEMY_KILL","is_prod":false,"is_daily":false,"chose_seed":false,"campfire_upgraded":1,"win_rate":0,"timestamp":1551407950,"path_taken":["M","?","?","$","M","E","R","M","T","?","?","E","M","M","R","BOSS"],"build_version":"2019-01-23","purchased_purges":0,"victory":false,"max_hp_per_floor":[80,80,80,80,80,80,80,82,82,84,86,88,88,90,90,90],"card_choices":[{"not_picked":["Hemokinesis","Shrug It Off"],"picked":"Pommel Strike","floor":1},{"not_picked":["Heavy Blade","Infernal Blade"],"picked":"Wild Strike","floor":5},{"not_picked":["Body Slam","Perfected Strike"],"picked":"Offering","floor":6},{"not_picked":["Body Slam","Warcry","Anger"],"picked":"Singing Bowl","floor":8},{"not_picked":["Warcry","Thunderclap","Feel No Pain"],"picked":"Singing Bowl","floor":10},{"not_picked":["Seeing Red","Pommel Strike","True Grit"],"picked":"Singing Bowl","floor":11},{"not_picked":["Ghostly Armor","Intimidate","Seeing Red"],"picked":"Singing Bowl","floor":12},{"not_picked":["Pommel Strike","Heavy Blade"],"picked":"Wild Strike","floor":13},{"not_picked":["Anger","Corruption","Pummel"],"picked":"Singing Bowl","floor":14}],"player_experience":577569,"relics_obtained":[{"floor":6,"key":"Singing Bowl"},{"floor":9,"key":"The Courier"},{"floor":10,"key":"Odd Mushroom"},{"floor":12,"key":"Du-Vu Doll"}],"event_choices":[{"damage_healed":0,"gold_gain":75,"player_choice":"Gather Gold","damage_taken":11,"max_hp_gain":0,"max_hp_loss":0,"event_name":"World of Goop","floor":2,"gold_loss":0},{"damage_healed":0,"gold_gain":0,"player_choice":"Entered Light","damage_taken":16,"max_hp_gain":0,"max_hp_loss":0,"event_name":"Shining Light","floor":3,"gold_loss":0,"cards_upgraded":["Defend_R","Strike_R"]},{"damage_healed":0,"gold_gain":0,"player_choice":"Fought Mushrooms","damage_taken":0,"max_hp_gain":0,"max_hp_loss":0,"event_name":"Mushrooms","floor":10,"gold_loss":0}],"is_beta":false,"boss_relics":[],"items_purged_floors":[],"is_endless":false,"potions_floor_spawned":[1,5,6,14],"killed_by":"Hexaghost","ascension_level":4}