{"path_per_floor":["M","M","M","?","M","E","M","?","T","R","M","?","?","E","R"],"character_chosen":"IRONCLAD","items_purchased":[],"gold_per_floor":[114,132,143,143,157,187,204,204,204,204,218,318,318,353,353,353],"floor_reached":16,"campfire_rested":2,"playtime":848,"current_hp_per_floor":[80,80,80,72,62,32,30,30,30,54,52,52,45,24,48,0],"items_purged":[],"gold":353,"score":112,"play_id":"e4b1b450-54c5-499d-a313-040dd9b7a528","local_time":"20180517194038","is_prod":false,"is_daily":false,"chose_seed":false,"is_ascension_mode":false,"campfire_upgraded":0,"timestamp":1526611238,"campfire_choices":[{"floor":10,"key":"REST"},{"floor":15,"key":"REST"}],"path_taken":["M","M","M","?","M","E","M","?","T","R","?","?","?","E","R","BOSS"],"build_version":"2018-05-17","seed_source_timestamp":0,"purchased_purges":0,"victory":false,"master_deck":["Strike_R","Strike_R","Strike_R","Strike_R","Strike_R","Defend_R","Defend_R","Defend_R","Defend_R","Bash","Headbutt","Inflame","Iron Wave","Metallicize"],"max_hp_per_floor":[80,80,80,80,80,80,80,80,80,80,80,80,80,80,80,80],"relics":["Burning Blood","Orichalcum","Art of War","Paper Frog","Gambling Chip"],"card_choices":[{"not_picked":["Heavy Blade","Bloodletting","Evolve"],"picked":"SKIP","floor":1},{"not_picked":["Havoc","Sever Soul"],"picked":"Headbutt","floor":2},{"not_picked":["Reckless Charge","True Grit","Sword Boomerang"],"picked":"SKIP","floor":3},{"not_picked":["Dual Wield","Feel No Pain","Disarm"],"picked":"SKIP","floor":5},{"not_picked":["Pommel Strike","Feel No Pain"],"picked":"Inflame","floor":6},{"not_picked":["Warcry","Rupture"],"picked":"Iron Wave","floor":7},{"not_picked":["Spot Weakness","Sword Boomerang","Carnage"],"picked":"SKIP","floor":11},{"not_picked":["Disarm","Pommel Strike"],"picked":"Metallicize","floor":14}],"player_experience":69561,"potions_floor_usage":[3,5,11],"damage_taken":[{"damage":0,"enemies":"2 Louse","floor":1,"turns":4},{"damage":1,"enemies":"Cultist","floor":2,"turns":3},{"damage":6,"enemies":"Jaw Worm","floor":3,"turns":2},{"damage":16,"enemies":"2 Fungi Beasts","floor":5,"turns":5},{"damage":36,"enemies":"3 Sentries","floor":6,"turns":11},{"damage":8,"enemies":"Looter","floor":7,"turns":3},{"damage":8,"enemies":"Lots of Slimes","floor":11,"turns":5},{"damage":27,"enemies":"Gremlin Nob","floor":14,"turns":5},{"damage":48,"enemies":"The Guardian","floor":16,"turns":13}],"relics_obtained":[{"floor":6,"key":"Orichalcum"},{"floor":9,"key":"Paper Frog"},{"floor":14,"key":"Gambling Chip"}],"event_choices":[{"event_name":"Wheel of Change","player_choice":"Damage","floor":4,"damage_taken":0},{"event_name":"Accursed Blacksmith","player_choice":"Rummage","floor":8,"damage_taken":0},{"event_name":"Golden Shrine","player_choice":"Pray","floor":12,"damage_taken":0},{"event_name":"Golden Wing","player_choice":"Card Removal","floor":13,"damage_taken":0}],"boss_relics":[],"potions_floor_spawned":[2,3,7],"seed_played":"-4415405303076249211","killed_by":"The Guardian","ascension_level":0,"potions_obtained":[{"floor":2,"key":"Fire Potion"},{"floor":3,"key":"SkillPotion"},{"floor":7,"key":"Strength Potion"}],"is_trial":false}