{"gold_per_floor":[113,263,263,283,299,299,317,333,358,358,387,161,196,213,213,287,287,307,43,43,54,54,54],"floor_reached":23,"playtime":750,"items_purged":["Strike_B"],"score":392,"play_id":"fcbe949e-b172-474c-81ef-8c8a12cd147c","local_time":"20190404022951","is_ascension_mode":true,"campfire_choices":[{"data":"Go for the Eyes","floor":6,"key":"SMITH"},{"floor":15,"key":"REST"}],"neow_cost":"NONE","seed_source_timestamp":1228512716167632,"circlet_count":0,"master_deck":["AscendersBane","Strike_B+1","Strike_B","Strike_B","Defend_B","Defend_B","Defend_B","Defend_B","Zap","Dualcast","Coolheaded","Go for the Eyes+1","Electrodynamics","Doom and Gloom+1","Cold Snap","White Noise","Finesse","Cold Snap","Chaos","Buffer","Glacier","Loop","Decay"],"relics":["Cracked Core","NeowsBlessing","Happy Flower","Strawberry","Centennial Puzzle","Inserter","Nloth\u0027s Gift"],"potions_floor_usage":[7,13,13,16,16,21,23],"damage_taken":[{"damage":0,"enemies":"Jaw Worm","floor":1,"turns":1},{"damage":0,"enemies":"2 Louse","floor":4,"turns":1},{"damage":0,"enemies":"Cultist","floor":5,"turns":1},{"damage":22,"enemies":"Gremlin Gang","floor":7,"turns":5},{"damage":0,"enemies":"3 Louse","floor":8,"turns":2},{"damage":15,"enemies":"3 Sentries","floor":11,"turns":3},{"damage":12,"enemies":"Lagavulin","floor":13,"turns":4},{"damage":8,"enemies":"Blue Slaver","floor":14,"turns":3},{"damage":19,"enemies":"Hexaghost","floor":16,"turns":10},{"damage":0,"enemies":"Spheric Guardian","floor":18,"turns":5},{"damage":5,"enemies":"Shell Parasite","floor":21,"turns":7},{"damage":80,"enemies":"Book of Stabbing","floor":23,"turns":5}],"seed_played":"-2177789853998594500","potions_obtained":[{"floor":4,"key":"Regen Potion"},{"floor":7,"key":"Strength Potion"},{"floor":13,"key":"Dexterity Potion"},{"floor":14,"key":"SpeedPotion"},{"floor":16,"key":"EssenceOfSteel"}],"is_trial":false,"path_per_floor":["M","?","?","M","M","R","M","M","T","?","E","$","E","M","R","B",null,"M","$","?","M","?","E"],"character_chosen":"DEFECT","items_purchased":["Energy Potion","Finesse","Lee\u0027s Waffle","SkillPotion"],"campfire_rested":1,"item_purchase_floors":[12,12,19,19],"current_hp_per_floor":[64,64,64,64,64,64,51,51,51,30,22,22,10,2,25,6,60,60,85,85,80,80,0],"gold":54,"neow_bonus":"THREE_ENEMY_KILL","is_prod":false,"is_daily":false,"chose_seed":false,"campfire_upgraded":1,"win_rate":0,"timestamp":1554362991,"path_taken":["M","?","?","?","M","R","M","?","T","?","E","$","E","M","R","BOSS","M","$","?","?","?","E"],"build_version":"2019-01-23","purchased_purges":1,"victory":false,"max_hp_per_floor":[71,71,71,71,71,71,71,71,71,71,78,78,78,78,78,78,78,78,85,85,85,85,85],"card_choices":[{"not_picked":["Barrage","Stack"],"picked":"Coolheaded","floor":1},{"not_picked":["Recycle","Stack"],"picked":"Go for the Eyes","floor":4},{"not_picked":["Force Field","Glacier"],"picked":"Electrodynamics","floor":5},{"not_picked":["Double Energy","Beam Cell"],"picked":"Doom and Gloom","floor":7},{"not_picked":["Coolheaded","Redo"],"picked":"Cold Snap","floor":8},{"not_picked":["Sunder","Stack"],"picked":"White Noise","floor":11},{"not_picked":["Blizzard","Darkness"],"picked":"Cold Snap","floor":13},{"not_picked":["Sweeping Beam","Undo"],"picked":"Chaos","floor":14},{"not_picked":["Biased Cognition","Rainbow"],"picked":"Buffer","floor":16},{"not_picked":["Rebound","Chaos"],"picked":"Glacier","floor":18},{"not_picked":["Streamline","Beam Cell"],"picked":"Loop","floor":21}],"player_experience":882837,"relics_obtained":[{"floor":9,"key":"Happy Flower"},{"floor":11,"key":"Strawberry"},{"floor":13,"key":"Centennial Puzzle"}],"event_choices":[{"damage_healed":0,"gold_gain":150,"player_choice":"AGREE","damage_taken":0,"max_hp_gain":0,"max_hp_loss":0,"event_name":"Liars Game","floor":2,"gold_loss":0,"cards_obtained":["Doubt"]},{"cards_removed":["Doubt"],"damage_healed":0,"gold_gain":0,"player_choice":"Purged","damage_taken":0,"max_hp_gain":0,"max_hp_loss":0,"event_name":"Purifier","floor":3,"gold_loss":0},{"damage_healed":0,"gold_gain":0,"player_choice":"Entered Light","damage_taken":21,"max_hp_gain":0,"max_hp_loss":0,"event_name":"Shining Light","floor":10,"gold_loss":0,"cards_upgraded":["Strike_B","Doom and Gloom"]},{"damage_healed":0,"gold_gain":0,"player_choice":"Traded Relic","damage_taken":0,"relics_obtained":["Nloth\u0027s Gift"],"max_hp_gain":0,"max_hp_loss":0,"event_name":"N\u0027loth","floor":20,"relics_lost":["Lee\u0027s Waffle"],"gold_loss":0},{"damage_healed":0,"gold_gain":0,"player_choice":"Smashed Altar","damage_taken":0,"max_hp_gain":0,"max_hp_loss":0,"event_name":"Forgotten Altar","floor":22,"gold_loss":0,"cards_obtained":["Decay"]}],"is_beta":false,"boss_relics":[{"not_picked":["Velvet Choker","Coffee Dripper"],"picked":"Inserter"}],"items_purged_floors":[12],"is_endless":false,"potions_floor_spawned":[4,7,13,14,16],"killed_by":"Book of Stabbing","ascension_level":19}