{"gold_per_floor":[119,139,102,52,52,86,86,86,113,113,131,146,189,202,202,202],"floor_reached":16,"playtime":1111,"items_purged":[],"score":155,"play_id":"2fa8fdeb-2338-44a5-9fa2-7b1fbcc5e1f3","local_time":"20190406122011","is_ascension_mode":true,"campfire_choices":[{"data":"Distraction","floor":8,"key":"SMITH"},{"data":"Venomology","floor":15,"key":"SMITH"}],"neow_cost":"NONE","seed_source_timestamp":82081003527068,"circlet_count":0,"master_deck":["Defend_G","Defend_G","Defend_G","Defend_G","Defend_G","Strike_G","Strike_G","Strike_G","Strike_G","Survivor","Neutralize","Terror","Dagger Throw","Endless Agony","Distraction+1","PiercingWail","Venomology+1","Terror","Endless Agony"],"relics":["Ring of the Snake","NeowsBlessing","Incense Burner","Vajra","Golden Idol","Art of War","Darkstone Periapt"],"potions_floor_usage":[11,13,14,16,16,16,16],"damage_taken":[{"damage":0,"enemies":"2 Louse","floor":1,"turns":1},{"damage":0,"enemies":"Small Slimes","floor":2,"turns":1},{"damage":0,"enemies":"Lagavulin","floor":6,"turns":1},{"damage":0,"enemies":"Cultist","floor":11,"turns":4},{"damage":0,"enemies":"2 Fungi Beasts","floor":12,"turns":3},{"damage":6,"enemies":"3 Sentries","floor":13,"turns":6},{"damage":0,"enemies":"Gremlin Gang","floor":14,"turns":6},{"damage":61,"enemies":"Hexaghost","floor":16,"turns":17}],"seed_played":"-7477715442197348876","potions_obtained":[{"floor":1,"key":"Regen Potion"},{"floor":2,"key":"FearPotion"},{"floor":11,"key":"Explosive Potion"},{"floor":14,"key":"Fire Potion"}],"is_trial":false,"path_per_floor":["?","?","?","?"],"character_chosen":"THE_SILENT","items_purchased":["Endless Agony"],"campfire_rested":0,"item_purchase_floors":[3],"current_hp_per_floor":[70,70,70,70,70,70,53,53,53,53,65,65,59,59,59,0],"gold":202,"neow_bonus":"THREE_ENEMY_KILL","is_prod":false,"is_daily":false,"chose_seed":false,"campfire_upgraded":2,"win_rate":0,"timestamp":1554546011,"path_taken":["M","M","$","?","?","E","?","R","T","?","M","M","E","M","R","BOSS"],"build_version":"2019-01-23","purchased_purges":0,"victory":false,"max_hp_per_floor":[70,70,70,70,70,70,70,70,70,70,70,70,70,70,70,70],"card_choices":[{"not_picked":["Riddle With Holes","Flying Knee"],"picked":"Terror","floor":1},{"not_picked":["Slice","Outmaneuver"],"picked":"Dagger Throw","floor":2},{"not_picked":["Expertise","Setup"],"picked":"Distraction","floor":6},{"not_picked":["Prepared","Underhanded Strike"],"picked":"PiercingWail","floor":11},{"not_picked":["Cloak And Dagger","Finisher"],"picked":"Venomology","floor":12},{"not_picked":["Deadly Poison","Grand Finale"],"picked":"Terror","floor":13},{"not_picked":["Cloak And Dagger","Slice"],"picked":"Endless Agony","floor":14}],"player_experience":189154,"relics_obtained":[{"floor":6,"key":"Vajra"},{"floor":9,"key":"Art of War"},{"floor":13,"key":"Darkstone Periapt"}],"event_choices":[{"cards_removed":["Strike_G"],"damage_healed":0,"gold_gain":0,"player_choice":"Card Removal","damage_taken":0,"max_hp_gain":0,"max_hp_loss":0,"event_name":"The Cleric","floor":4,"gold_loss":50},{"damage_healed":0,"gold_gain":0,"player_choice":"Box","damage_taken":0,"relics_obtained":["Incense Burner"],"max_hp_gain":0,"max_hp_loss":0,"event_name":"Big Fish","floor":5,"gold_loss":0,"cards_obtained":["Regret"]},{"damage_healed":0,"gold_gain":0,"player_choice":"Take Damage","damage_taken":17,"relics_obtained":["Golden Idol"],"max_hp_gain":0,"max_hp_loss":0,"event_name":"Golden Idol","floor":7,"gold_loss":0},{"cards_removed":["Regret"],"damage_healed":0,"gold_gain":0,"player_choice":"Removed Curses","damage_taken":0,"max_hp_gain":0,"max_hp_loss":0,"event_name":"Fountain of Cleansing","floor":10,"gold_loss":0}],"is_beta":false,"boss_relics":[],"items_purged_floors":[],"is_endless":false,"potions_floor_spawned":[1,2,11,14],"killed_by":"Hexaghost","ascension_level":3}