{"gold_per_floor":[118,129,51,62,62,62,80,3,58,133,133,146,146,161,161,290,290,303,303],"floor_reached":19,"playtime":701,"items_purged":[],"score":239,"play_id":"f70abfaa-7446-4baa-8b4b-ebbd958b21b1","local_time":"20190301124544","is_ascension_mode":true,"campfire_choices":[{"data":"Defragment","floor":6.0,"key":"SMITH"},{"data":"Defragment","floor":15,"key":"SMITH"}],"neow_cost":"NONE","seed_source_timestamp":993450020966106,"circlet_count":0,"master_deck":["AscendersBane","Strike_B","Strike_B","Strike_B","Defend_B","Defend_B","Defend_B","Defend_B","Zap","Dualcast","Self Repair","Rebound","Defragment+1","FTL","Chaos","Defragment+1","Leap","Ball Lightning","Buffer","Coolheaded"],"special_seed":0,"relics":["Inserter","Oddly Smooth Stone","Golden Idol","Philosopher\u0027s Stone"],"potions_floor_usage":[16,18],"damage_taken":[{"damage":7.0,"enemies":"Jaw Worm","floor":1.0,"turns":3.0},{"damage":1.0,"enemies":"Cultist","floor":2.0,"turns":4.0},{"damage":0.0,"enemies":"Small Slimes","floor":4.0,"turns":2.0},{"damage":4.0,"enemies":"3 Louse","floor":7.0,"turns":4.0},{"damage":0.0,"enemies":"Blue Slaver","floor":12.0,"turns":8.0},{"damage":0,"enemies":"2 Fungi Beasts","floor":14,"turns":4},{"damage":29,"enemies":"Slime Boss","floor":16,"turns":10},{"damage":30,"enemies":"Chosen","floor":18,"turns":7},{"damage":46,"enemies":"Colosseum Slavers","floor":19,"turns":5}],"seed_played":"-911353799509746286","potions_obtained":[{"floor":1.0,"key":"Fire Potion"},{"floor":2.0,"key":"SteroidPotion"},{"floor":4.0,"key":"Fire Potion"},{"floor":12.0,"key":"Energy Potion"},{"floor":16,"key":"Regen Potion"}],"is_trial":false,"path_per_floor":["M","M","$","M","?","R","M","$","T","?","?","M","?","M","R","B",null,"M","?"],"character_chosen":"DEFECT","items_purchased":["Defragment","Defragment"],"campfire_rested":0,"item_purchase_floors":[3,8],"current_hp_per_floor":[61,67,67,67,67,67,70,70,70,59,59,66,66,66,66,44,63,45,0],"gold":303,"neow_bonus":"BOSS_RELIC","is_prod":false,"is_daily":false,"chose_seed":false,"campfire_upgraded":2,"win_rate":0,"timestamp":1551465944,"path_taken":["M","M","$","M","?","R","M","?","T","?","?","M","?","M","R","BOSS","M","?"],"build_version":"2019-01-23","purchased_purges":0,"victory":false,"max_hp_per_floor":[75,75,75,75,75,75,75,75,75,75,69,69,69,69,69,69,69,69,69],"card_choices":[{"not_picked":["White Noise","Hologram"],"picked":"Self Repair","floor":1.0},{"not_picked":["Aggregate","Reprogram"],"picked":"Rebound","floor":2.0},{"not_picked":["Go for the Eyes","Fusion"],"picked":"FTL","floor":4.0},{"not_picked":["Steam Power","Compile Driver"],"picked":"Chaos","floor":7.0},{"not_picked":["Stack","Sunder"],"picked":"Leap","floor":12.0},{"not_picked":["Hologram","Redo"],"picked":"Ball Lightning","floor":14},{"not_picked":["Biased Cognition","Meteor Strike"],"picked":"Buffer","floor":16},{"not_picked":["Barrage","Steam+1"],"picked":"Coolheaded","floor":18}],"player_experience":584448,"relics_obtained":[{"floor":9.0,"key":"Oddly Smooth Stone"}],"event_choices":[{"cards_removed":["Strike_B"],"damage_healed":0.0,"max_hp_gain":0.0,"max_hp_loss":0.0,"gold_gain":0.0,"event_name":"Bonfire Elementals","player_choice":"Offered Basic","floor":5.0,"gold_loss":0.0,"damage_taken":0.0},{"damage_healed":0.0,"max_hp_gain":0.0,"max_hp_loss":0.0,"gold_gain":75.0,"event_name":"World of Goop","player_choice":"Gather Gold","floor":10.0,"gold_loss":0.0,"damage_taken":11.0},{"damage_healed":0.0,"max_hp_gain":0.0,"max_hp_loss":6.0,"gold_gain":0.0,"event_name":"Golden Idol","player_choice":"Lose Max HP","floor":11.0,"gold_loss":0.0,"damage_taken":0.0,"relics_obtained":["Golden Idol"]},{"damage_healed":0,"gold_gain":0,"player_choice":"Searched \u00271\u0027 times","damage_taken":0,"max_hp_gain":0,"max_hp_loss":0,"event_name":"Dead Adventurer","floor":13,"gold_loss":0},{"damage_healed":0,"gold_gain":0,"player_choice":"Fight","damage_taken":0,"max_hp_gain":0,"max_hp_loss":0,"event_name":"Colosseum","floor":19,"gold_loss":0}],"is_beta":false,"boss_relics":[{"not_picked":["Black Star","Busted Crown"],"picked":"Philosopher\u0027s Stone"}],"items_purged_floors":[],"is_endless":false,"potions_floor_spawned":[1,2,4,12,16],"killed_by":"Colosseum Slavers","ascension_level":10}