{"gold_per_floor":[117,135,135,235,255,269,269,284,284,303,50,77,89,104,104,209,209,219,229,0,0,0],"floor_reached":22,"playtime":800,"items_purged":["Strike_R"],"score":190,"play_id":"b1c8ad00-6172-4eba-aa73-011fe717d48c","local_time":"20181124174128","is_ascension_mode":false,"campfire_choices":[{"data":"Armaments","floor":7,"key":"SMITH"},{"floor":15,"key":"REST"}],"neow_cost":"NONE","seed_source_timestamp":667525392816578,"circlet_count":0,"master_deck":["Strike_R+1","Strike_R+1","Strike_R+1","Strike_R+1","Defend_R+1","Defend_R+1","Defend_R+1","Defend_R+1","Bash+1","Perfected Strike","Inflame+1","Armaments+1","Spot Weakness","Flame Barrier","Sever Soul","Armaments","Thunderclap","Heavy Blade","Reaper","Anger","Rage"],"relics":["Burning Blood","NeowsBlessing","Centennial Puzzle","Bottled Lightning","Bag of Preparation","Runic Pyramid","Boot"],"potions_floor_usage":[16,16,16,22],"damage_taken":[{"damage":0,"enemies":"2 Louse","floor":1,"turns":1},{"damage":0,"enemies":"Small Slimes","floor":2,"turns":1},{"damage":0,"enemies":"Cultist","floor":5,"turns":1},{"damage":10,"enemies":"Looter","floor":6,"turns":3},{"damage":0,"enemies":"Large Slime","floor":8,"turns":4},{"damage":17,"enemies":"2 Fungi Beasts","floor":10,"turns":4},{"damage":39,"enemies":"Lagavulin","floor":12,"turns":9},{"damage":6,"enemies":"3 Louse","floor":13,"turns":4},{"damage":8,"enemies":"Large Slime","floor":14,"turns":7},{"damage":46,"enemies":"Slime Boss","floor":16,"turns":10},{"damage":23,"enemies":"3 Byrds","floor":18,"turns":4},{"damage":37,"enemies":"Spheric Guardian","floor":19,"turns":9},{"damage":37,"enemies":"Snake Plant","floor":22,"turns":2}],"seed_played":"3747620734193769754","potions_obtained":[{"floor":2,"key":"SteroidPotion"},{"floor":8,"key":"FearPotion"},{"floor":13,"key":"Block Potion"},{"floor":16,"key":"Fire Potion"}],"is_trial":false,"path_per_floor":["M","M","?","?","M","M","R","M","T","M","$","E","M","M","R","B",null,"M","M","$","?","M"],"character_chosen":"IRONCLAD","items_purchased":["Bottled Lightning","Boot"],"campfire_rested":1,"item_purchase_floors":[11,20],"current_hp_per_floor":[80,80,64,64,70,66,66,72,72,61,61,28,28,26,50,10,80,63,32,32,32,0],"gold":0,"neow_bonus":"THREE_ENEMY_KILL","is_prod":false,"is_daily":false,"chose_seed":false,"campfire_upgraded":1,"win_rate":0.0,"timestamp":1543102888,"path_taken":["M","M","?","?","?","M","R","M","T","M","$","E","M","M","R","BOSS","M","M","$","?","M"],"build_version":"2018-11-15","purchased_purges":1,"victory":false,"max_hp_per_floor":[80,80,80,80,80,80,80,80,80,80,80,80,80,80,80,80,80,80,80,80,80,80],"card_choices":[{"not_picked":["Pommel Strike","Twin Strike"],"picked":"Perfected Strike","floor":1},{"not_picked":["Heavy Blade","Wild Strike"],"picked":"Inflame","floor":2},{"not_picked":["Disarm","Flame Barrier"],"picked":"Armaments","floor":5},{"not_picked":["Warcry","Shrug It Off"],"picked":"Spot Weakness","floor":6},{"not_picked":["Intimidate","Heavy Blade"],"picked":"Flame Barrier","floor":8},{"not_picked":["Clash","Pummel"],"picked":"Sever Soul","floor":10},{"not_picked":["Twin Strike","Corruption"],"picked":"Armaments","floor":12},{"not_picked":["True Grit","Perfected Strike"],"picked":"Thunderclap","floor":13},{"not_picked":["Warcry","Entrench"],"picked":"Heavy Blade","floor":14},{"not_picked":["Brutality","Feed"],"picked":"Reaper","floor":16},{"not_picked":["Body Slam","Shockwave"],"picked":"Anger","floor":18},{"not_picked":["Inflame+1","Corruption"],"picked":"Rage","floor":19}],"player_experience":25338,"relics_obtained":[{"floor":9,"key":"Centennial Puzzle"},{"floor":12,"key":"Bag of Preparation"}],"event_choices":[{"damage_healed":0,"gold_gain":0,"player_choice":"Entered Light","damage_taken":16,"max_hp_gain":0,"max_hp_loss":0,"event_name":"Shining Light","floor":3,"gold_loss":0,"cards_upgraded":["Inflame","Bash"]},{"damage_healed":0,"gold_gain":100,"player_choice":"Gold","damage_taken":0,"max_hp_gain":0,"max_hp_loss":0,"event_name":"Wheel of Change","floor":4,"gold_loss":0},{"damage_healed":0,"gold_gain":0,"player_choice":"Simplicity","damage_taken":0,"max_hp_gain":0,"max_hp_loss":0,"event_name":"Back to Basics","floor":21,"gold_loss":0,"cards_upgraded":["Strike_R","Strike_R","Strike_R","Strike_R","Defend_R","Defend_R","Defend_R","Defend_R"]}],"is_beta":false,"boss_relics":[{"not_picked":["Coffee Dripper","Black Blood"],"picked":"Runic Pyramid"}],"items_purged_floors":[20],"is_endless":false,"potions_floor_spawned":[2,8,13,16],"killed_by":"Snake Plant","ascension_level":0}