{"path_per_floor":["M","$","?","M","$","E","M","R","T","?","E","M","R","E","R","B",null,"M","?","?","?","M","E","R","M","T","E","M","R","$","M","R"],"character_chosen":"THE_SILENT","items_purchased":["Endless Agony","Ice Cream"],"gold_per_floor":[112,37,37,53,16,46,64,64,64,64,98,115,115,142,142,247,277,296,296,296,296,307,339,339,353,407,434,449,449,57,69,69,69],"floor_reached":33,"campfire_rested":5,"playtime":1209,"current_hp_per_floor":[69,69,69,68,68,47,47,70,70,55,37,34,57,47,70,32,82,80,71,55,55,50,28,54,52,52,45,45,71,71,70,70,0],"items_purged":["Strike_G","Strike_G"],"gold":69,"score":358,"play_id":"e30282e5-64f5-487b-8fec-7128723bdae6","local_time":"20180422044250","is_prod":false,"is_daily":false,"chose_seed":false,"is_ascension_mode":true,"campfire_upgraded":1,"timestamp":1524364970,"path_taken":["M","$","?","M","$","E","M","R","T","?","E","M","R","E","R","BOSS","M","?","?","?","M","E","R","?","T","E","M","R","$","M","R","BOSS"],"build_version":"2018-04-19","seed_source_timestamp":2052474499789462,"purchased_purges":2,"victory":false,"master_deck":["Defend_G","Defend_G","Defend_G","Defend_G","Defend_G+1","Strike_G","Strike_G","Strike_G","Survivor+1","Neutralize","Sucker Punch+1","Regret","Endless Agony","Cloak And Dagger","Endless Agony+1","Sucker Punch","Die Die Die","Deadly Poison","PiercingWail","Backstab","Dagger Throw","Malaise","Dagger Throw","Caltrops+1"],"max_hp_per_floor":[77,77,77,77,77,77,77,77,77,77,77,77,77,77,77,77,82,82,82,87,87,87,87,87,87,87,87,87,87,87,87,87,87],"relics":["Ring of the Snake","Vajra","Du-Vu Doll","Question Card","Bag of Marbles","Lantern","Tiny House","Tough Bandages","Tiny Chest","Blue Candle","Ice Cream"],"card_choices":[{"not_picked":["All Out Attack","Acrobatics"],"picked":"Sucker Punch","floor":1},{"not_picked":["Quick Slash","Bane"],"picked":"Cloak And Dagger","floor":6},{"not_picked":["Caltrops","Slice","Outmaneuver"],"picked":"Endless Agony","floor":11},{"not_picked":["Acrobatics","Setup","Predator"],"picked":"Sucker Punch","floor":12},{"not_picked":["Wraith Form v2","Grand Finale","Bullet Time"],"picked":"Die Die Die","floor":16},{"not_picked":["Bane","Eviscerate","Deflect"],"picked":"Deadly Poison","floor":17},{"not_picked":["Dodge and Roll","Flechettes","All Out Attack"],"picked":"PiercingWail","floor":18},{"not_picked":["Setup","Malaise","Predator"],"picked":"Backstab","floor":22},{"not_picked":["Dodge and Roll","Infinite Blades","Predator"],"picked":"Dagger Throw","floor":23},{"not_picked":["Acrobatics","Finisher","Well Laid Plans"],"picked":"Malaise","floor":25},{"not_picked":["Setup","Distraction","Predator"],"picked":"Dagger Throw","floor":27},{"not_picked":["Backflip","Bullet Time","Deflect"],"picked":"Caltrops","floor":31}],"player_experience":111206,"potions_floor_usage":[16,22,23,27,33],"damage_taken":[{"damage":8,"enemies":"Small Slimes","floor":1,"turns":6},{"damage":1,"enemies":"2 Louse","floor":4,"turns":3},{"damage":21,"enemies":"3 Sentries","floor":6,"turns":11},{"damage":0,"enemies":"Cultist","floor":7,"turns":3},{"damage":18,"enemies":"Lagavulin","floor":11,"turns":6},{"damage":3,"enemies":"Red Slaver","floor":12,"turns":2},{"damage":10,"enemies":"3 Sentries","floor":14,"turns":7},{"damage":38,"enemies":"Hexaghost","floor":16,"turns":11},{"damage":2,"enemies":"Chosen","floor":18,"turns":3},{"damage":5,"enemies":"Spheric Guardian","floor":22,"turns":4},{"damage":22,"enemies":"Book of Stabbing","floor":23,"turns":6},{"damage":2,"enemies":"Snake Plant","floor":25,"turns":4},{"damage":7,"enemies":"Gremlin Leader","floor":27,"turns":7},{"damage":0,"enemies":"Centurion and Healer","floor":28,"turns":4},{"damage":1,"enemies":"Cultist and Chosen","floor":31,"turns":5},{"damage":71,"enemies":"Champ","floor":33,"turns":12}],"event_choices":[{"event_name":"Big Fish","player_choice":"Box","floor":3,"damage_taken":0},{"event_name":"Shining Light","player_choice":"Entered Light","floor":10,"damage_taken":0},{"event_name":"Cursed Tome","player_choice":"Stopped","floor":19,"damage_taken":0},{"event_name":"Forgotten Altar","player_choice":"Shed Blood","floor":20,"damage_taken":0},{"event_name":"Ghosts","player_choice":"Ignored","floor":21,"damage_taken":0}],"boss_relics":[{"not_picked":["Eternal Feather","Runic Dome"],"picked":"Tiny House"}],"potions_floor_spawned":[1,14,22,23],"seed_played":"-5295373891633832944","killed_by":"Champ","ascension_level":2,"is_trial":false}