{"gold_per_floor":[116,41,52,71,71,105,119,139,139,165,165,183,183,194,194,295,295,306,306,306,319,6,31,31,57,57,57,77,77,88,107,107,206,236,247,261,261,261,272,272,297,297,297,309,327,327,338,355,355,355],"floor_reached":50,"playtime":3394,"items_purged":["Normality"],"score":578,"play_id":"57c8f036-b929-4851-a4fb-afbd01e450d9","local_time":"20180703171658","is_ascension_mode":false,"campfire_choices":[{"data":"Dual Wield","floor":11,"key":"SMITH"},{"data":"Armaments","floor":13,"key":"SMITH"},{"floor":15,"key":"REST"},{"data":"Blood for Blood","floor":24,"key":"SMITH"},{"data":"Battle Trance","floor":32,"key":"SMITH"},{"data":"Double Tap","floor":40,"key":"SMITH"},{"floor":42,"key":"REST"},{"floor":46,"key":"REST"},{"floor":49,"key":"REST"}],"neow_cost":"CURSE","seed_source_timestamp":143121973288039,"circlet_count":0,"master_deck":["Strike_R","Strike_R","Strike_R","Strike_R","Defend_R+1","Defend_R","Defend_R","Bash","Cleave","Pommel Strike","Battle Trance+1","Power Through","Armaments+1","Shrug It Off","Dual Wield+1","Infernal Blade","Clothesline","Feed","Headbutt","Pommel Strike","Perfected Strike","Twin Strike","Headbutt","Blood for Blood+1","Ghostly","Ghostly","Ghostly","Ghostly","Blood for Blood","Twin Strike","Shrug It Off+1","Armaments+1","Combust+1","Headbutt","Double Tap+1","Armaments","Perfected Strike","Fiend Fire","Inflame+1","Rage","Inflame+1","Evolve","Perfected Strike+1","Spot Weakness+1"],"relics":["Burning Blood","Lantern","Gremlin Horn","Ornamental Fan","Orrery","Incense Burner","Self Forming Clay","Bronze Scales","Pear","Tiny House","Torii","Smiling Mask","Bottled Flame"],"potions_floor_usage":[6,6,6,10,16,33,37,37,41,50],"damage_taken":[{"damage":9,"enemies":"2 Louse","floor":1,"turns":4},{"damage":1,"enemies":"Cultist","floor":3,"turns":3},{"damage":11,"enemies":"Small Slimes","floor":4,"turns":3},{"damage":29,"enemies":"Lagavulin","floor":6,"turns":7},{"damage":7,"enemies":"Red Slaver","floor":7,"turns":5},{"damage":8,"enemies":"3 Louse","floor":8,"turns":3},{"damage":22,"enemies":"Gremlin Nob","floor":10,"turns":4},{"damage":5,"enemies":"Looter","floor":12,"turns":3},{"damage":4,"enemies":"2 Fungi Beasts","floor":14,"turns":3},{"damage":36,"enemies":"Slime Boss","floor":16,"turns":9},{"damage":32,"enemies":"3 Byrds","floor":18,"turns":8},{"damage":9,"enemies":"Spheric Guardian","floor":21,"turns":2},{"damage":10,"enemies":"Slavers","floor":23,"turns":6},{"damage":14,"enemies":"Book of Stabbing","floor":25,"turns":8},{"damage":1,"enemies":"Centurion and Healer","floor":28,"turns":4},{"damage":5,"enemies":"Snake Plant","floor":30,"turns":4},{"damage":4,"enemies":"Snecko","floor":31,"turns":6},{"damage":53,"enemies":"Champ","floor":33,"turns":13},{"damage":22,"enemies":"3 Shapes","floor":35,"turns":7},{"damage":17,"enemies":"3 Darklings","floor":36,"turns":4},{"damage":5,"floor":37,"turns":9},{"damage":2,"enemies":"Sphere and 2 Shapes","floor":39,"turns":5},{"damage":37,"enemies":"Nemesis","floor":41,"turns":11},{"damage":32,"enemies":"Maw","floor":44,"turns":11},{"damage":39,"enemies":"4 Shapes","floor":45,"turns":5},{"damage":3,"enemies":"3 Darklings","floor":47,"turns":5},{"damage":20,"enemies":"Sphere and 2 Shapes","floor":48,"turns":6},{"damage":68,"enemies":"Time Eater","floor":50,"turns":5}],"seed_played":"-1116383373812827140","potions_obtained":[{"floor":1,"key":"Strength Potion"},{"floor":4,"key":"LiquidBronze"},{"floor":5,"key":"SkillPotion"},{"floor":7,"key":"Strength Potion"},{"floor":10,"key":"Fruit Juice"},{"floor":18,"key":"Strength Potion"},{"floor":21,"key":"Explosive Potion"},{"floor":34,"key":"EssenceOfSteel"},{"floor":35,"key":"Regen Potion"},{"floor":37,"key":"EssenceOfSteel"},{"floor":41,"key":"SteroidPotion"},{"floor":45,"key":"SteroidPotion"},{"floor":47,"key":"Swift Potion"}],"is_trial":false,"path_per_floor":["M","$","M","M","?","E","M","M","T","E","R","M","R","M","R","B",null,"M","?","?","M","$","E","R","E","T","?","M","$","M","M","R","B",null,"M","M","?","?","M","R","E","R","T","M","M","R","M","M","R"],"character_chosen":"IRONCLAD","items_purchased":["Incense Burner"],"campfire_rested":4,"item_purchase_floors":[22],"current_hp_per_floor":[93,93,96,91,91,68,67,65,65,49,49,50,50,52,80,55,101,78,78,52,49,49,48,48,40,50,50,58,58,63,68,68,21,80,64,53,69,69,77,77,46,71,71,45,12,37,40,26,51,0],"gold":355,"neow_bonus":"TWENTY_PERCENT_HP_BONUS","is_prod":false,"is_daily":false,"chose_seed":false,"campfire_upgraded":5,"win_rate":0,"timestamp":1530659818,"path_taken":["M","$","M","M","?","E","M","M","T","E","R","M","R","M","R","BOSS","M","?","?","M","$","E","R","E","T","?","?","$","M","M","R","BOSS","M","?","?","?","M","R","E","R","T","?","M","R","?","M","R","BOSS"],"build_version":"2018-06-28","purchased_purges":1,"victory":false,"max_hp_per_floor":[96,96,96,96,96,96,96,96,96,96,96,96,96,96,96,101,101,104,104,52,52,52,55,55,55,65,65,68,68,72,75,75,75,80,80,80,80,80,84,84,84,84,84,84,84,84,84,84,84,84],"card_choices":[{"not_picked":["Iron Wave","Twin Strike"],"picked":"Cleave","floor":1},{"not_picked":["True Grit","Clothesline"],"picked":"Pommel Strike","floor":3},{"not_picked":["Clash","Bloodletting"],"picked":"Battle Trance","floor":4},{"not_picked":["True Grit","Twin Strike"],"picked":"Power Through","floor":6},{"not_picked":["Bloodletting","Entrench"],"picked":"Armaments","floor":7},{"not_picked":["Fire Breathing","Cleave"],"picked":"Shrug It Off","floor":8},{"not_picked":["Anger","Impervious"],"picked":"Dual Wield","floor":10},{"not_picked":["True Grit","Twin Strike"],"picked":"Infernal Blade","floor":12},{"not_picked":["Sword Boomerang","Cleave"],"picked":"Clothesline","floor":14},{"not_picked":["Bludgeon","Berserk"],"picked":"Feed","floor":16},{"not_picked":["Heavy Blade","Cleave"],"picked":"Headbutt","floor":17},{"not_picked":["Sword Boomerang","Blood for Blood"],"picked":"Pommel Strike","floor":17},{"not_picked":["Warcry","Sword Boomerang"],"picked":"Perfected Strike","floor":17},{"not_picked":["Clash","True Grit"],"picked":"Twin Strike","floor":17},{"not_picked":["Evolve","Metallicize"],"picked":"Headbutt","floor":17},{"not_picked":["Twin Strike+1","Entrench"],"picked":"Blood for Blood","floor":18},{"not_picked":["Clash","Cleave"],"picked":"Blood for Blood","floor":21},{"not_picked":["Seeing Red","Shrug It Off+1"],"picked":"Twin Strike","floor":23},{"not_picked":["Uppercut+1","Offering"],"picked":"Shrug It Off+1","floor":25},{"not_picked":["Shrug It Off","Pommel Strike"],"picked":"Armaments+1","floor":28},{"not_picked":["Infernal Blade","True Grit"],"picked":"Combust+1","floor":30},{"not_picked":["Corruption","Heavy Blade"],"picked":"Headbutt","floor":31},{"not_picked":["Impervious","Limit Break"],"picked":"Double Tap","floor":33},{"not_picked":["Pummel","Heavy Blade"],"picked":"Armaments","floor":34},{"not_picked":["Shrug It Off+1","Sever Soul"],"picked":"Perfected Strike","floor":35},{"not_picked":["Reckless Charge+1","Disarm+1"],"picked":"Fiend Fire","floor":36},{"not_picked":["Iron Wave+1","Twin Strike"],"picked":"Inflame+1","floor":37},{"not_picked":["Seeing Red","Anger"],"picked":"Rage","floor":39},{"not_picked":["Reckless Charge","Infernal Blade"],"picked":"Inflame+1","floor":41},{"not_picked":["Armaments","Rage+1"],"picked":"Evolve","floor":44},{"not_picked":["Sword Boomerang+1","Second Wind+1"],"picked":"Perfected Strike+1","floor":45},{"not_picked":["Perfected Strike","Clothesline+1"],"picked":"Spot Weakness+1","floor":47},{"not_picked":["Reckless Charge","Clash","Whirlwind+1"],"picked":"SKIP","floor":48}],"player_experience":57877,"relics_obtained":[{"floor":6,"key":"Lantern"},{"floor":9,"key":"Gremlin Horn"},{"floor":10,"key":"Ornamental Fan"},{"floor":23,"key":"Self Forming Clay"},{"floor":25,"key":"Bronze Scales"},{"floor":26,"key":"Pear"},{"floor":37,"key":"Torii"},{"floor":41,"key":"Smiling Mask"},{"floor":43,"key":"Bottled Flame"}],"event_choices":[{"event_name":"The Lab","player_choice":"Got Potions","floor":5,"damage_taken":0},{"event_name":"Purifier","player_choice":"One Purge","floor":19,"damage_taken":0},{"event_name":"Ghosts","player_choice":"Became a Ghost","floor":20,"damage_taken":0},{"event_name":"Bonfire Elementals","player_choice":"SPECIAL","floor":27,"damage_taken":0},{"event_name":"MindBloom","player_choice":"Fight","floor":37,"damage_taken":0},{"event_name":"Falling","player_choice":"Removed Attack","floor":38,"damage_taken":0}],"boss_relics":[{"not_picked":["Mark of Pain","Coffee Dripper"],"picked":"Orrery"},{"not_picked":["Velvet Choker","Lizard Tail"],"picked":"Tiny House"}],"items_purged_floors":[2],"is_endless":false,"potions_floor_spawned":[1,4,7,10,18,21,35,37,41,45,47],"killed_by":"Time Eater","ascension_level":0}