{"gold_per_floor":[114,124,124,137,155,155,181,193,229,241,265,295,348,373,385,497,509,532,555,95,95,106,106],"floor_reached":23,"playtime":985,"items_purged":["Defend_B"],"score":215,"play_id":"1b50273b-66d3-4237-8d8a-ee072043ac9d","local_time":"20190409203948","is_ascension_mode":true,"campfire_choices":[{"data":"Zap","floor":6.0,"key":"SMITH"},{"floor":8.0,"key":"REST"},{"floor":15,"key":"REST"}],"neow_cost":"NONE","seed_source_timestamp":0,"circlet_count":0,"master_deck":["Strike_B","Strike_B","Strike_B","Strike_B","Defend_B","Defend_B","Defend_B","Zap+1","Dualcast","Conserve Battery","Cold Snap","Leap","Machine Learning","Streamline+1","BootSequence","Static Discharge","Steam","All For One","Defragment","Cold Snap","Auto Shields","Cold Snap","Hologram"],"special_seed":0,"relics":["Cracked Core","NeowsBlessing","MawBank","Bronze Scales","Orichalcum","Lizard Tail","Unceasing Top"],"potions_floor_usage":[23,23],"damage_taken":[{"damage":0.0,"enemies":"2 Louse","floor":1.0,"turns":1.0},{"damage":0.0,"enemies":"Cultist","floor":2.0,"turns":1.0},{"damage":0.0,"enemies":"Small Slimes","floor":4.0,"turns":1.0},{"damage":23.0,"enemies":"Gremlin Gang","floor":5.0,"turns":5.0},{"damage":8.0,"enemies":"3 Sentries","floor":7.0,"turns":9.0},{"damage":6.0,"enemies":"Red Slaver","floor":11.0,"turns":3.0},{"damage":8.0,"enemies":"Looter","floor":12.0,"turns":3.0},{"damage":17.0,"enemies":"Lagavulin","floor":13.0,"turns":5.0},{"damage":3,"enemies":"Exordium Thugs","floor":14,"turns":4},{"damage":42,"enemies":"Slime Boss","floor":16,"turns":12},{"damage":15,"enemies":"3 Byrds","floor":18,"turns":3},{"damage":1,"enemies":"Shell Parasite","floor":19,"turns":5},{"damage":13,"enemies":"Centurion and Healer","floor":22,"turns":10},{"damage":99,"enemies":"Gremlin Leader","floor":23,"turns":10}],"seed_played":"2480260680490694408","potions_obtained":[{"floor":3.0,"key":"PowerPotion"},{"floor":3.0,"key":"Block Potion"},{"floor":3.0,"key":"Swift Potion"}],"is_trial":false,"path_per_floor":["M","M","?","M","M","R","E","R","T","?","M","M","E","M","R","B",null,"M","M","$","?","M","E"],"character_chosen":"DEFECT","items_purchased":["Unceasing Top","Auto Shields","Cold Snap"],"campfire_rested":2,"item_purchase_floors":[20,20,20],"current_hp_per_floor":[75,75,75,75,52,52,44,66,66,66,60,52,35,32,54,12,75,60,59,59,59,46,0],"gold":106,"neow_bonus":"THREE_ENEMY_KILL","is_prod":false,"is_daily":false,"chose_seed":false,"campfire_upgraded":1,"win_rate":0,"timestamp":1554860388,"path_taken":["M","M","?","?","?","R","E","R","T","?","M","M","E","?","R","BOSS","M","M","$","?","M","E"],"build_version":"2019-01-23","purchased_purges":1,"victory":false,"max_hp_per_floor":[75,75,75,75,75,75,75,75,75,75,75,75,75,75,75,75,75,75,75,75,75,75,75],"card_choices":[{"not_picked":["Doom and Gloom","Lockon"],"picked":"Conserve Battery","floor":1.0},{"not_picked":["Compile Driver","Heatsinks"],"picked":"Cold Snap","floor":2.0},{"not_picked":["BootSequence","Go for the Eyes"],"picked":"Leap","floor":4.0},{"not_picked":["Turbo","Redo"],"picked":"Machine Learning","floor":5.0},{"not_picked":["Rip and Tear","Storm"],"picked":"Streamline","floor":7.0},{"not_picked":["Doom and Gloom","Redo"],"picked":"BootSequence","floor":11.0},{"not_picked":["Stack","Barrage"],"picked":"Static Discharge","floor":12.0},{"not_picked":["Stack","Sweeping Beam","Turbo"],"picked":"SKIP","floor":13},{"not_picked":["Double Energy","Genetic Algorithm"],"picked":"Steam","floor":14},{"not_picked":["Hyperbeam","Core Surge"],"picked":"All For One","floor":16},{"not_picked":["Turbo","Double Energy"],"picked":"Defragment","floor":18},{"not_picked":["Compile Driver","Leap"],"picked":"Cold Snap","floor":19},{"not_picked":["Glacier","Streamline"],"picked":"Hologram","floor":22}],"player_experience":137536,"relics_obtained":[{"floor":7.0,"key":"MawBank"},{"floor":9.0,"key":"Bronze Scales"},{"floor":13,"key":"Orichalcum"}],"event_choices":[{"damage_healed":0.0,"max_hp_gain":0.0,"max_hp_loss":0.0,"gold_gain":0.0,"event_name":"Lab","player_choice":"Got Potions","floor":3.0,"gold_loss":0.0,"damage_taken":0.0},{"damage_healed":0.0,"max_hp_gain":0.0,"max_hp_loss":0.0,"gold_gain":0.0,"event_name":"Accursed Blacksmith","player_choice":"Forge","floor":10.0,"gold_loss":0.0,"damage_taken":0.0,"cards_upgraded":["Streamline"]},{"damage_healed":0,"gold_gain":0,"player_choice":"Ignored","damage_taken":0,"max_hp_gain":0,"max_hp_loss":0,"event_name":"Ghosts","floor":21,"gold_loss":0}],"is_beta":false,"boss_relics":[{"not_picked":["White Beast Statue","Black Star"],"picked":"Lizard Tail"}],"items_purged_floors":[20],"is_endless":false,"potions_floor_spawned":[4,5,11,13,14,16,18,19],"killed_by":"Gremlin Leader","ascension_level":1}