{"path_per_floor":["M","$","?","M","M","M","R","?","T","?","E","R","M","E","R","B",null,"M","?","$","M","?","E","M","R","T"],"character_chosen":"THE_SILENT","items_purchased":["Bronze Scales","Lee\u0027s Waffle","Caltrops"],"gold_per_floor":[212,68,68,78,93,105,105,133,133,133,168,168,187,222,222,318,318,332,382,23,36,36,68,79,79,79],"floor_reached":27,"campfire_rested":3,"playtime":1285,"current_hp_per_floor":[70,70,70,69,69,69,69,52,59,59,39,62,61,39,62,17,77,45,45,84,77,77,16,11,36,36],"items_purged":["Normality"],"gold":79,"score":241,"play_id":"b9aeb96a-fcc6-465e-b819-cc25ec9077a9","is_prod":false,"is_daily":false,"is_ascension_mode":false,"campfire_upgraded":1,"path_taken":["M","$","?","M","M","M","R","?","T","?","E","R","M","E","R","BOSS","M","?","$","?","?","E","?","R","T","?"],"build_version":"2018-02-22-PROD1","purchased_purges":1,"victory":false,"master_deck":["Defend_G","Defend_G","Defend_G","Defend_G","Defend_G","Strike_G","Strike_G","Strike_G","Strike_G","Survivor","Neutralize","Flying Knee","Expertise+1","Sucker Punch","Crippling Poison","Escape Plan","Wraith Form","Leg Sweep","Caltrops","Prepared+1","Leg Sweep"],"max_hp_per_floor":[70,70,70,70,70,70,70,70,77,77,77,77,77,77,77,77,77,77,77,84,84,84,84,84,84,84],"relics":["Ring of the Snake","Bronze Scales","Odd Mushroom","Strawberry","Ornamental Fan","Lantern","Pen Nib","Runic Pyramid","Lee\u0027s Waffle","Dream Catcher","Ninja Scroll"],"card_choices":[{"not_picked":["Prepared","Choke"],"picked":"Flying Knee"},{"not_picked":["Backflip","Setup"],"picked":"Expertise"},{"not_picked":["Deadly Poison","Setup"],"picked":"Sucker Punch"},{"not_picked":["Dodge and Roll","Phantasmal Killer"],"picked":"Crippling Poison"},{"not_picked":["Quick Slash","Backflip"],"picked":"Escape Plan"},{"not_picked":["Grand Finale","Tools of the Trade"],"picked":"Wraith Form"},{"not_picked":["Deflect","Sucker Punch"],"picked":"Leg Sweep"},{"not_picked":["Terror","Finisher"],"picked":"Prepared"},{"not_picked":["All Out Attack","Outmaneuver"],"picked":"Leg Sweep"}],"player_experience":106698,"potions_floor_usage":[8,11,16,23,24],"damage_taken":[{"damage":0,"enemies":"Small Slimes","floor":1,"turns":3},{"damage":1,"enemies":"Cultist","floor":4,"turns":4},{"damage":0,"enemies":"2 Louse","floor":5,"turns":2},{"damage":0,"enemies":"Looter","floor":6,"turns":4},{"damage":17,"enemies":"The Mushroom Lair","floor":8,"turns":4},{"damage":20,"enemies":"Gremlin Nob","floor":11,"turns":5},{"damage":1,"enemies":"Exordium Wildlife","floor":13,"turns":5},{"damage":22,"enemies":"Lagavulin","floor":14,"turns":9},{"damage":45,"enemies":"Slime Boss","floor":16,"turns":14},{"damage":32,"enemies":"Spheric Guardian","floor":18,"turns":8},{"damage":7,"enemies":"Chosen","floor":21,"turns":8},{"damage":61,"enemies":"Gremlin Leader","floor":23,"turns":9},{"damage":5,"enemies":"Slaver and Parasite","floor":24,"turns":7},{"damage":37,"enemies":"Centurion and Healer","floor":27,"turns":15}],"event_choices":[{"event_name":"Bonfire Elementals","player_choice":"BASIC","floor":3,"damage_taken":0},{"event_name":"Mushrooms","player_choice":"Fought Mushrooms","floor":8,"damage_taken":0},{"event_name":"Accursed Blacksmith","player_choice":"Rummage","floor":10,"damage_taken":0},{"event_name":"The Joust","player_choice":"Bet on Murderer","floor":19,"damage_taken":0},{"event_name":"Match and Keep!","player_choice":"0 cards matched","floor":22,"damage_taken":0}],"boss_relics":[{"not_picked":["Sozu","Runic Dome"],"picked":"Runic Pyramid"}],"potions_floor_spawned":[1,5,14,16,23],"seed_played":"5890506478727354986","killed_by":"Centurion and Healer","ascension_level":0,"is_trial":false}