{"gold_per_floor":[115,133,153,153,78,78,114,114,114,114,135,153,184,207,207,331,331,350,91,106,131,221,221,255,274,274,293,314,337,337,55,55,175,175,196,125,144,168,186,211,211,230,311,351,351,351,370,385,385,385],"floor_reached":50,"playtime":46704,"items_purged":["Bash","Battle Trance","Defend_R"],"score":612,"play_id":"8c8678c1-f1cc-4a65-8102-6542f28e2130","local_time":"20190405085449","is_ascension_mode":false,"campfire_choices":[{"data":"Body Slam","floor":6,"key":"SMITH"},{"floor":8,"key":"REST"},{"data":"Battle Trance","floor":10,"key":"SMITH"},{"floor":15,"key":"REST"},{"data":"Armaments","floor":23,"key":"SMITH"},{"floor":30,"key":"REST"},{"floor":32,"key":"REST"},{"data":"Entrench","floor":41,"key":"SMITH"},{"floor":46,"key":"REST"},{"data":"Juggernaut","floor":49,"key":"SMITH"}],"neow_cost":"TEN_PERCENT_HP_LOSS","seed_source_timestamp":6433574811587706,"circlet_count":0,"master_deck":["Defend_R","Defend_R","Shrug It Off","Body Slam+1","Entrench+1","Iron Wave","Battle Trance+1","Armaments","Berserk","Burning Pact+1","Headbutt+1","Battle Trance+1","Body Slam","Shrug It Off","Armaments+1","Armaments+1","Juggernaut+1","Body Slam+1","Iron Wave+1","Brutality","Rage","Metallicize","Seeing Red","Body Slam+1","Combust","Body Slam+1","Rampage+1"],"relics":["Burning Blood","Golden Idol","Mercury Hourglass","Ancient Tea Set","Shuriken","Astrolabe","Boot","Molten Egg 2","Bronze Scales","Runic Cube","Bottled Tornado","Darkstone Periapt"],"potions_floor_usage":[16,16,16,33,33,48,50],"damage_taken":[{"damage":0,"enemies":"Jaw Worm","floor":1,"turns":5},{"damage":0,"enemies":"Cultist","floor":2,"turns":4},{"damage":1,"enemies":"2 Louse","floor":3,"turns":3},{"damage":46,"enemies":"3 Sentries","floor":7,"turns":13},{"damage":0,"enemies":"Looter","floor":11,"turns":2},{"damage":0,"enemies":"Large Slime","floor":12,"turns":6},{"damage":23,"enemies":"Gremlin Nob","floor":13,"turns":5},{"damage":0,"enemies":"Exordium Wildlife","floor":14,"turns":3},{"damage":36,"enemies":"Hexaghost","floor":16,"turns":13},{"damage":27,"enemies":"2 Thieves","floor":18,"turns":4},{"damage":5,"enemies":"3 Byrds","floor":20,"turns":4},{"damage":1,"enemies":"Cultist and Chosen","floor":21,"turns":4},{"damage":0,"enemies":"Book of Stabbing","floor":24,"turns":4},{"damage":6,"enemies":"Chosen and Byrds","floor":25,"turns":3},{"damage":0,"enemies":"3 Cultists","floor":27,"turns":4},{"damage":17,"enemies":"Snecko","floor":28,"turns":4},{"damage":32,"enemies":"Centurion and Healer","floor":29,"turns":4},{"damage":51,"enemies":"Champ","floor":33,"turns":9},{"damage":6,"enemies":"Orb Walker","floor":35,"turns":3},{"damage":10,"enemies":"3 Shapes","floor":37,"turns":4},{"damage":8,"enemies":"Transient","floor":38,"turns":5},{"damage":13,"enemies":"Jaw Worm Horde","floor":39,"turns":4},{"damage":38,"enemies":"Sphere and 2 Shapes","floor":40,"turns":4},{"damage":11,"enemies":"3 Darklings","floor":42,"turns":4},{"damage":4,"enemies":"Giant Head","floor":44,"turns":5},{"damage":11,"enemies":"4 Shapes","floor":47,"turns":4},{"damage":16,"enemies":"Maw","floor":48,"turns":5},{"damage":46,"enemies":"Awakened One","floor":50,"turns":2}],"seed_played":"6764560263611024157","potions_obtained":[{"floor":1,"key":"SkillPotion"},{"floor":11,"key":"SneckoOil"},{"floor":13,"key":"Strength Potion"},{"floor":14,"key":"Fire Potion"},{"floor":20,"key":"LiquidBronze"},{"floor":21,"key":"SteroidPotion"},{"floor":33,"key":"Strength Potion"},{"floor":35,"key":"Dexterity Potion"},{"floor":39,"key":"SpeedPotion"},{"floor":40,"key":"PowerPotion"},{"floor":48,"key":"FearPotion"}],"is_trial":false,"path_per_floor":["M","M","M","?","$","R","E","R","T","R","M","M","E","M","R","B",null,"M","$","M","M","?","R","E","M","T","M","M","M","R","$","R","B",null,"M","$","M","M","M","M","R","M","T","E","?","R","M","M","R","B"],"character_chosen":"IRONCLAD","items_purchased":["SpeedPotion","Shrug It Off","Armaments","Bronze Scales","Metallicize"],"campfire_rested":5,"item_purchase_floors":[19,19,19,31,36],"current_hp_per_floor":[72,72,72,54,54,54,14,35,35,35,41,47,30,36,57,27,72,51,51,52,57,43,43,49,49,49,55,44,18,39,39,60,15,72,72,72,68,66,59,27,27,22,22,24,24,45,40,30,30,0],"gold":385,"neow_bonus":"TRANSFORM_TWO_CARDS","is_prod":false,"is_daily":false,"chose_seed":false,"campfire_upgraded":5,"win_rate":0.0,"timestamp":1554468889,"path_taken":["M","M","M","?","$","R","E","R","T","R","M","M","E","M","R","BOSS","M","$","M","M","?","R","E","M","T","M","M","M","R","$","R","BOSS","M","$","M","M","?","M","R","M","T","E","?","R","M","M","R","BOSS"],"build_version":"2019-01-23","purchased_purges":3,"victory":false,"max_hp_per_floor":[72,72,72,72,72,72,72,72,72,72,72,72,72,72,72,72,72,72,72,72,72,72,72,72,72,72,72,72,72,72,72,72,72,72,72,72,72,72,72,72,72,72,72,72,72,72,72,72,72,72],"card_choices":[{"not_picked":["Fire Breathing","Perfected Strike"],"picked":"Entrench","floor":1},{"not_picked":["Clothesline","Anger","Pommel Strike"],"picked":"SKIP","floor":2},{"not_picked":["Combust","Flex"],"picked":"Iron Wave","floor":3},{"not_picked":["Uppercut","Perfected Strike"],"picked":"Battle Trance","floor":7},{"not_picked":["Headbutt","Sever Soul","Offering"],"picked":"SKIP","floor":11},{"not_picked":["True Grit","Fire Breathing"],"picked":"Battle Trance","floor":12},{"not_picked":["Whirlwind","Thunderclap","Anger"],"picked":"SKIP","floor":13},{"not_picked":["Reckless Charge","True Grit"],"picked":"Armaments","floor":14},{"not_picked":["Dark Embrace","Brutality"],"picked":"Berserk","floor":16},{"not_picked":["Armaments","Flex"],"picked":"Body Slam","floor":18},{"not_picked":["Body Slam","Inflame"],"picked":"Armaments+1","floor":20},{"not_picked":["Thunderclap","Warcry","Anger"],"picked":"SKIP","floor":21},{"not_picked":["Pommel Strike","True Grit"],"picked":"Juggernaut","floor":24},{"not_picked":["Thunderclap","Uppercut","Twin Strike"],"picked":"SKIP","floor":25},{"not_picked":["Feel No Pain","Hemokinesis+1"],"picked":"Body Slam+1","floor":27},{"not_picked":["Disarm","Cleave+1"],"picked":"Iron Wave+1","floor":28},{"not_picked":["Feel No Pain","Sword Boomerang+1","Pommel Strike+1"],"picked":"SKIP","floor":29},{"not_picked":["Reaper+1","Fiend Fire+1"],"picked":"Brutality","floor":33},{"not_picked":["Dual Wield","Clash+1"],"picked":"Rage","floor":35},{"not_picked":["Anger+1","Sever Soul+1"],"picked":"Seeing Red","floor":37},{"not_picked":["Fire Breathing","Shrug It Off+1"],"picked":"Body Slam+1","floor":38},{"not_picked":["Blood for Blood+1","Disarm"],"picked":"Combust","floor":39},{"not_picked":["Clothesline+1","Headbutt+1","Twin Strike+1"],"picked":"SKIP","floor":40},{"not_picked":["Armaments","Perfected Strike+1"],"picked":"Body Slam+1","floor":42},{"not_picked":["Anger+1","Thunderclap+1"],"picked":"Rampage+1","floor":44},{"not_picked":["Anger+1","Fiend Fire+1","Shockwave"],"picked":"SKIP","floor":47},{"not_picked":["Dropkick+1","Anger+1","Clothesline+1"],"picked":"SKIP","floor":48}],"player_experience":44790,"relics_obtained":[{"floor":7,"key":"Mercury Hourglass"},{"floor":9,"key":"Ancient Tea Set"},{"floor":13,"key":"Shuriken"},{"floor":24,"key":"Boot"},{"floor":26,"key":"Molten Egg 2"},{"floor":43,"key":"Bottled Tornado"},{"floor":44,"key":"Darkstone Periapt"}],"event_choices":[{"damage_healed":0,"gold_gain":0,"player_choice":"Take Damage","damage_taken":18,"relics_obtained":["Golden Idol"],"max_hp_gain":0,"max_hp_loss":0,"event_name":"Golden Idol","floor":4,"gold_loss":0},{"damage_healed":0,"gold_gain":90,"player_choice":"GOLD ","damage_taken":14,"max_hp_gain":0,"max_hp_loss":0,"event_name":"Knowing Skull","floor":22,"potions_obtained":[],"gold_loss":0,"cards_obtained":[]},{"cards_removed":["Defend_R"],"damage_healed":0,"gold_gain":0,"player_choice":"Removed Skill","damage_taken":0,"max_hp_gain":0,"max_hp_loss":0,"event_name":"Falling","floor":45,"gold_loss":0}],"is_beta":false,"boss_relics":[{"not_picked":["Lizard Tail","Black Blood"],"picked":"Astrolabe"},{"not_picked":["Velvet Choker","Eternal Feather"],"picked":"Runic Cube"}],"items_purged_floors":[5,19,31],"is_endless":false,"potions_floor_spawned":[1,11,13,14,20,21,24,27,33,35,39,40,48],"killed_by":"Awakened One","ascension_level":0}