{"gold_per_floor":[109,121,41,52,52,80,93,93,120,134,152,152,152,187,187,292,292,310,710,360,34,48,48,79,0,0,11,25,55,55,88,88,188,188,201,213,66,66,66,66,96,96,143,171,171,198,214,260,260,260],"floor_reached":51,"playtime":3202,"items_purged":["Strike_B","Strike_B+1"],"score":915,"play_id":"f1a7a564-d9a4-4025-a347-cd1306f87fd5","local_time":"20181017150152","is_ascension_mode":true,"campfire_choices":[{"data":"Storm","floor":8,"key":"SMITH"},{"floor":13,"key":"REST"},{"floor":15,"key":"REST"},{"data":"Machine Learning","floor":23,"key":"SMITH"},{"floor":30,"key":"REST"},{"floor":32,"key":"REST"},{"floor":40,"key":"DIG"},{"data":"Storm","floor":42,"key":"SMITH"},{"data":"Reboot","floor":45,"key":"SMITH"},{"data":"Seek","floor":49,"key":"SMITH"}],"neow_cost":"NONE","seed_source_timestamp":426519960507840,"circlet_count":0,"master_deck":["Strike_B+1","Strike_B+1","Defend_B","Defend_B","Defend_B","Defend_B","Zap+1","Dualcast","Capacitor","Coolheaded","Defragment","Storm+1","Self Repair","Biased Cognition","Redo","Leap","Heatsinks","Storm+1","Machine Learning","Cold Snap","Coolheaded+1","Defragment","Self Repair","Machine Learning+1","FTL+1","Turbo","Steam Power","Storm","Capacitor","Barrage","Electrodynamics","Doubt","Decay","Writhe","Self Repair","Capacitor","Reboot+1","Force Field+1","Seek+1","Barrage","Glacier+1","Double Energy+1"],"relics":["Cracked Core","Whetstone","Regal Pillow","Dream Catcher","Lizard Tail","Old Coin","Gremlin Horn","TheAbacus","PreservedInsect","Bag of Preparation","Bottled Tornado","Thread and Needle","Darkstone Periapt","Calling Bell","Shovel","Mummified Hand","Boot","Vajra","Potion Belt","Anchor","Ornamental Fan","Pen Nib","Prayer Wheel"],"potions_floor_usage":[14,19,19,24,28,29,31],"damage_taken":[{"damage":6,"enemies":"Jaw Worm","floor":1,"turns":4},{"damage":1,"enemies":"Small Slimes","floor":2,"turns":5},{"damage":0,"enemies":"Cultist","floor":4,"turns":4},{"damage":18,"enemies":"Gremlin Nob","floor":6,"turns":4},{"damage":11,"enemies":"3 Louse","floor":7,"turns":3},{"damage":13,"enemies":"Lots of Slimes","floor":10,"turns":3},{"damage":10,"enemies":"Looter","floor":11,"turns":2},{"damage":18,"enemies":"Lagavulin","floor":14,"turns":4},{"damage":11,"enemies":"The Guardian","floor":16,"turns":8},{"damage":18,"enemies":"Shell Parasite","floor":18,"turns":3},{"damage":30,"enemies":"Colosseum Slavers","floor":19,"turns":4},{"damage":45,"enemies":"Colosseum Nobs","floor":19,"turns":4},{"damage":1,"enemies":"Chosen","floor":22,"turns":3},{"damage":22,"enemies":"Gremlin Leader","floor":24,"turns":3},{"damage":25,"enemies":"Shelled Parasite and Fungi","floor":27,"turns":4},{"damage":13,"enemies":"Centurion and Healer","floor":28,"turns":4},{"damage":27,"enemies":"Slavers","floor":29,"turns":3},{"damage":24,"enemies":"Book of Stabbing","floor":31,"turns":3},{"damage":49,"enemies":"Automaton","floor":33,"turns":7},{"damage":14,"enemies":"3 Darklings","floor":35,"turns":3},{"damage":5,"enemies":"3 Shapes","floor":36,"turns":2},{"damage":41,"enemies":"Nemesis","floor":41,"turns":3},{"damage":15,"enemies":"2 Orb Walkers","floor":44,"turns":3},{"damage":0,"enemies":"Giant Head","floor":46,"turns":3},{"damage":0,"enemies":"3 Darklings","floor":47,"turns":1},{"damage":0,"enemies":"Mysterious Sphere","floor":48,"turns":2},{"damage":20,"enemies":"Time Eater","floor":50,"turns":4}],"seed_played":"-3434480984606640184","potions_obtained":[{"floor":4,"key":"Block Potion"},{"floor":7,"key":"GamblersBrew"},{"floor":10,"key":"Ancient Potion"},{"floor":11,"key":"Block Potion"},{"floor":12,"key":"Swift Potion"},{"floor":16,"key":"Strength Potion"},{"floor":19,"key":"Block Potion"},{"floor":24,"key":"GamblersBrew"},{"floor":27,"key":"AttackPotion"},{"floor":29,"key":"Swift Potion"},{"floor":35,"key":"Regen Potion"},{"floor":36,"key":"SteroidPotion"},{"floor":44,"key":"SteroidPotion"}],"is_trial":false,"path_per_floor":["M","M","$","M","?","E","M","R","T","M","M","?","R","E","R","B",null,"M","?","$","$","M","R","E","?","T","M","M","E","R","E","R","B",null,"M","M","$","?","$","R","E","R","T","E","R","E","M","?","R","B"],"character_chosen":"DEFECT","items_purchased":["Storm","Defragment","TheAbacus","Self Repair","PreservedInsect","Reboot"],"campfire_rested":4,"item_purchase_floors":[3,20,20,21,21,37],"current_hp_per_floor":[69,68,68,68,53,42,38,38,38,32,29,29,66,55,75,71,75,64,44,44,44,50,50,42,42,42,31,32,5,42,25,62,27,93,93,93,93,93,93,93,59,59,59,58,58,72,72,79,79,66],"gold":260,"neow_bonus":"THREE_CARDS","is_prod":false,"is_daily":false,"chose_seed":false,"campfire_upgraded":5,"win_rate":0,"timestamp":1539806512,"path_taken":["M","M","$","M","?","E","M","R","T","?","M","?","R","E","R","BOSS","M","?","?","$","?","R","E","?","T","M","M","E","R","E","R","BOSS","M","M","$","?","?","R","E","R","T","E","R","E","M","?","R","BOSS"],"build_version":"2018-10-11","purchased_purges":2,"victory":true,"max_hp_per_floor":[75,75,75,75,75,75,75,75,75,75,75,75,75,75,75,75,75,75,75,75,75,75,75,75,75,75,75,75,75,75,75,75,75,93,93,93,93,93,93,93,93,93,93,93,93,93,93,93,93,93],"card_choices":[{"not_picked":["Blizzard","Compile Driver"],"picked":"Capacitor","floor":0},{"not_picked":["Conserve Battery","Barrage"],"picked":"Coolheaded","floor":1},{"not_picked":["Go for the Eyes","Recycle"],"picked":"Defragment","floor":2},{"not_picked":["Redo","White Noise"],"picked":"Self Repair","floor":4},{"not_picked":["Auto Shields","Recycle"],"picked":"Biased Cognition","floor":6},{"not_picked":["Rebound","Doom and Gloom"],"picked":"Redo","floor":7},{"not_picked":["Redo","Compile Driver"],"picked":"Hologram","floor":10},{"not_picked":["Redo","Blizzard"],"picked":"Leap","floor":11},{"not_picked":["Echo Form","Darkness"],"picked":"Heatsinks","floor":14},{"not_picked":["Gash","Lockon"],"picked":"Storm","floor":15},{"not_picked":["Meteor Strike","Buffer"],"picked":"Machine Learning","floor":16},{"not_picked":["Stack+1","Scrape+1"],"picked":"Cold Snap","floor":18},{"not_picked":["Go for the Eyes+1","Ball Lightning"],"picked":"Coolheaded+1","floor":19},{"not_picked":["Hologram+1","Stack"],"picked":"Machine Learning","floor":22},{"not_picked":["Beam Cell+1","Streamline"],"picked":"FTL+1","floor":24},{"not_picked":["Conserve Battery","Undo"],"picked":"Turbo","floor":27},{"not_picked":["Barrage","Streamline+1"],"picked":"Steam Power","floor":28},{"not_picked":["Ball Lightning","Fusion","Tempest"],"picked":"SKIP","floor":29},{"not_picked":["Gash","Biased Cognition"],"picked":"Storm","floor":30},{"not_picked":["Redo","FTL"],"picked":"Capacitor","floor":31},{"not_picked":["Reinforced Body","Beam Cell"],"picked":"Barrage","floor":32},{"not_picked":["Fission","Meteor Strike"],"picked":"Electrodynamics","floor":33},{"not_picked":["Hologram+1","Cold Snap"],"picked":"Self Repair","floor":35},{"not_picked":["Reinforced Body+1","Chill+1"],"picked":"Capacitor","floor":36},{"not_picked":["Heatsinks","Recycle+1"],"picked":"Force Field+1","floor":41},{"not_picked":["Coolheaded","Stack+1"],"picked":"Seek","floor":44},{"not_picked":["Compile Driver","Meteor Strike"],"picked":"Barrage","floor":46},{"not_picked":["Gash","Hologram+1"],"picked":"Glacier+1","floor":47},{"not_picked":["Streamline","Blizzard+1"],"picked":"Double Energy+1","floor":48}],"player_experience":103361,"relics_obtained":[{"floor":6,"key":"Whetstone"},{"floor":9,"key":"Regal Pillow"},{"floor":14,"key":"Dream Catcher"},{"floor":19,"key":"Old Coin"},{"floor":19,"key":"Gremlin Horn"},{"floor":24,"key":"Bag of Preparation"},{"floor":26,"key":"Bottled Tornado"},{"floor":29,"key":"Thread and Needle"},{"floor":31,"key":"Darkstone Periapt"},{"floor":34,"key":"Shovel"},{"floor":34,"key":"Mummified Hand"},{"floor":34,"key":"Boot"},{"floor":40,"key":"Vajra"},{"floor":41,"key":"Potion Belt"},{"floor":43,"key":"Anchor"},{"floor":44,"key":"Ornamental Fan"},{"floor":46,"key":"Pen Nib"},{"floor":48,"key":"Prayer Wheel"}],"event_choices":[{"event_name":"Shining Light","player_choice":"Entered Light","floor":5,"damage_taken":0},{"event_name":"The Lab","player_choice":"Got Potions","floor":12,"damage_taken":0},{"event_name":"Colosseum","player_choice":"Fight","floor":19,"damage_taken":0},{"event_name":"Colosseum","player_choice":"Fought Nobs","floor":19,"damage_taken":0},{"event_name":"Masked Bandits","player_choice":"Paid Fearfully","floor":25,"damage_taken":0},{"event_name":"Falling","player_choice":"Removed Skill","floor":38,"damage_taken":0},{"event_name":"Mysterious Sphere","player_choice":"Fight","floor":48,"damage_taken":0}],"is_beta":false,"boss_relics":[{"not_picked":["Snecko Eye","Philosopher\u0027s Stone"],"picked":"Lizard Tail"},{"not_picked":["Eternal Feather","Sozu"],"picked":"Calling Bell"}],"items_purged_floors":[20,21],"is_endless":false,"potions_floor_spawned":[4,7,10,11,16,19,24,27,29,35,36,44],"ascension_level":1}