{"path_per_floor":["M","M","?","M","M","E","R","E","T","M","E","?","R","M","R","B",null,"M","?","T","$","M","R","E","R","T","?","M"],"character_chosen":"DEFECT","items_purchased":["Kunai"],"gold_per_floor":[116,131,131,151,164,196,196,228,228,246,281,281,281,293,293,394,394,410,410,457,125,142,142,173,173,173,88,107,107],"floor_reached":29,"campfire_rested":5,"playtime":865,"current_hp_per_floor":[74,67,52,48,29,32,54,40,40,21,9,9,31,27,49,13,75,55,55,55,55,47,69,34,56,56,56,43,0],"items_purged":["Strike_B"],"gold":107,"score":302,"play_id":"8f15b2c4-7a59-4573-a6ad-ad9e0c28ee99","local_time":"20180518042601","is_prod":false,"is_daily":false,"chose_seed":false,"is_ascension_mode":true,"campfire_upgraded":0,"timestamp":1526610361,"campfire_choices":[{"floor":7,"key":"REST"},{"floor":13,"key":"REST"},{"floor":15,"key":"REST"},{"floor":23,"key":"REST"},{"floor":25,"key":"REST"}],"path_taken":["M","?","?","M","?","E","R","E","T","M","E","?","R","?","R","BOSS","M","?","?","?","?","R","E","R","T","?","M","E"],"build_version":"2018-05-17","seed_source_timestamp":1101363859921587,"purchased_purges":1,"victory":false,"master_deck":["Strike_B","Strike_B","Defend_B+1","Defend_B","Defend_B","Defend_B+1","Zap+1","Dualcast+1","Tempest","Beam Cell","Defragment","Defragment","Defragment","Capacitor","Ball Lightning","Fission","Ball Lightning","White Noise","Barrage+1"],"max_hp_per_floor":[75,75,75,75,75,75,75,75,75,75,75,75,75,75,75,75,75,75,75,75,75,75,75,75,75,75,75,75,75],"relics":["Cracked Core","Bronze Scales","Centennial Puzzle","Toolbox","Matryoshka","Shuriken","Nuclear Battery","War Paint","Orichalcum","Kunai","Ornamental Fan","Dream Catcher","Cables","Frozen Egg 2"],"card_choices":[{"not_picked":["Skim","Capacitor","Stack"],"picked":"SKIP","floor":1},{"not_picked":["Go for the Eyes","Hologram"],"picked":"Tempest","floor":2},{"not_picked":["Hologram","Turbo","Heatsinks"],"picked":"SKIP","floor":4},{"not_picked":["Steam","Hologram"],"picked":"Beam Cell","floor":5},{"not_picked":["Go for the Eyes","Rebound"],"picked":"Defragment","floor":6},{"not_picked":["Beam Cell","Fission"],"picked":"Defragment","floor":8},{"not_picked":["Barrage","Ball Lightning"],"picked":"Defragment","floor":10},{"not_picked":["Fission","Recycle"],"picked":"Capacitor","floor":11},{"not_picked":["Heatsinks","Chaos"],"picked":"Ball Lightning","floor":14},{"not_picked":["Multi-Cast","Machine Learning"],"picked":"Fission","floor":16},{"not_picked":["Cold Snap","Rebound"],"picked":"Ball Lightning","floor":18},{"not_picked":["Consume","Turbo"],"picked":"White Noise","floor":22},{"not_picked":["Genetic Algorithm","Cold Snap+1"],"picked":"Barrage+1","floor":24},{"not_picked":["Seek","Fusion","Leap"],"picked":"SKIP","floor":28}],"player_experience":70561,"potions_floor_usage":[6,6,16,18,24,29],"damage_taken":[{"damage":1,"enemies":"Cultist","floor":1,"turns":4},{"damage":7,"enemies":"Jaw Worm","floor":2,"turns":3},{"damage":4,"enemies":"Small Slimes","floor":4,"turns":2},{"damage":19,"enemies":"Exordium Thugs","floor":5,"turns":4},{"damage":6,"enemies":"Gremlin Nob","floor":6,"turns":3},{"damage":14,"enemies":"3 Sentries","floor":8,"turns":5},{"damage":19,"enemies":"Lots of Slimes","floor":10,"turns":3},{"damage":12,"enemies":"Gremlin Nob","floor":11,"turns":3},{"damage":4,"enemies":"2 Fungi Beasts","floor":14,"turns":3},{"damage":36,"enemies":"The Guardian","floor":16,"turns":7},{"damage":20,"enemies":"2 Thieves","floor":18,"turns":3},{"damage":8,"enemies":"Shell Parasite","floor":22,"turns":3},{"damage":35,"enemies":"Book of Stabbing","floor":24,"turns":4},{"damage":13,"enemies":"Snecko","floor":28,"turns":5},{"damage":51,"enemies":"Slavers","floor":29,"turns":4}],"relics_obtained":[{"floor":6,"key":"Centennial Puzzle"},{"floor":8,"key":"Toolbox"},{"floor":9,"key":"Matryoshka"},{"floor":11,"key":"Shuriken"},{"floor":20,"key":"War Paint"},{"floor":20,"key":"Orichalcum"},{"floor":24,"key":"Ornamental Fan"},{"floor":26,"key":"Dream Catcher"},{"floor":26,"key":"Cables"}],"event_choices":[{"event_name":"Shining Light","player_choice":"Entered Light","floor":3,"damage_taken":0},{"event_name":"Bonfire Elementals","player_choice":"BASIC","floor":12,"damage_taken":0},{"event_name":"Vampires","player_choice":"Ignored","floor":19,"damage_taken":0},{"event_name":"Addict","player_choice":"Obtained Relic","floor":27,"damage_taken":0}],"boss_relics":[{"not_picked":["Orrery","Lizard Tail"],"picked":"Nuclear Battery"}],"potions_floor_spawned":[2,4,11,14,16,18,28],"seed_played":"336890014469190120","killed_by":"Slavers","ascension_level":3,"potions_obtained":[{"floor":2,"key":"Regen Potion"},{"floor":4,"key":"Weak Potion"},{"floor":11,"key":"PowerPotion"},{"floor":14,"key":"Fire Potion"},{"floor":16,"key":"Swift Potion"},{"floor":18,"key":"FairyPotion"},{"floor":28,"key":"Weak Potion"}],"is_trial":false}