{"gold_per_floor":[115,38,50,67,67,67,82,82,150,150,160,192,192,217,217,318,318,338,338,356,371,32,64,64,64,119,119,119,119,119,151,151,252,252,263,53,70,70,80,80,94,128,128,128,0,25,36,66,66,66],"floor_reached":50,"playtime":36864,"items_purged":["Strike_B"],"score":836,"play_id":"ffae3a27-6359-46ce-8dfb-3b2140762872","local_time":"20190328231113","is_ascension_mode":true,"campfire_choices":[{"data":"Sunder","floor":6.0,"key":"SMITH"},{"data":"Sunder","floor":8.0,"key":"SMITH"},{"data":"Conserve Battery","floor":10.0,"key":"SMITH"},{"data":"Glacier","floor":13.0,"key":"SMITH"},{"data":"Dualcast","floor":15.0,"key":"SMITH"},{"floor":24.0,"key":"REST"},{"data":"Skim","floor":27.0,"key":"SMITH"},{"data":"Ghostly","floor":30.0,"key":"SMITH"},{"data":"Glacier","floor":32.0,"key":"SMITH"},{"data":"Ghostly","floor":40.0,"key":"SMITH"},{"floor":44.0,"key":"REST"},{"data":"Ghostly","floor":49,"key":"SMITH"}],"neow_cost":"NONE","seed_source_timestamp":0,"circlet_count":0,"master_deck":["Strike_B+1","Strike_B+1","Defend_B+1","Defend_B+1","Defend_B+1","Defend_B+1","Dualcast+1","Sunder+1","Sunder+1","Glacier+1","Conserve Battery+1","Glacier+1","Core Surge","Echo Form","Leap+1","Reboot","Skim+1","Ghostly+1","Ghostly+1","Ghostly","Ghostly","Ghostly+1","Hyperbeam","Hyperbeam","Self Repair","Go for the Eyes+1","FTL+1","Hologram+1","Core Surge"],"special_seed":0,"relics":["Philosopher\u0027s Stone","Emotion Chip","Bottled Flame","Pen Nib","Calipers","Nuclear Battery","Toolbox","Boot","Vajra","Matryoshka","Empty Cage","Prayer Wheel","Question Card","Letter Opener","Red Mask","Strawberry","Dodecahedron"],"potions_floor_usage":[],"damage_taken":[{"damage":2.0,"enemies":"Cultist","floor":1.0,"turns":4.0},{"damage":0.0,"enemies":"2 Louse","floor":3.0,"turns":1.0},{"damage":4.0,"enemies":"Small Slimes","floor":4.0,"turns":3.0},{"damage":0.0,"enemies":"Looter","floor":7.0,"turns":3.0},{"damage":0.0,"enemies":"Large Slime","floor":11.0,"turns":5.0},{"damage":9.0,"enemies":"Lagavulin","floor":12.0,"turns":8.0},{"damage":5.0,"enemies":"Gremlin Nob","floor":14.0,"turns":3.0},{"damage":44.0,"enemies":"Hexaghost","floor":16.0,"turns":11.0},{"damage":26.0,"enemies":"3 Byrds","floor":18.0,"turns":4.0},{"damage":8.0,"enemies":"Shell Parasite","floor":20.0,"turns":3.0},{"damage":4.0,"enemies":"Chosen and Byrds","floor":21.0,"turns":5.0},{"damage":29.0,"enemies":"Book of Stabbing","floor":23.0,"turns":7.0},{"damage":0.0,"enemies":"Slavers","floor":31.0,"turns":7.0},{"damage":1.0,"enemies":"Champ","floor":33.0,"turns":11.0},{"damage":0.0,"enemies":"3 Darklings","floor":35.0,"turns":3.0},{"damage":1.0,"enemies":"3 Shapes","floor":37.0,"turns":3.0},{"damage":0.0,"enemies":"Transient","floor":39.0,"turns":5.0},{"damage":0.0,"enemies":"Spire Growth","floor":41.0,"turns":6.0},{"damage":17.0,"enemies":"Giant Head","floor":42.0,"turns":10.0},{"damage":1.0,"enemies":"Reptomancer","floor":46.0,"turns":4.0},{"damage":0.0,"enemies":"Writhing Mass","floor":47.0,"turns":5.0},{"damage":6,"enemies":"Giant Head","floor":48,"turns":10},{"damage":54,"enemies":"Time Eater","floor":50,"turns":11}],"seed_played":"-5991670170086760091","potions_obtained":[{"floor":1.0,"key":"Energy Potion"},{"floor":11.0,"key":"Energy Potion"},{"floor":12.0,"key":"SkillPotion"},{"floor":14.0,"key":"Dexterity Potion"},{"floor":16.0,"key":"Strength Potion"},{"floor":21.0,"key":"Explosive Potion"},{"floor":23.0,"key":"Dexterity Potion"},{"floor":33.0,"key":"Weak Potion"},{"floor":35.0,"key":"Swift Potion"},{"floor":48,"key":"Explosive Potion"}],"is_trial":false,"path_per_floor":["M","$","M","M","T","R","M","R","T","R","M","E","R","E","R","B",null,"M","?","M","M","$","E","R","$","T","R","?","?","R","E","R","B",null,"M","$","M","$","M","R","M","E","T","R","?","E","M","E","R","B"],"character_chosen":"DEFECT","items_purchased":["Sunder","Toolbox","Reboot","Hyperbeam","SkillPotion"],"campfire_rested":2,"item_purchase_floors":[2,22,22,36,36],"current_hp_per_floor":[66,66,66,62,62,62,62,62,62,62,62,53,53,48,48,4,57,31,75,67,63,63,34,56,56,56,56,37,37,37,37,37,36,37,37,37,36,36,36,36,37,27,27,37,37,44,44,44,44,0],"gold":66,"neow_bonus":"BOSS_RELIC","is_prod":false,"is_daily":false,"chose_seed":false,"campfire_upgraded":10,"win_rate":0,"timestamp":1553832673,"path_taken":["M","$","M","M","?","R","M","R","T","R","M","E","R","E","R","BOSS","M","?","M","?","$","E","R","?","T","R","?","?","R","E","R","BOSS","M","$","M","$","M","R","M","E","T","R","?","E","M","E","R","BOSS"],"build_version":"2019-01-23","purchased_purges":1,"victory":false,"max_hp_per_floor":[75,75,75,75,75,75,75,75,75,75,75,75,75,75,75,75,75,75,75,75,75,75,75,75,75,75,75,37,37,37,37,37,37,37,37,37,37,37,37,37,37,37,37,37,37,44,44,44,44,44],"card_choices":[{"not_picked":["Sweeping Beam","Compile Driver"],"picked":"Sunder","floor":1.0},{"not_picked":["Hologram","Loop"],"picked":"Glacier","floor":3.0},{"not_picked":["Sunder","Go for the Eyes"],"picked":"Conserve Battery","floor":4.0},{"not_picked":["Scrape","Go for the Eyes"],"picked":"Glacier","floor":7.0},{"not_picked":["Reprogram","FTL"],"picked":"Core Surge","floor":11.0},{"not_picked":["Ball Lightning","Double Energy","Sweeping Beam"],"picked":"SKIP","floor":12.0},{"not_picked":["Scrape","Blizzard","Rebound"],"picked":"SKIP","floor":14.0},{"not_picked":["Creative AI","Machine Learning"],"picked":"Echo Form","floor":16.0},{"not_picked":["Barrage","Streamline"],"picked":"Leap+1","floor":18.0},{"not_picked":["Double Energy+1","Turbo","Stack"],"picked":"SKIP","floor":20.0},{"not_picked":["Ball Lightning","Turbo","Static Discharge"],"picked":"SKIP","floor":21.0},{"not_picked":["Sweeping Beam","Undo"],"picked":"Skim","floor":23.0},{"not_picked":["Double Energy","Rainbow","Sunder"],"picked":"SKIP","floor":31.0},{"not_picked":["Amplify","Rainbow"],"picked":"Hyperbeam","floor":33.0},{"not_picked":["Steam","Ball Lightning","Redo+1"],"picked":"SKIP","floor":35.0},{"not_picked":["Glacier+1","Cold Snap+1","Turbo+1"],"picked":"SKIP","floor":37.0},{"not_picked":["Chaos+1","Steam"],"picked":"Self Repair","floor":39.0},{"not_picked":["Compile Driver","Ball Lightning"],"picked":"Go for the Eyes+1","floor":41.0},{"not_picked":["Stack+1","Chaos+1","Cold Snap"],"picked":"SKIP","floor":42.0},{"not_picked":["Hologram","Rebound","Skim"],"picked":"FTL+1","floor":46.0},{"not_picked":["Barrage","Heatsinks","Consume+1"],"picked":"Hologram+1","floor":47.0},{"not_picked":["Force Field+1","Blizzard+1","Glacier+1","Tempest"],"picked":"SKIP","floor":47.0},{"not_picked":["Capacitor+1","Melter","Hello World"],"picked":"Core Surge","floor":48}],"player_experience":147402,"relics_obtained":[{"floor":5.0,"key":"Emotion Chip"},{"floor":9.0,"key":"Bottled Flame"},{"floor":12.0,"key":"Pen Nib"},{"floor":14.0,"key":"Calipers"},{"floor":23.0,"key":"Boot"},{"floor":26.0,"key":"Vajra"},{"floor":31.0,"key":"Matryoshka"},{"floor":42.0,"key":"Prayer Wheel"},{"floor":43.0,"key":"Question Card"},{"floor":43.0,"key":"Letter Opener"},{"floor":46.0,"key":"Strawberry"},{"floor":48,"key":"Dodecahedron"}],"event_choices":[{"damage_healed":44.0,"max_hp_gain":0.0,"max_hp_loss":0.0,"gold_gain":0.0,"event_name":"Wheel of Change","player_choice":"Full Heal","floor":19.0,"gold_loss":0.0,"damage_taken":0.0},{"damage_healed":0.0,"max_hp_gain":0.0,"max_hp_loss":38.0,"gold_gain":0.0,"event_name":"Ghosts","player_choice":"Became a Ghost","floor":28.0,"gold_loss":0.0,"damage_taken":0.0,"cards_obtained":["Ghostly","Ghostly","Ghostly","Ghostly","Ghostly"]},{"damage_healed":0.0,"max_hp_gain":0.0,"max_hp_loss":0.0,"gold_gain":0.0,"event_name":"Back to Basics","player_choice":"Simplicity","floor":29.0,"gold_loss":0.0,"damage_taken":0.0,"cards_upgraded":["Strike_B","Strike_B","Strike_B","Defend_B","Defend_B","Defend_B","Defend_B"]},{"damage_healed":0.0,"max_hp_gain":0.0,"max_hp_loss":0.0,"gold_gain":0.0,"event_name":"Tomb of Lord Red Mask","player_choice":"Paid","floor":45.0,"gold_loss":128.0,"damage_taken":0.0,"relics_obtained":["Red Mask"]}],"is_beta":false,"boss_relics":[{"not_picked":["Runic Dome","Snecko Eye"],"picked":"Nuclear Battery"},{"not_picked":["Runic Pyramid","Calling Bell"],"picked":"Empty Cage"}],"items_purged_floors":[22],"is_endless":false,"potions_floor_spawned":[1,11,12,14,16,21,23,33,35,39,48],"killed_by":"Time Eater","ascension_level":7}