{"gold_per_floor":[110,110,120,136,33,33,33,68,116,142,152,162,175,42,42,114,114,114,114,1,1,1,1,1,1,1,1,1,1,1,1,1,1,1,1,1,1,1],"floor_reached":38,"playtime":2615,"items_purged":["Regret"],"score":912,"play_id":"a2d24c53-da93-45b0-9927-1dc2f1b6974a","local_time":"20190325213519","is_ascension_mode":true,"campfire_choices":[{"data":"Loop","floor":6,"key":"SMITH"},{"floor":15,"key":"REST"},{"floor":23,"key":"REST"},{"floor":28,"key":"REST"},{"floor":32,"key":"REST"}],"neow_cost":"NONE","seed_source_timestamp":431388437441500,"circlet_count":0,"master_deck":["AscendersBane","Strike_B","Strike_B","Defend_B","Defend_B","Defend_B","Defend_B","Zap","Dualcast","Coolheaded","Chill","Reinforced Body","Cold Snap","Loop+1","Buffer","Chill","Blizzard","Barrage","Compile Driver","Gash","Capacitor","Machine Learning","Cold Snap","Go for the Eyes","Compile Driver","Go for the Eyes","Streamline","Beam Cell","Rebound+1","Ball Lightning","White Noise","Core Surge","White Noise","White Noise","Go for the Eyes","Coolheaded","Buffer","Coolheaded","Parasite"],"relics":["Velvet Choker","FaceOfCleric","Dream Catcher","Ornamental Fan","Happy Flower","PreservedInsect","Ectoplasm","Kunai","Meat on the Bone","Busted Crown"],"potions_floor_usage":[8,8,12,16,27,31,33,37],"damage_taken":[{"damage":1,"enemies":"Cultist","floor":1,"turns":3},{"damage":2,"enemies":"Small Slimes","floor":3,"turns":5},{"damage":0,"enemies":"Jaw Worm","floor":4,"turns":5},{"damage":11,"enemies":"3 Sentries","floor":8,"turns":17},{"damage":29,"enemies":"Lagavulin","floor":10,"turns":8},{"damage":6,"enemies":"Exordium Wildlife","floor":11,"turns":4},{"damage":0,"enemies":"Lots of Slimes","floor":12,"turns":3},{"damage":9,"enemies":"2 Fungi Beasts","floor":13,"turns":3},{"damage":28,"enemies":"Slime Boss","floor":16,"turns":16},{"damage":5,"enemies":"Shell Parasite","floor":18,"turns":6},{"damage":2,"enemies":"Spheric Guardian","floor":19,"turns":7},{"damage":0,"enemies":"Centurion and Healer","floor":24,"turns":6},{"damage":21,"enemies":"Shelled Parasite and Fungi","floor":25,"turns":6},{"damage":10,"enemies":"Sentry and Sphere","floor":27,"turns":6},{"damage":12,"enemies":"3 Cultists","floor":30,"turns":6},{"damage":13,"enemies":"Centurion and Healer","floor":31,"turns":7},{"damage":0,"enemies":"Collector","floor":33,"turns":12},{"damage":45,"enemies":"3 Darklings","floor":35,"turns":8},{"damage":0,"enemies":"Orb Walker","floor":36,"turns":6},{"damage":36,"enemies":"Writhing Mass","floor":37,"turns":7},{"damage":42,"enemies":"Maw","floor":38,"turns":10}],"seed_played":"3853751079396600478","potions_obtained":[{"floor":1,"key":"EssenceOfSteel"},{"floor":4,"key":"AttackPotion"},{"floor":10,"key":"EssenceOfSteel"},{"floor":13,"key":"Fire Potion"},{"floor":18,"key":"Strength Potion"},{"floor":24,"key":"Regen Potion"},{"floor":25,"key":"Swift Potion"},{"floor":31,"key":"Fire Potion"},{"floor":36,"key":"AttackPotion"}],"is_trial":false,"path_per_floor":["M","?","M","M","$","R","?","E","T","E","M","M","M","$","R","B",null,"M","M","$","?","T","R","M","M","T","M","R","$","M","M","R","B",null,"M","M","M","M"],"character_chosen":"DEFECT","items_purchased":["Cold Snap","Loop","Gash","Compile Driver","Go for the Eyes"],"campfire_rested":4,"item_purchase_floors":[5,5,14,20,20],"current_hp_per_floor":[63,63,62,63,63,63,63,53,53,25,20,21,13,13,36,9,62,58,57,57,57,57,81,82,62,62,53,78,78,67,70,86,87,87,55,56,33,0],"gold":1,"neow_bonus":"BOSS_RELIC","is_prod":false,"is_daily":false,"chose_seed":false,"campfire_upgraded":1,"win_rate":0,"timestamp":1553567719,"path_taken":["M","?","?","M","$","R","?","E","T","E","M","M","M","?","R","BOSS","M","M","$","?","?","R","M","M","T","M","R","$","?","M","R","BOSS","M","?","M","M"],"build_version":"2019-01-23","purchased_purges":1,"victory":false,"max_hp_per_floor":[71,71,72,73,73,73,73,74,74,75,76,77,78,78,78,79,79,80,81,81,81,81,81,82,83,83,84,84,84,85,86,86,87,87,88,89,90,90],"card_choices":[{"not_picked":["Beam Cell","Hologram"],"picked":"Coolheaded","floor":1},{"not_picked":["Stack","Go for the Eyes"],"picked":"Chill","floor":3},{"not_picked":["Go for the Eyes","Turbo"],"picked":"Reinforced Body","floor":4},{"not_picked":["Conserve Battery","Turbo"],"picked":"Buffer","floor":8},{"not_picked":["Hello World","Steam"],"picked":"Chill","floor":10},{"not_picked":["Storm","Hello World"],"picked":"Blizzard","floor":11},{"not_picked":["Stack","Turbo"],"picked":"Barrage","floor":12},{"not_picked":["Redo","Aggregate"],"picked":"Compile Driver","floor":13},{"not_picked":["Tempest","Sweeping Beam"],"picked":"Capacitor","floor":15},{"not_picked":["Core Surge","Amplify"],"picked":"Machine Learning","floor":16},{"not_picked":["Conserve Battery","Stack"],"picked":"Cold Snap","floor":18},{"not_picked":["Sunder","Stack"],"picked":"Go for the Eyes","floor":19},{"not_picked":["Gash","Steam"],"picked":"Rebound+1","floor":23},{"not_picked":["Turbo","Beam Cell"],"picked":"Ball Lightning","floor":24},{"not_picked":["Go for the Eyes","Streamline+1"],"picked":"White Noise","floor":25},{"not_picked":["Ball Lightning","Beam Cell"],"picked":"Core Surge","floor":27},{"not_picked":["Go for the Eyes","Undo+1"],"picked":"White Noise","floor":28},{"not_picked":["Scrape","Undo"],"picked":"White Noise","floor":30},{"not_picked":["Recycle","Genetic Algorithm"],"picked":"Go for the Eyes","floor":31},{"not_picked":["Redo","Gash"],"picked":"Coolheaded","floor":32},{"not_picked":["Creative AI","All For One"],"picked":"Buffer","floor":33},{"not_picked":["Stack"],"picked":"SKIP","floor":35},{"not_picked":[],"picked":"Coolheaded","floor":36},{"not_picked":["Beam Cell"],"picked":"SKIP","floor":37}],"player_experience":837747,"relics_obtained":[{"floor":8,"key":"Ornamental Fan"},{"floor":9,"key":"Happy Flower"},{"floor":10,"key":"PreservedInsect"},{"floor":22,"key":"Kunai"},{"floor":26,"key":"Meat on the Bone"}],"event_choices":[{"damage_healed":0,"gold_gain":0,"player_choice":"Trade","damage_taken":0,"relics_obtained":["FaceOfCleric"],"max_hp_gain":0,"max_hp_loss":0,"event_name":"FaceTrader","floor":2,"gold_loss":0},{"damage_healed":0,"gold_gain":0,"player_choice":"Box","damage_taken":0,"relics_obtained":["Dream Catcher"],"max_hp_gain":0,"max_hp_loss":0,"event_name":"Big Fish","floor":7,"gold_loss":0,"cards_obtained":["Regret"]},{"damage_healed":0,"gold_gain":0,"cards_transformed":["Strike_B","Strike_B"],"player_choice":"Became Test Subject","damage_taken":0,"max_hp_gain":0,"max_hp_loss":0,"event_name":"Drug Dealer","floor":21,"gold_loss":0,"cards_obtained":["Streamline","Beam Cell"]}],"is_beta":false,"boss_relics":[{"not_picked":["Sozu","Philosopher\u0027s Stone"],"picked":"Ectoplasm"},{"not_picked":["Empty Cage","Calling Bell"],"picked":"Busted Crown"}],"items_purged_floors":[14],"is_endless":false,"potions_floor_spawned":[1,4,10,13,18,24,25,31,36],"killed_by":"Maw","ascension_level":19}