{"gold_per_floor":[17,35,49,60,60,60,92,107,107,125,125,75,75,104,116,228,240,267,296,308,320],"floor_reached":21,"playtime":779,"items_purged":[],"score":183,"play_id":"da9e0f98-7ea1-4110-9bc6-c8a1a02bfd97","local_time":"20181124194957","is_ascension_mode":false,"campfire_choices":[{"data":"Secret Technique","floor":6,"key":"SMITH"},{"floor":15,"key":"REST"}],"neow_cost":"NO_GOLD","seed_source_timestamp":675255450962607,"circlet_count":0,"master_deck":["Strike_R","Strike_R","Strike_R","Strike_R","Strike_R","Defend_R","Defend_R","Defend_R","Secret Technique+1","Trip","Cleave","Blood for Blood","Battle Trance","Clash","Twin Strike","Iron Wave","Perfected Strike","Evolve+1","Fire Breathing+1","Demon Form+1","Pommel Strike+1","Flex"],"relics":["Burning Blood","Frozen Egg 2","Molten Egg 2","MawBank","Runic Pyramid","Regal Pillow"],"potions_floor_usage":[21],"damage_taken":[{"damage":0,"enemies":"Cultist","floor":1,"turns":4},{"damage":2,"enemies":"2 Louse","floor":2,"turns":3},{"damage":1,"enemies":"Small Slimes","floor":3,"turns":4},{"damage":7,"enemies":"Looter","floor":4,"turns":4},{"damage":28,"enemies":"Gremlin Nob","floor":7,"turns":4},{"damage":7,"enemies":"Blue Slaver","floor":8,"turns":3},{"damage":30,"enemies":"Gremlin Gang","floor":10,"turns":4},{"damage":0,"enemies":"2 Fungi Beasts","floor":14,"turns":2},{"damage":38,"enemies":"Slime Boss","floor":16,"turns":7},{"damage":30,"enemies":"2 Thieves","floor":18,"turns":3},{"damage":27,"enemies":"3 Byrds","floor":19,"turns":4},{"damage":54,"enemies":"Shelled Parasite and Fungi","floor":21,"turns":5}],"seed_played":"-7240147189912503972","potions_obtained":[{"floor":2,"key":"Swift Potion"},{"floor":7,"key":"FairyPotion"},{"floor":10,"key":"Ancient Potion"}],"is_trial":false,"path_per_floor":["M","M","M","M","?","R","E","M","T","M","?","?","T","M","R","B",null,"M","M","?","M"],"character_chosen":"IRONCLAD","items_purchased":[],"campfire_rested":1,"item_purchase_floors":[],"current_hp_per_floor":[80,80,80,79,79,79,57,56,56,32,32,32,32,38,62,30,80,56,35,35,0],"gold":320,"neow_bonus":"RANDOM_COLORLESS_2","is_prod":false,"is_daily":false,"chose_seed":false,"campfire_upgraded":1,"win_rate":0.0,"timestamp":1543110597,"path_taken":["M","?","M","M","?","R","E","M","T","M","?","?","?","M","R","BOSS","M","M","?","M"],"build_version":"2018-11-15","purchased_purges":0,"victory":false,"max_hp_per_floor":[80,80,80,80,80,80,80,80,80,80,80,80,80,80,80,80,80,80,80,80,80],"card_choices":[{"not_picked":["True Grit","Headbutt"],"picked":"Cleave","floor":1},{"not_picked":["Havoc","Wild Strike"],"picked":"Blood for Blood","floor":2},{"not_picked":["Searing Blow","Power Through"],"picked":"Battle Trance","floor":3},{"not_picked":["Iron Wave","Headbutt"],"picked":"Clash","floor":4},{"not_picked":["Dual Wield","Battle Trance"],"picked":"Iron Wave","floor":7},{"not_picked":["Wild Strike","Disarm"],"picked":"Perfected Strike","floor":8},{"not_picked":["Warcry","Clash+1"],"picked":"Evolve+1","floor":10},{"not_picked":["Warcry","Bloodletting"],"picked":"Fire Breathing+1","floor":14},{"not_picked":["Brutality+1","Exhume"],"picked":"Demon Form+1","floor":16},{"not_picked":["Shockwave","Warcry"],"picked":"Pommel Strike+1","floor":18},{"not_picked":["Corruption+1","Bloodletting"],"picked":"Flex","floor":19}],"player_experience":31496,"relics_obtained":[{"floor":7,"key":"Frozen Egg 2"},{"floor":9,"key":"Molten Egg 2"},{"floor":13,"key":"MawBank"}],"event_choices":[{"damage_healed":0,"gold_gain":0,"cards_transformed":["Bash"],"player_choice":"Change","damage_taken":0,"max_hp_gain":0,"max_hp_loss":0,"event_name":"Living Wall","floor":5,"gold_loss":0,"cards_obtained":["Twin Strike"]},{"damage_healed":0,"gold_gain":0,"player_choice":"Ignored","damage_taken":0,"max_hp_gain":0,"max_hp_loss":0,"event_name":"Liars Game","floor":11,"gold_loss":0},{"cards_removed":["Defend_R"],"damage_healed":0,"gold_gain":0,"player_choice":"Card Removal","damage_taken":0,"max_hp_gain":0,"max_hp_loss":0,"event_name":"The Cleric","floor":12,"gold_loss":50},{"damage_healed":0,"gold_gain":0,"player_choice":"Opened","damage_taken":0,"relics_obtained":["Regal Pillow"],"max_hp_gain":0,"max_hp_loss":0,"event_name":"The Mausoleum","floor":20,"gold_loss":0}],"is_beta":false,"boss_relics":[{"not_picked":["Philosopher\u0027s Stone","Fusion Hammer"],"picked":"Runic Pyramid"}],"items_purged_floors":[],"is_endless":false,"potions_floor_spawned":[2,7,10,18],"killed_by":"Shelled Parasite and Fungi","ascension_level":0}