{"gold_per_floor":[17,36,47,66,66,66,98,98,98,115,140,162,175,175,175,279,279,289,289,204,303,291,291,308,308,359,374,399,399,418,434,434,529,529,546,386,386,486,498,511,75,92,92,107,107,133,144,156,156,156],"floor_reached":50,"playtime":3388,"items_purged":["Strike_R","Strike_R"],"score":508,"play_id":"6e0958af-0664-4cc7-9cbb-b7e88cc93874","local_time":"20190410000057","is_ascension_mode":false,"campfire_choices":[{"data":"Warcry","floor":6,"key":"SMITH"},{"floor":8,"key":"REST"},{"floor":15,"key":"REST"},{"data":"Barricade","floor":23,"key":"SMITH"},{"floor":25,"key":"RECALL"},{"floor":29,"key":"REST"},{"floor":32,"key":"REST"},{"floor":45,"key":"REST"},{"floor":49,"key":"REST"}],"neow_cost":"NO_GOLD","seed_source_timestamp":1244185327604256,"circlet_count":0,"master_deck":["Strike_R","Strike_R","Strike_R","Defend_R","Defend_R","Defend_R","Defend_R","Bash","Immolate","Thunderclap","Twin Strike","Warcry+1","Flame Barrier","Cleave","Spot Weakness","Shrug It Off","Headbutt","Barricade+1","Armaments","Iron Wave","Shockwave","Sword Boomerang+1","Shrug It Off","Whirlwind","Juggernaut","Perfected Strike","Dual Wield","Wild Strike","Iron Wave+1","Fire Breathing+1","Rage+1","Blind","Pummel","Reckless Charge+1"],"relics":["Burning Blood","Boot","Dodecahedron","Matryoshka","Unceasing Top","Odd Mushroom","Eternal Feather","Nilry\u0027s Codex","Self Forming Clay","PreservedInsect","Lantern","Shovel","Sozu","Magic Flower","Kunai","Blue Candle","Meat on the Bone"],"potions_floor_usage":[11,16,28,28,33,33],"damage_taken":[{"damage":6,"enemies":"Jaw Worm","floor":1,"turns":2},{"damage":0,"enemies":"Small Slimes","floor":2,"turns":2},{"damage":0,"enemies":"2 Louse","floor":3,"turns":1},{"damage":18,"enemies":"Exordium Wildlife","floor":4,"turns":3},{"damage":54,"enemies":"Lagavulin","floor":7,"turns":7},{"damage":10,"enemies":"Looter","floor":10,"turns":3},{"damage":4,"enemies":"3 Sentries","floor":11,"turns":2},{"damage":18,"enemies":"The Mushroom Lair","floor":12,"turns":2},{"damage":5,"enemies":"Exordium Thugs","floor":13,"turns":4},{"damage":28,"enemies":"Slime Boss","floor":16,"turns":10},{"damage":0,"enemies":"3 Byrds","floor":18,"turns":2},{"damage":4,"enemies":"2 Thieves","floor":22,"turns":4},{"damage":26,"enemies":"Centurion and Healer","floor":24,"turns":9},{"damage":48,"enemies":"3 Cultists","floor":27,"turns":6},{"damage":18,"enemies":"Slavers","floor":28,"turns":4},{"damage":12,"enemies":"Shelled Parasite and Fungi","floor":30,"turns":7},{"damage":39,"enemies":"Centurion and Healer","floor":31,"turns":9},{"damage":43,"enemies":"Champ","floor":33,"turns":19},{"damage":4,"enemies":"Orb Walker","floor":35,"turns":5},{"damage":13,"enemies":"Mind Bloom Boss Battle","floor":38,"turns":6},{"damage":12,"enemies":"3 Shapes","floor":39,"turns":5},{"damage":43,"enemies":"Spire Growth","floor":40,"turns":8},{"damage":12,"enemies":"Transient","floor":42,"turns":5},{"damage":4,"enemies":"3 Darklings","floor":44,"turns":3},{"damage":57,"enemies":"Giant Head","floor":46,"turns":10},{"damage":26,"enemies":"Maw","floor":47,"turns":9},{"damage":23,"enemies":"Sphere and 2 Shapes","floor":48,"turns":4},{"damage":80,"enemies":"Awakened One","floor":50,"turns":7}],"seed_played":"-6739617319889228760","potions_obtained":[{"floor":2,"key":"SpeedPotion"},{"floor":10,"key":"SteroidPotion"},{"floor":11,"key":"SpeedPotion"},{"floor":16,"key":"Dexterity Potion"},{"floor":18,"key":"Block Potion"},{"floor":30,"key":"EssenceOfSteel"}],"is_trial":false,"path_per_floor":["M","M","M","M","?","R","E","R","T","M","E","?","M","?","R","B",null,"M","?","?","?","M","R","M","R","T","M","E","R","M","M","R","B",null,"M","$","?","?","M","M","$","M","T","M","R","E","M","M","R","B"],"character_chosen":"IRONCLAD","items_purchased":["Dual Wield","Wild Strike","Kunai","Blind"],"campfire_rested":6,"item_purchase_floors":[36,36,41,41],"current_hp_per_floor":[80,80,80,68,65,65,17,41,41,37,39,27,28,28,52,30,80,80,64,64,64,66,78,58,70,70,28,16,52,46,13,52,15,80,80,80,80,73,70,36,36,33,33,38,80,32,33,37,79,0],"gold":156,"neow_bonus":"THREE_RARE_CARDS","is_prod":false,"is_daily":false,"chose_seed":false,"campfire_upgraded":2,"win_rate":0,"timestamp":1554876057,"path_taken":["M","M","M","M","?","R","E","R","T","M","E","?","M","?","R","BOSS","M","?","?","?","?","R","M","R","T","M","E","R","M","M","R","BOSS","M","$","?","?","M","M","$","M","T","M","R","E","M","M","R","BOSS"],"build_version":"2019-01-23","purchased_purges":2,"victory":false,"max_hp_per_floor":[80,80,80,80,80,80,80,80,80,80,80,80,80,80,80,80,80,80,80,80,80,80,80,80,80,80,80,80,80,80,80,80,80,80,80,80,80,80,80,80,80,80,80,80,80,80,80,80,80,80],"card_choices":[{"not_picked":["Brutality","Barricade"],"picked":"Immolate","floor":0},{"not_picked":["Heavy Blade","Perfected Strike","Sentinel"],"picked":"SKIP","floor":1},{"not_picked":["Metallicize","Twin Strike"],"picked":"Thunderclap","floor":2},{"not_picked":["Bloodletting","Wild Strike"],"picked":"Twin Strike","floor":3},{"not_picked":["Reaper","Searing Blow"],"picked":"Warcry","floor":4},{"not_picked":["Thunderclap","Pommel Strike"],"picked":"Flame Barrier","floor":7},{"not_picked":["Warcry","Sentinel"],"picked":"Cleave","floor":10},{"not_picked":["Hemokinesis","Uppercut"],"picked":"Spot Weakness","floor":11},{"not_picked":["Thunderclap","Berserk"],"picked":"Shrug It Off","floor":12},{"not_picked":["True Grit","Pummel"],"picked":"Headbutt","floor":13},{"not_picked":["Offering","Brutality"],"picked":"Barricade","floor":16},{"not_picked":["Twin Strike","Inflame"],"picked":"Armaments","floor":18},{"not_picked":["Clash","Hemokinesis"],"picked":"Iron Wave","floor":22},{"not_picked":["Searing Blow+1","Bloodletting"],"picked":"Shockwave","floor":24},{"not_picked":["Warcry","Pommel Strike","Blood for Blood"],"picked":"SKIP","floor":27},{"not_picked":["Power Through","Second Wind"],"picked":"Sword Boomerang+1","floor":28},{"not_picked":["Reckless Charge","Havoc"],"picked":"Shrug It Off","floor":30},{"not_picked":["Impervious","Iron Wave+1"],"picked":"Whirlwind","floor":31},{"not_picked":["Limit Break","Brutality"],"picked":"Juggernaut","floor":33},{"not_picked":["Wild Strike","Whirlwind+1"],"picked":"Perfected Strike","floor":35},{"not_picked":["Blood for Blood+1","Combust"],"picked":"Iron Wave+1","floor":38},{"not_picked":["Perfected Strike","Thunderclap"],"picked":"Fire Breathing+1","floor":39},{"not_picked":["Shrug It Off","Bloodletting"],"picked":"Rage+1","floor":40},{"not_picked":["Twin Strike","Cleave+1"],"picked":"Pummel","floor":42},{"not_picked":["Flex","Iron Wave","Heavy Blade"],"picked":"SKIP","floor":44},{"not_picked":["Metallicize","Double Tap","Armaments"],"picked":"SKIP","floor":46},{"not_picked":["Warcry","Flex"],"picked":"Reckless Charge+1","floor":47},{"not_picked":["Thunderclap","Havoc","Whirlwind+1"],"picked":"SKIP","floor":48}],"player_experience":215507,"relics_obtained":[{"floor":7,"key":"Dodecahedron"},{"floor":9,"key":"Matryoshka"},{"floor":11,"key":"Unceasing Top"},{"floor":12,"key":"Odd Mushroom"},{"floor":19,"key":"Nilry\u0027s Codex"},{"floor":26,"key":"PreservedInsect"},{"floor":26,"key":"Lantern"},{"floor":28,"key":"Shovel"},{"floor":38,"key":"Magic Flower"},{"floor":43,"key":"Blue Candle"},{"floor":46,"key":"Meat on the Bone"}],"event_choices":[{"damage_healed":0,"gold_gain":0,"player_choice":"Success","damage_taken":3,"relics_obtained":["Boot"],"max_hp_gain":0,"max_hp_loss":0,"event_name":"Scrap Ooze","floor":5,"gold_loss":0},{"damage_healed":0,"gold_gain":0,"player_choice":"Fought Mushrooms","damage_taken":0,"max_hp_gain":0,"max_hp_loss":0,"event_name":"Mushrooms","floor":12,"gold_loss":0},{"damage_healed":0,"gold_gain":0,"player_choice":"Ignored","damage_taken":0,"max_hp_gain":0,"max_hp_loss":0,"event_name":"Liars Game","floor":14,"gold_loss":0},{"damage_healed":0,"gold_gain":0,"player_choice":"Obtained Book","damage_taken":16,"max_hp_gain":0,"max_hp_loss":0,"event_name":"Cursed Tome","floor":19,"gold_loss":0},{"damage_healed":0,"gold_gain":0,"player_choice":"Obtained Relic","damage_taken":0,"relics_obtained":["Self Forming Clay"],"max_hp_gain":0,"max_hp_loss":0,"event_name":"Addict","floor":20,"gold_loss":85},{"damage_healed":0,"gold_gain":99,"player_choice":"Stole From Cult","damage_taken":0,"max_hp_gain":0,"max_hp_loss":0,"event_name":"Nest","floor":21,"gold_loss":0},{"damage_healed":0,"gold_gain":0,"player_choice":"Ignored","damage_taken":0,"max_hp_gain":0,"max_hp_loss":0,"event_name":"Tomb of Lord Red Mask","floor":37,"gold_loss":0},{"damage_healed":0,"gold_gain":0,"player_choice":"Fight","damage_taken":0,"max_hp_gain":0,"max_hp_loss":0,"event_name":"MindBloom","floor":38,"gold_loss":0}],"is_beta":false,"boss_relics":[{"not_picked":["Fusion Hammer","Philosopher\u0027s Stone"],"picked":"Eternal Feather"},{"not_picked":["Empty Cage","Cursed Key"],"picked":"Sozu"}],"items_purged_floors":[36,41],"is_endless":false,"potions_floor_spawned":[2,10,11,16,18,27,30,39,40,46,48],"killed_by":"Awakened One","ascension_level":0}