{"gold_per_floor":[109,109,135,135,149,179,198,198,198,373,384,52,52,52,52,148,148,165,178,178,190,201,201],"floor_reached":23,"playtime":8028,"items_purged":["Regret"],"score":258,"play_id":"57b1110c-d457-47e0-936e-fab45c268585","local_time":"20190206002430","is_ascension_mode":true,"campfire_choices":[{"floor":8.0,"key":"REST"},{"floor":13.0,"key":"REST"},{"floor":15.0,"key":"REST"}],"neow_cost":"NONE","seed_source_timestamp":0,"circlet_count":0,"master_deck":["Strike_B","Strike_B","Defend_B","Defend_B","Defend_B","Zap","Dualcast","Chaos+1","Scrape","Stack","Chill","Rebound","Go for the Eyes","Cold Snap","Cold Snap","Loop","Static Discharge+1","Reinforced Body+1","Force Field+1","Conserve Battery","Coolheaded","Beam Cell","Static Discharge"],"special_seed":0,"relics":["Cracked Core","Dream Catcher","Boot","Bag of Preparation","Bottled Flame","Astrolabe"],"potions_floor_usage":[],"damage_taken":[{"damage":3.0,"enemies":"Jaw Worm","floor":1.0,"turns":4.0},{"damage":2.0,"enemies":"2 Louse","floor":5.0,"turns":2.0},{"damage":32.0,"enemies":"3 Sentries","floor":6.0,"turns":8.0},{"damage":8.0,"enemies":"Small Slimes","floor":7.0,"turns":3.0},{"damage":28.0,"enemies":"Gremlin Gang","floor":11.0,"turns":3.0},{"damage":12.0,"enemies":"Slime Boss","floor":16.0,"turns":9.0},{"damage":22.0,"enemies":"2 Thieves","floor":18.0,"turns":3.0},{"damage":4.0,"enemies":"Chosen","floor":19.0,"turns":7.0},{"damage":71.0,"enemies":"3 Cultists","floor":21.0,"turns":8.0},{"damage":13.0,"enemies":"Chosen and Byrds","floor":22.0,"turns":8.0},{"damage":8,"enemies":"Slavers","floor":23,"turns":1}],"seed_played":"-246200015646770761","potions_obtained":[{"floor":1.0,"key":"AttackPotion"},{"floor":7.0,"key":"Explosive Potion"},{"floor":11.0,"key":"EssenceOfSteel"},{"floor":18.0,"key":"Swift Potion"}],"is_trial":false,"path_per_floor":["M","?","T","?","M","E","M","R","T","?","M","$","R","?","R","B",null,"M","M","?","M","M","E"],"character_chosen":"DEFECT","items_purchased":["Bottled Flame"],"campfire_rested":3,"item_purchase_floors":[12],"current_hp_per_floor":[65,65,65,65,63,31,23,45,45,45,17,17,39,39,61,49,69,47,43,85,14,1,0],"gold":201,"neow_bonus":"THREE_CARDS","is_prod":false,"is_daily":false,"chose_seed":false,"campfire_upgraded":0,"win_rate":0,"timestamp":1549409070,"path_taken":["M","?","?","?","M","E","M","R","T","?","M","$","R","?","R","BOSS","M","?","?","M","?","E"],"build_version":"2019-01-23","purchased_purges":1,"victory":false,"max_hp_per_floor":[75,75,75,75,75,75,75,75,75,75,75,75,75,75,75,75,75,75,75,85,85,85,85],"card_choices":[{"not_picked":["Doom and Gloom","Beam Cell"],"picked":"Chaos","floor":0.0},{"not_picked":["Double Energy","Beam Cell"],"picked":"Scrape","floor":1.0},{"not_picked":["Beam Cell","Go for the Eyes"],"picked":"Stack","floor":5.0},{"not_picked":["Conserve Battery","Darkness"],"picked":"Chill","floor":6.0},{"not_picked":["Hologram","Force Field"],"picked":"Rebound","floor":7.0},{"not_picked":["Amplify","Static Discharge"],"picked":"Go for the Eyes","floor":8.0},{"not_picked":["Streamline","Sunder"],"picked":"Cold Snap","floor":11.0},{"not_picked":["Rebound","Force Field"],"picked":"Cold Snap","floor":13.0},{"not_picked":["Leap","Stack"],"picked":"Loop","floor":15.0},{"not_picked":["Biased Cognition","Fission"],"picked":"Rainbow","floor":16.0},{"not_picked":["Storm","Turbo"],"picked":"Conserve Battery","floor":18.0},{"not_picked":["Sweeping Beam","Hologram+1"],"picked":"Coolheaded","floor":19.0},{"not_picked":["Lockon","Steam"],"picked":"Beam Cell","floor":21.0},{"not_picked":["Genetic Algorithm","Compile Driver"],"picked":"Static Discharge","floor":22.0}],"player_experience":205917,"relics_obtained":[{"floor":3.0,"key":"Dream Catcher"},{"floor":6.0,"key":"Bag of Preparation"}],"event_choices":[{"damage_healed":0.0,"max_hp_gain":0.0,"max_hp_loss":0.0,"gold_gain":0.0,"event_name":"Living Wall","player_choice":"Grow","floor":2.0,"gold_loss":0.0,"damage_taken":0.0,"cards_upgraded":["Chaos"]},{"damage_healed":0.0,"max_hp_gain":0.0,"max_hp_loss":0.0,"gold_gain":0.0,"event_name":"Big Fish","player_choice":"Box","floor":4.0,"gold_loss":0.0,"damage_taken":0.0,"relics_obtained":["Boot"],"cards_obtained":["Regret"]},{"damage_healed":0.0,"max_hp_gain":0.0,"max_hp_loss":0.0,"gold_gain":175.0,"event_name":"Liars Game","player_choice":"AGREE","floor":10.0,"gold_loss":0.0,"damage_taken":0.0,"cards_obtained":["Doubt"]},{"cards_removed":["Doubt"],"damage_healed":0.0,"max_hp_gain":0.0,"max_hp_loss":0.0,"gold_gain":0.0,"event_name":"Fountain of Cleansing","player_choice":"Removed Curses","floor":14.0,"gold_loss":0.0,"damage_taken":0.0},{"cards_removed":["Rainbow"],"damage_healed":32.0,"max_hp_gain":10.0,"max_hp_loss":0.0,"gold_gain":0.0,"event_name":"Bonfire Elementals","player_choice":"Offered Rare","floor":20.0,"gold_loss":0.0,"damage_taken":0.0}],"is_beta":false,"boss_relics":[{"not_picked":["Philosopher\u0027s Stone","Cursed Key"],"picked":"Astrolabe"}],"items_purged_floors":[12],"is_endless":false,"potions_floor_spawned":[1,7,11,18],"killed_by":"Slavers","ascension_level":7}