{"gold_per_floor":[118,118,43,54,54,54,93,93,147,147,168,168,24,58,58,189,189,203,9,30,30,30,30,68,68,68,89,89,113,131,183,183,302,302,327,22,41,60,60,60,99,132,159,159,172,172,472,497,497,497],"floor_reached":51,"playtime":2117,"items_purged":["Strike_B"],"score":874,"play_id":"175c22ac-44f2-4707-a1f0-c70a46e6954c","local_time":"20180928025338","is_ascension_mode":true,"campfire_choices":[{"data":"Stack","floor":6,"key":"SMITH"},{"floor":12,"key":"REST"},{"floor":15,"key":"REST"},{"floor":23,"key":"REST"},{"floor":28,"key":"REST"},{"floor":32,"key":"REST"},{"floor":40,"key":"REST"},{"floor":46,"key":"REST"},{"floor":49,"key":"REST"}],"neow_cost":"NONE","seed_source_timestamp":1318175453141979,"circlet_count":0,"master_deck":["Zap","Dualcast","Stack+1","Gash","Cold Snap","Stack","Loop","Electrodynamics","Sweeping Beam","Leap","Sunder","Compile Driver","Redo+1","Go for the Eyes+1","Conserve Battery","Go for the Eyes","Cold Snap","Gash+1","Machine Learning","Compile Driver+1","Beam Cell","Gash","Coolheaded+1","Loop","Conserve Battery+1","Cold Snap+1","Stack"],"relics":["Cracked Core","Golden Idol","Kunai","Happy Flower","Orichalcum","Anchor","Pandora\u0027s Box","ClockworkSouvenir","FaceOfCleric","Enchiridion","Pear","WingedGreaves","Vajra","Inserter","Shuriken","Question Card","Smiling Mask","Art of War"],"potions_floor_usage":[7,14,16,24,33,42,50],"damage_taken":[{"damage":0,"enemies":"2 Louse","floor":1,"turns":3},{"damage":6,"enemies":"Jaw Worm","floor":4,"turns":4},{"damage":28,"enemies":"3 Sentries","floor":7,"turns":8},{"damage":0,"enemies":"Small Slimes","floor":11,"turns":3},{"damage":18,"enemies":"Gremlin Nob","floor":14,"turns":7},{"damage":23,"enemies":"The Guardian","floor":16,"turns":14},{"damage":14,"enemies":"Shell Parasite","floor":18,"turns":6},{"damage":12,"enemies":"Spheric Guardian","floor":20,"turns":4},{"damage":55,"enemies":"Book of Stabbing","floor":24,"turns":8},{"damage":16,"enemies":"Snake Plant","floor":27,"turns":4},{"damage":4,"enemies":"Cultist and Chosen","floor":29,"turns":5},{"damage":3,"enemies":"Snecko","floor":30,"turns":5},{"damage":4,"enemies":"Collector","floor":33,"turns":13},{"damage":6,"enemies":"Orb Walker","floor":35,"turns":3},{"damage":10,"enemies":"3 Shapes","floor":37,"turns":5},{"damage":18,"enemies":"3 Darklings","floor":38,"turns":3},{"damage":6,"enemies":"Nemesis","floor":41,"turns":7},{"damage":58,"enemies":"2 Orb Walkers","floor":42,"turns":7},{"damage":13,"enemies":"Reptomancer","floor":45,"turns":6},{"damage":1,"enemies":"Transient","floor":48,"turns":5},{"damage":15,"enemies":"Time Eater","floor":50,"turns":11}],"seed_played":"-3550810756829276750","potions_obtained":[{"floor":4,"key":"Explosive Potion"},{"floor":7,"key":"Block Potion"},{"floor":14,"key":"Weak Potion"},{"floor":20,"key":"Regen Potion"},{"floor":27,"key":"FearPotion"},{"floor":30,"key":"Block Potion"},{"floor":33,"key":"Weak Potion"},{"floor":38,"key":"Ancient Potion"},{"floor":41,"key":"FairyPotion"},{"floor":44,"key":"FocusPotion"},{"floor":48,"key":"FairyPotion"}],"is_trial":false,"path_per_floor":["M","?","$","M","?","R","E","?","T","?","M","R","$","E","R","B",null,"M","$","M","?","?","R","E","?","T","M","R","M","M","T","R","B",null,"M","$","M","M","?","R","E","E","T","?","M","R","?","M","R","B"],"character_chosen":"DEFECT","items_purchased":["Orichalcum","ClockworkSouvenir","Shuriken","Beam Cell"],"campfire_rested":8,"item_purchase_floors":[13,19,36,36],"current_hp_per_floor":[75,75,75,69,51,51,23,16,16,16,16,38,38,20,42,19,75,61,61,49,49,33,55,26,26,26,11,37,34,32,32,58,55,90,85,85,76,59,59,86,81,24,24,24,12,40,40,40,69,55],"gold":497,"neow_bonus":"THREE_CARDS","is_prod":false,"is_daily":false,"chose_seed":false,"campfire_upgraded":1,"win_rate":0,"timestamp":1538096018,"path_taken":["M","?","?","M","?","R","E","?","T","?","M","R","$","E","R","BOSS","M","$","M","?","?","R","E","?","T","?","R","M","M","?","R","BOSS","M","$","M","?","?","R","E","E","T","?","M","R","?","?","R","BOSS"],"build_version":"2018-09-27","purchased_purges":1,"victory":true,"max_hp_per_floor":[75,75,75,75,75,75,75,75,75,75,75,75,75,75,75,75,75,75,75,75,75,75,75,86,86,86,87,87,88,89,89,89,90,90,91,91,92,93,93,93,94,95,95,95,96,96,96,97,97,98],"card_choices":[{"not_picked":["Turbo","Barrage"],"picked":"Stack","floor":0},{"not_picked":["Rebound","Capacitor"],"picked":"Gash","floor":1},{"not_picked":["Turbo","Hologram","Self Repair"],"picked":"SKIP","floor":4},{"not_picked":["Redo","Heatsinks","Hologram"],"picked":"SKIP","floor":7},{"not_picked":["Scrape","Electrodynamics"],"picked":"Stack","floor":11},{"not_picked":["Genetic Algorithm","Electrodynamics"],"picked":"Loop","floor":14},{"not_picked":["Echo Form","Biased Cognition"],"picked":"Electrodynamics","floor":16},{"not_picked":["Turbo+1","Sweeping Beam","Reinforced Body+1"],"picked":"SKIP","floor":18},{"not_picked":["Chill","Leap+1"],"picked":"Go for the Eyes+1","floor":20},{"not_picked":["Reinforced Body+1","Tempest+1"],"picked":"Conserve Battery","floor":24},{"not_picked":["Barrage+1","Genetic Algorithm+1"],"picked":"Go for the Eyes","floor":27},{"not_picked":["Self Repair+1","Recycle"],"picked":"Cold Snap","floor":29},{"not_picked":["Sunder","Stack"],"picked":"Gash+1","floor":30},{"not_picked":["Rainbow","Reboot"],"picked":"Machine Learning","floor":33},{"not_picked":["Redo+1","Cold Snap"],"picked":"Compile Driver+1","floor":35},{"not_picked":["Streamline","Multi-Cast"],"picked":"Gash","floor":37},{"not_picked":["Rip and Tear","Stack"],"picked":"Coolheaded+1","floor":38},{"not_picked":["Scrape+1","Steam Power"],"picked":"Loop","floor":41},{"not_picked":["Tempest","Leap","Electrodynamics"],"picked":"Conserve Battery+1","floor":42},{"not_picked":["Stack","Self Repair","Ball Lightning"],"picked":"Cold Snap+1","floor":45},{"not_picked":["Turbo+1","Capacitor","Rip and Tear"],"picked":"Stack","floor":48}],"player_experience":134301,"relics_obtained":[{"floor":7,"key":"Kunai"},{"floor":9,"key":"Happy Flower"},{"floor":14,"key":"Anchor"},{"floor":22,"key":"Enchiridion"},{"floor":24,"key":"Pear"},{"floor":26,"key":"WingedGreaves"},{"floor":31,"key":"Vajra"},{"floor":41,"key":"Question Card"},{"floor":42,"key":"Smiling Mask"},{"floor":43,"key":"Art of War"}],"event_choices":[{"event_name":"Liars Game","player_choice":"disagreed","floor":2,"damage_taken":0},{"event_name":"Golden Idol","player_choice":"Take Damage","floor":5,"damage_taken":0},{"event_name":"Golden Wing","player_choice":"Card Removal","floor":8,"damage_taken":0},{"event_name":"Transmorgrifier","player_choice":"Transform","floor":10,"damage_taken":0},{"event_name":"FaceTrader","player_choice":"Trade","floor":21,"damage_taken":0},{"event_name":"Cursed Tome","player_choice":"Obtained Book","floor":22,"damage_taken":0},{"event_name":"Accursed Blacksmith","player_choice":"Forge","floor":25,"damage_taken":0},{"event_name":"SecretPortal","player_choice":"Rejected Portal.","floor":39,"damage_taken":0},{"event_name":"The Lab","player_choice":"Got Potions","floor":44,"damage_taken":0},{"event_name":"Wheel of Change","player_choice":"Gold","floor":47,"damage_taken":0}],"is_beta":false,"boss_relics":[{"not_picked":["Velvet Choker","Orrery"],"picked":"Pandora\u0027s Box"},{"not_picked":["Cursed Key","Snecko Eye"],"picked":"Inserter"}],"items_purged_floors":[3],"is_endless":false,"potions_floor_spawned":[4,7,14,20,27,30,33,38,41,48],"ascension_level":2}