{"gold_per_floor":[118,135,146,166,166,166,196,218,230,257,269,51,51,64,64,64],"floor_reached":16,"playtime":1074,"items_purged":["Lockon"],"score":104,"play_id":"3bd782dc-f1cd-4450-ba77-aed3cd08a6fa","local_time":"20181003231528","is_ascension_mode":false,"campfire_choices":[{"floor":6,"key":"REST"},{"floor":13,"key":"REST"},{"floor":15,"key":"REST"}],"neow_cost":"NONE","seed_source_timestamp":1137826097529250,"circlet_count":0,"master_deck":["Strike_B","Defend_B","Defend_B","Defend_B","Defend_B","Zap","Dualcast","Reboot","Redo","Tempest"],"relics":["Cracked Core","MawBank","Unceasing Top","Art of War"],"potions_floor_usage":[8,16,16],"damage_taken":[{"damage":2,"enemies":"Jaw Worm","floor":1,"turns":5},{"damage":5,"enemies":"Small Slimes","floor":2,"turns":3},{"damage":1,"enemies":"Cultist","floor":3,"turns":4},{"damage":24,"enemies":"Exordium Wildlife","floor":4,"turns":7},{"damage":44,"enemies":"Lagavulin","floor":7,"turns":8},{"damage":10,"enemies":"Red Slaver","floor":8,"turns":4},{"damage":5,"enemies":"Looter","floor":10,"turns":3},{"damage":13,"enemies":"2 Fungi Beasts","floor":14,"turns":4},{"damage":44,"enemies":"The Guardian","floor":16,"turns":11}],"seed_played":"8501312884563941494","potions_obtained":[{"floor":4,"key":"Swift Potion"},{"floor":7,"key":"Regen Potion"},{"floor":14,"key":"Explosive Potion"}],"is_trial":false,"path_per_floor":["M","M","M","M","?","R","E","M","T","M","?","$","R","M","R"],"character_chosen":"DEFECT","items_purchased":["Art of War"],"campfire_rested":3,"item_purchase_floors":[12],"current_hp_per_floor":[73,68,67,43,36,58,14,16,16,11,11,11,33,20,42,0],"gold":64,"neow_bonus":"TRANSFORM_CARD","is_prod":false,"is_daily":false,"chose_seed":false,"campfire_upgraded":0,"win_rate":0.0,"timestamp":1538633728,"path_taken":["M","M","M","M","?","R","E","?","T","M","?","?","R","M","R","BOSS"],"build_version":"2018-09-27","purchased_purges":1,"victory":false,"max_hp_per_floor":[75,75,75,75,75,75,75,75,75,75,75,75,75,75,75,75],"card_choices":[{"not_picked":["Sweeping Beam","Hologram","Fusion"],"picked":"SKIP","floor":1},{"not_picked":["Beam Cell","Coolheaded","Heatsinks"],"picked":"SKIP","floor":2},{"not_picked":["Go for the Eyes","Cold Snap","Aggregate"],"picked":"SKIP","floor":3},{"not_picked":["Steam","Gash","Barrage"],"picked":"SKIP","floor":4},{"not_picked":["Chaos","Double Energy"],"picked":"Redo","floor":7},{"not_picked":["Consume","Blizzard"],"picked":"Lockon","floor":8},{"not_picked":["Steam","Skim","Sweeping Beam"],"picked":"SKIP","floor":10},{"not_picked":["Rip and Tear","Rebound","Cold Snap"],"picked":"SKIP","floor":14}],"player_experience":99023,"relics_obtained":[{"floor":7,"key":"MawBank"},{"floor":9,"key":"Unceasing Top"}],"event_choices":[{"event_name":"Golden Wing","player_choice":"Card Removal","floor":5,"damage_taken":0},{"event_name":"Living Wall","player_choice":"Change","floor":11,"damage_taken":0}],"is_beta":false,"boss_relics":[],"items_purged_floors":[12],"is_endless":false,"potions_floor_spawned":[4,7,14],"killed_by":"The Guardian","ascension_level":0}