{"gold_per_floor":[114,44,60,60,60,60,87,87,112,137,153,163,163,174,174,276,276,292,292,309,109,109,109,143,143,221,248,34,52,52,52,52,52],"floor_reached":33,"playtime":2891,"items_purged":["Strike_G","Decay"],"score":476,"play_id":"0077512e-c887-42f5-8247-e002c1e7e45c","local_time":"20190406194024","is_ascension_mode":true,"campfire_choices":[{"data":"Caltrops","floor":6.0,"key":"SMITH"},{"data":"Choke","floor":8.0,"key":"SMITH"},{"floor":13.0,"key":"REST"},{"data":"Noxious Fumes","floor":15.0,"key":"SMITH"},{"floor":23.0,"key":"REST"},{"floor":25.0,"key":"REST"},{"floor":32,"key":"REST"}],"neow_cost":"NONE","seed_source_timestamp":21325074626100,"circlet_count":0,"master_deck":["AscendersBane","Defend_G","Defend_G","Defend_G","Defend_G","Defend_G","Survivor","Neutralize","Slice","Caltrops+1","Well Laid Plans","Tactician","Choke+1","Dagger Spray","Cloak And Dagger","Acrobatics","Noxious Fumes+1","Night Terror","Blade Dance+1","Backflip","Footwork","Bouncing Flask","Noxious Fumes","Crippling Poison","PiercingWail","Bite","Bite","Bite","Bite","Bite"],"special_seed":0,"relics":["Ring of the Snake","Mercury Hourglass","Boot","Pear","Empty Cage","Gremlin Horn","Darkstone Periapt","Smiling Mask"],"potions_floor_usage":[29,29],"damage_taken":[{"damage":0.0,"enemies":"Small Slimes","floor":1.0,"turns":3.0},{"damage":0.0,"enemies":"Jaw Worm","floor":3.0,"turns":6.0},{"damage":24.0,"enemies":"3 Sentries","floor":7.0,"turns":11.0},{"damage":26.0,"enemies":"Gremlin Nob","floor":10.0,"turns":5.0},{"damage":0.0,"enemies":"Cultist","floor":11.0,"turns":3.0},{"damage":6.0,"enemies":"2 Fungi Beasts","floor":12.0,"turns":2.0},{"damage":2.0,"enemies":"Exordium Thugs","floor":14.0,"turns":4.0},{"damage":25.0,"enemies":"Hexaghost","floor":16.0,"turns":9.0},{"damage":11.0,"enemies":"Chosen","floor":18.0,"turns":5.0},{"damage":39.0,"enemies":"Spheric Guardian","floor":20.0,"turns":6.0},{"damage":26.0,"enemies":"Slavers","floor":24.0,"turns":4.0},{"damage":32,"enemies":"Gremlin Leader","floor":27,"turns":7},{"damage":3,"enemies":"Centurion and Healer","floor":29,"turns":5},{"damage":41,"enemies":"Champ","floor":33,"turns":7}],"seed_played":"-8654252151648008767","potions_obtained":[{"floor":11.0,"key":"Ancient Potion"},{"floor":12.0,"key":"EssenceOfSteel"},{"floor":14.0,"key":"Ancient Potion"},{"floor":20.0,"key":"Fire Potion"},{"floor":27,"key":"Weak Potion"}],"is_trial":false,"path_per_floor":["M","$","M","?","?","R","E","R","T","E","M","M","R","M","R","B",null,"M","?","M","$","?","R","E","R","T","E","$","M","?","?","R","B"],"character_chosen":"THE_SILENT","items_purchased":["Well Laid Plans","Footwork","AttackPotion","Noxious Fumes","Crippling Poison","AttackPotion"],"campfire_rested":4,"item_purchase_floors":[2,21,21,28,28,28],"current_hp_per_floor":[63,63,63,63,63,63,39,39,39,23,23,17,41,39,39,14,64,53,53,14,14,14,38,12,36,36,4,4,1,1,1,17,0],"gold":52,"neow_bonus":"THREE_CARDS","is_prod":false,"is_daily":false,"chose_seed":false,"campfire_upgraded":3,"win_rate":0,"timestamp":1554604824,"path_taken":["M","$","M","?","?","R","E","R","T","E","M","M","R","M","R","BOSS","M","?","M","$","?","R","E","R","T","E","$","?","?","?","R","BOSS"],"build_version":"2019-01-23","purchased_purges":2,"victory":false,"max_hp_per_floor":[70,70,70,70,70,70,70,70,70,80,80,80,80,80,80,80,80,80,80,80,80,80,80,80,80,80,80,80,80,56,56,56,56],"card_choices":[{"not_picked":["PiercingWail","Backflip"],"picked":"Slice","floor":0.0},{"not_picked":["Deadly Poison","Prepared"],"picked":"Caltrops","floor":1.0},{"not_picked":["Catalyst","Dagger Throw"],"picked":"Tactician","floor":3.0},{"not_picked":["Acrobatics","Backflip"],"picked":"Choke","floor":7.0},{"not_picked":["Dodge and Roll","Backstab"],"picked":"Dagger Spray","floor":10.0},{"not_picked":["Reflex","Outmaneuver"],"picked":"Cloak And Dagger","floor":11.0},{"not_picked":["Deadly Poison","Setup"],"picked":"Acrobatics","floor":12.0},{"not_picked":["Backflip","Prepared"],"picked":"Noxious Fumes","floor":14.0},{"not_picked":["Burst","Venomology"],"picked":"Night Terror","floor":16.0},{"not_picked":["Quick Slash","Backflip+1"],"picked":"Blade Dance+1","floor":18.0},{"not_picked":["Slice","Cloak And Dagger"],"picked":"Backflip","floor":20.0},{"not_picked":["Dodge and Roll+1","Underhanded Strike"],"picked":"Bouncing Flask","floor":24.0},{"not_picked":["Well Laid Plans+1","Concentrate","Distraction"],"picked":"SKIP","floor":27},{"not_picked":["Distraction","Footwork"],"picked":"PiercingWail","floor":29}],"player_experience":733926,"relics_obtained":[{"floor":7.0,"key":"Mercury Hourglass"},{"floor":9.0,"key":"Boot"},{"floor":10.0,"key":"Pear"},{"floor":24.0,"key":"Gremlin Horn"},{"floor":26.0,"key":"Darkstone Periapt"},{"floor":27,"key":"Smiling Mask"}],"event_choices":[{"cards_removed":["Strike_G"],"damage_healed":0.0,"max_hp_gain":0.0,"max_hp_loss":0.0,"gold_gain":0.0,"event_name":"Living Wall","player_choice":"Forget","floor":4.0,"gold_loss":0.0,"damage_taken":0.0},{"damage_healed":0.0,"max_hp_gain":0.0,"max_hp_loss":0.0,"gold_gain":0.0,"event_name":"NoteForYourself","player_choice":"Ignored","floor":5.0,"gold_loss":0.0,"damage_taken":0.0},{"damage_healed":0.0,"max_hp_gain":0.0,"max_hp_loss":0.0,"gold_gain":0.0,"event_name":"Forgotten Altar","player_choice":"Smashed Altar","floor":19.0,"gold_loss":0.0,"damage_taken":0.0,"cards_obtained":["Decay"]},{"cards_removed":["Strike_G"],"damage_healed":0.0,"max_hp_gain":0.0,"max_hp_loss":0.0,"gold_gain":0.0,"event_name":"Purifier","player_choice":"Purged","floor":22.0,"gold_loss":0.0,"damage_taken":0.0},{"damage_healed":0,"gold_gain":0,"player_choice":"Became a vampire","damage_taken":0,"max_hp_gain":0,"max_hp_loss":24,"event_name":"Vampires","floor":30,"gold_loss":0,"cards_obtained":["Bite","Bite","Bite","Bite","Bite"]}],"is_beta":false,"boss_relics":[{"not_picked":["Lizard Tail","WristBlade"],"picked":"Empty Cage"}],"items_purged_floors":[21,28],"is_endless":false,"potions_floor_spawned":[11,12,14,20,27],"killed_by":"Champ","ascension_level":11}