{"gold_per_floor":[111,38,38,56,67,98,98,130,154,182,257,257,271,289,289,394,394,407,480,480,79,99,126,138,167,179,191,203,227,239,284,296,308],"floor_reached":33,"playtime":1878,"items_purged":["Strike_B"],"score":485,"play_id":"895ed463-1e5b-40a8-9959-e18271a925c1","local_time":"20190409204355","is_ascension_mode":true,"campfire_choices":[{"data":"Zap","floor":7,"key":"SMITH"},{"data":"Go for the Eyes","floor":12,"key":"SMITH"},{"data":"Dualcast","floor":15,"key":"SMITH"},{"data":"Buffer","floor":24,"key":"SMITH"},{"floor":28,"key":"REST"},{"data":"Loop","floor":30,"key":"SMITH"},{"data":"Capacitor","floor":32,"key":"SMITH"}],"neow_cost":"NONE","seed_source_timestamp":13810361539345,"circlet_count":0,"master_deck":["AscendersBane","Strike_B","Strike_B","Defend_B","Defend_B","Defend_B","Defend_B","Zap+1","Dualcast+1","Go for the Eyes+1","Go for the Eyes","Leap","Ball Lightning","Chill","Coolheaded","Ball Lightning","Capacitor+1","Coolheaded","Buffer+1","Steam","Loop+1","Panache","FTL","Conserve Battery","Go for the Eyes+1","Glacier","Decay","Blizzard","Self Repair"],"relics":["Cracked Core","Art of War","Dream Catcher","Centennial Puzzle","Vajra","Philosopher\u0027s Stone","Matryoshka","MawBank","Regal Pillow","Thread and Needle","Bottled Flame"],"potions_floor_usage":[6,8,16,16,18,33],"damage_taken":[{"damage":4,"enemies":"Small Slimes","floor":1,"turns":3},{"damage":0,"enemies":"Jaw Worm","floor":4,"turns":3},{"damage":0,"enemies":"Cultist","floor":5,"turns":3},{"damage":21,"enemies":"Gremlin Nob","floor":6,"turns":4},{"damage":6,"enemies":"Lagavulin","floor":8,"turns":7},{"damage":6,"enemies":"3 Sentries","floor":10,"turns":8},{"damage":0,"enemies":"Large Slime","floor":13,"turns":4},{"damage":1,"enemies":"Looter","floor":14,"turns":3},{"damage":1,"enemies":"Slime Boss","floor":16,"turns":8},{"damage":1,"enemies":"Spheric Guardian","floor":18,"turns":4},{"damage":7,"enemies":"3 Byrds","floor":22,"turns":4},{"damage":55,"enemies":"Slavers","floor":23,"turns":7},{"damage":4,"enemies":"Centurion and Healer","floor":25,"turns":9},{"damage":0,"enemies":"Sentry and Sphere","floor":29,"turns":4},{"damage":1,"enemies":"Book of Stabbing","floor":31,"turns":6},{"damage":62,"enemies":"Automaton","floor":33,"turns":12}],"seed_played":"-8153790223812436297","potions_obtained":[{"floor":1,"key":"Dexterity Potion"},{"floor":4,"key":"Swift Potion"},{"floor":13,"key":"Strength Potion"},{"floor":14,"key":"Dexterity Potion"},{"floor":16,"key":"SpeedPotion"},{"floor":25,"key":"Ancient Potion"},{"floor":31,"key":"AttackPotion"}],"is_trial":false,"path_per_floor":["M","$","?","M","M","E","R","E","T","E","?","R","M","M","R","B",null,"M","T","?","$","M","E","R","M","T","?","R","M","R","E","R","B"],"character_chosen":"DEFECT","items_purchased":["Go for the Eyes","Leap","Loop","Panache","FTL"],"campfire_rested":1,"item_purchase_floors":[2,2,21,21,21],"current_hp_per_floor":[71,71,71,71,71,50,50,44,44,38,27,27,27,26,26,25,68,67,67,67,67,60,5,5,1,1,1,40,40,40,39,39,0],"gold":308,"neow_bonus":"TEN_PERCENT_HP_BONUS","is_prod":false,"is_daily":false,"chose_seed":false,"campfire_upgraded":6,"win_rate":0,"timestamp":1554867835,"path_taken":["M","$","?","M","M","E","R","E","T","E","?","R","?","M","R","BOSS","M","?","?","$","M","E","R","M","T","?","R","?","R","E","R","BOSS"],"build_version":"2019-01-23","purchased_purges":1,"victory":false,"max_hp_per_floor":[82,82,82,82,82,82,82,82,82,82,82,82,82,82,82,82,82,82,82,82,82,82,82,82,82,82,82,82,82,82,82,82,82],"card_choices":[{"not_picked":["Barrage","Heatsinks"],"picked":"Go for the Eyes","floor":1},{"not_picked":["Consume","Fusion"],"picked":"Ball Lightning","floor":4},{"not_picked":["Go for the Eyes","Compile Driver"],"picked":"Chill","floor":5},{"not_picked":["Redo","Compile Driver","Sunder"],"picked":"SKIP","floor":6},{"not_picked":["Turbo","Meteor Strike"],"picked":"Coolheaded","floor":8},{"not_picked":["Hello World","Turbo"],"picked":"Ball Lightning","floor":10},{"not_picked":["Steam","Hologram"],"picked":"Capacitor","floor":13},{"not_picked":["Sweeping Beam","Fusion"],"picked":"Coolheaded","floor":14},{"not_picked":["Machine Learning","Thunder Strike"],"picked":"Buffer","floor":16},{"not_picked":["Gash","Coolheaded"],"picked":"Steam","floor":18},{"not_picked":["Barrage","Hello World"],"picked":"Conserve Battery","floor":22},{"not_picked":["Rip and Tear","Stack"],"picked":"Go for the Eyes+1","floor":23},{"not_picked":["Barrage","Buffer"],"picked":"Glacier","floor":25},{"not_picked":["Compile Driver+1","Heatsinks"],"picked":"Blizzard","floor":28},{"not_picked":["Coolheaded","Reprogram","Streamline"],"picked":"SKIP","floor":29},{"not_picked":["Beam Cell","Steam+1"],"picked":"Self Repair","floor":31}],"player_experience":342611,"relics_obtained":[{"floor":6,"key":"Art of War"},{"floor":8,"key":"Dream Catcher"},{"floor":9,"key":"Centennial Puzzle"},{"floor":10,"key":"Vajra"},{"floor":19,"key":"Matryoshka"},{"floor":23,"key":"MawBank"},{"floor":26,"key":"Regal Pillow"},{"floor":26,"key":"Thread and Needle"},{"floor":31,"key":"Bottled Flame"}],"event_choices":[{"cards_removed":["Strike_B"],"damage_healed":0,"gold_gain":0,"player_choice":"Forget","damage_taken":0,"max_hp_gain":0,"max_hp_loss":0,"event_name":"Living Wall","floor":3,"gold_loss":0},{"damage_healed":0,"gold_gain":75,"player_choice":"Gather Gold","damage_taken":11,"max_hp_gain":0,"max_hp_loss":0,"event_name":"World of Goop","floor":11,"gold_loss":0},{"damage_healed":0,"gold_gain":0,"player_choice":"Ignored","damage_taken":0,"max_hp_gain":0,"max_hp_loss":0,"event_name":"Ghosts","floor":20,"gold_loss":0},{"damage_healed":0,"gold_gain":0,"player_choice":"Cursed","damage_taken":0,"max_hp_gain":0,"max_hp_loss":0,"event_name":"Wheel of Change","floor":27,"gold_loss":0,"cards_obtained":["Decay"]}],"is_beta":false,"boss_relics":[{"not_picked":["Eternal Feather","Velvet Choker"],"picked":"Philosopher\u0027s Stone"}],"items_purged_floors":[21],"is_endless":false,"potions_floor_spawned":[1,4,13,14,16,25,31],"killed_by":"Automaton","ascension_level":12}