{"gold_per_floor":[119,119,132,152,102,102,122,122,148,148,163,179,30,43,43,147,147,163,163,182,32,32,32,61,61,61,61,79,94,113,126,126,224,224,239,31,46,46,46,46,71,71,71,145,145,156,156,173,173,173],"floor_reached":50,"playtime":3644,"items_purged":["Strike_R","Strike_R"],"score":484,"play_id":"94d301f2-fabc-4467-b907-f3e6189311d7","local_time":"20190412010925","is_ascension_mode":false,"campfire_choices":[{"data":"Bash","floor":6,"key":"SMITH"},{"data":"Flame Barrier","floor":15,"key":"SMITH"},{"floor":23,"key":"REST"},{"floor":25,"key":"REST"},{"floor":32,"key":"REST"},{"floor":40,"key":"REST"},{"floor":42,"key":"REST"},{"floor":45,"key":"REST"},{"floor":49,"key":"REST"}],"neow_cost":"NONE","seed_source_timestamp":494085645756170,"circlet_count":0,"master_deck":["Strike_R+1","Defend_R","Defend_R","Defend_R","Defend_R","Bash+1","Twin Strike","Shrug It Off+1","Infernal Blade","Flame Barrier+1","Headbutt","Bludgeon","Shockwave+1","J.A.X.","Rampage","Armaments","Necronomicurse","Entrench+1","Iron Wave","True Grit+1","Blood for Blood+1","Second Wind+1","Berserk","True Grit+1","Fire Breathing","Carnage","Flame Barrier+1","Armaments+1","Sever Soul+1","Flame Barrier+1","Cleave+1"],"relics":["Burning Blood","Ancient Tea Set","Vajra","Sozu","Necronomicon","Mercury Hourglass","Toxic Egg 2","Orrery","Red Skull","Shuriken","Whetstone","Kunai"],"potions_floor_usage":[16,16],"damage_taken":[{"damage":12,"enemies":"Small Slimes","floor":1,"turns":3},{"damage":11,"enemies":"Jaw Worm","floor":3,"turns":3},{"damage":4,"enemies":"Cultist","floor":4,"turns":4},{"damage":10,"enemies":"Exordium Thugs","floor":7,"turns":6},{"damage":9,"enemies":"2 Fungi Beasts","floor":11,"turns":5},{"damage":10,"enemies":"Large Slime","floor":12,"turns":7},{"damage":12,"enemies":"Exordium Thugs","floor":14,"turns":6},{"damage":49,"enemies":"The Guardian","floor":16,"turns":21},{"damage":19,"enemies":"Spheric Guardian","floor":18,"turns":4},{"damage":10,"enemies":"Shell Parasite","floor":20,"turns":3},{"damage":34,"enemies":"Slavers","floor":24,"turns":6},{"damage":3,"enemies":"Snecko","floor":28,"turns":2},{"damage":12,"enemies":"Snake Plant","floor":29,"turns":4},{"damage":28,"enemies":"3 Cultists","floor":30,"turns":7},{"damage":0,"enemies":"Snecko","floor":31,"turns":2},{"damage":56,"enemies":"Collector","floor":33,"turns":10},{"damage":55,"enemies":"3 Darklings","floor":35,"turns":7},{"damage":0,"enemies":"Orb Walker","floor":37,"turns":3},{"damage":39,"enemies":"Giant Head","floor":41,"turns":8},{"damage":18,"enemies":"Maw","floor":46,"turns":6},{"damage":32,"enemies":"Sphere and 2 Shapes","floor":48,"turns":6},{"damage":70,"enemies":"Time Eater","floor":50,"turns":5}],"seed_played":"3646807995145088156","potions_obtained":[{"floor":3,"key":"FearPotion"},{"floor":12,"key":"Dexterity Potion"},{"floor":14,"key":"Regen Potion"}],"is_trial":false,"path_per_floor":["M","$","M","M","?","R","M","?","T","?","M","M","$","M","R","B",null,"M","?","M","$","?","R","E","R","T","?","M","M","M","M","R","B",null,"M","$","M","?","?","R","E","R","T","T","R","M","?","M","R","B"],"character_chosen":"IRONCLAD","items_purchased":["Flame Barrier","Armaments","Red Skull","Armaments+1"],"campfire_rested":7,"item_purchase_floors":[13,21,36,36],"current_hp_per_floor":[74,74,69,71,71,71,67,67,67,67,64,60,60,54,54,26,80,67,67,63,63,47,71,43,67,67,67,70,64,42,48,72,22,80,31,31,37,37,37,61,28,52,52,52,76,64,64,38,60,0],"gold":173,"neow_bonus":"THREE_CARDS","is_prod":false,"is_daily":false,"chose_seed":false,"campfire_upgraded":2,"win_rate":0.0,"timestamp":1555056565,"path_taken":["M","$","M","M","?","R","M","?","T","?","M","?","$","M","R","BOSS","M","?","M","$","?","R","E","R","T","?","M","M","M","M","R","BOSS","M","$","M","?","?","R","E","R","T","?","R","?","?","M","R","BOSS"],"build_version":"2019-01-23","purchased_purges":2,"victory":false,"max_hp_per_floor":[80,80,80,80,80,80,80,80,80,80,80,80,80,80,80,80,80,80,80,80,80,80,80,80,80,80,80,80,80,80,80,80,80,80,80,80,80,80,80,80,80,80,80,80,80,80,76,76,76,76],"card_choices":[{"not_picked":["Feel No Pain","Clash"],"picked":"Twin Strike","floor":0},{"not_picked":["Perfected Strike","True Grit","Dual Wield"],"picked":"SKIP","floor":1},{"not_picked":["Anger","Flex","Searing Blow"],"picked":"SKIP","floor":3},{"not_picked":["Clash","Havoc"],"picked":"Shrug It Off","floor":4},{"not_picked":["Clothesline","Sentinel"],"picked":"Rupture","floor":7},{"not_picked":["Havoc","Wild Strike","Clash"],"picked":"SKIP","floor":11},{"not_picked":["Shrug It Off","True Grit"],"picked":"Infernal Blade","floor":12},{"not_picked":["Sentinel","Searing Blow"],"picked":"Headbutt","floor":14},{"not_picked":["Dark Embrace","Double Tap"],"picked":"Bludgeon","floor":16},{"not_picked":["Sword Boomerang","Warcry"],"picked":"Shockwave+1","floor":18},{"not_picked":["Clothesline+1","Disarm"],"picked":"Rampage","floor":20},{"not_picked":["Clash+1","True Grit"],"picked":"Entrench+1","floor":24},{"not_picked":["Headbutt","Anger"],"picked":"Iron Wave","floor":28},{"not_picked":["Sever Soul","Flex+1"],"picked":"True Grit+1","floor":29},{"not_picked":["Clothesline+1","Thunderclap+1"],"picked":"Blood for Blood","floor":30},{"not_picked":["Thunderclap+1","Clash"],"picked":"Second Wind+1","floor":31},{"not_picked":["Immolate","Dark Embrace"],"picked":"Berserk","floor":33},{"not_picked":["Burning Pact+1","Corruption"],"picked":"True Grit+1","floor":34},{"not_picked":["Flex+1","Clothesline"],"picked":"Fire Breathing","floor":34},{"not_picked":["Perfected Strike","Flex+1"],"picked":"Carnage","floor":34},{"not_picked":["Blood for Blood+1","Uppercut"],"picked":"Flame Barrier+1","floor":34},{"not_picked":["Dropkick+1","Heavy Blade+1","Reckless Charge"],"picked":"SKIP","floor":35},{"not_picked":["Spot Weakness+1","Clothesline","Searing Blow+1"],"picked":"SKIP","floor":37},{"not_picked":["Shrug It Off+1","Bloodletting+1"],"picked":"Sever Soul+1","floor":41},{"not_picked":["Headbutt","Body Slam"],"picked":"Flame Barrier+1","floor":46},{"not_picked":["Twin Strike","Armaments+1"],"picked":"Cleave+1","floor":48}],"player_experience":47754,"relics_obtained":[{"floor":9,"key":"Ancient Tea Set"},{"floor":22,"key":"Necronomicon"},{"floor":24,"key":"Mercury Hourglass"},{"floor":26,"key":"Toxic Egg 2"},{"floor":41,"key":"Shuriken"},{"floor":43,"key":"Whetstone"},{"floor":44,"key":"Kunai"}],"event_choices":[{"cards_removed":["Strike_R"],"damage_healed":0,"gold_gain":0,"player_choice":"Card Removal","damage_taken":0,"max_hp_gain":0,"max_hp_loss":0,"event_name":"The Cleric","floor":5,"gold_loss":50},{"damage_healed":0,"gold_gain":0,"player_choice":"Grow","damage_taken":0,"max_hp_gain":0,"max_hp_loss":0,"event_name":"Living Wall","floor":8,"gold_loss":0,"cards_upgraded":["Shrug It Off"]},{"damage_healed":0,"gold_gain":0,"player_choice":"Gave Potion","damage_taken":0,"relics_obtained":["Vajra"],"max_hp_gain":0,"max_hp_loss":0,"event_name":"WeMeetAgain","floor":10,"gold_loss":0},{"damage_healed":0,"gold_gain":0,"player_choice":"Obtain J.A.X.","damage_taken":0,"max_hp_gain":0,"max_hp_loss":0,"event_name":"Drug Dealer","floor":19,"gold_loss":0,"cards_obtained":["J.A.X."]},{"damage_healed":0,"gold_gain":0,"player_choice":"Obtained Book","damage_taken":16,"max_hp_gain":0,"max_hp_loss":0,"event_name":"Cursed Tome","floor":22,"gold_loss":0},{"cards_removed":["Strike_R"],"damage_healed":0,"gold_gain":0,"player_choice":"Purged","damage_taken":0,"max_hp_gain":0,"max_hp_loss":0,"event_name":"Purifier","floor":27,"gold_loss":0},{"damage_healed":0,"gold_gain":0,"player_choice":"Ignored","damage_taken":0,"max_hp_gain":0,"max_hp_loss":0,"event_name":"Mysterious Sphere","floor":38,"gold_loss":0},{"cards_removed":["Rupture"],"damage_healed":0,"gold_gain":0,"player_choice":"Removed Power","damage_taken":0,"max_hp_gain":0,"max_hp_loss":0,"event_name":"Falling","floor":39,"gold_loss":0},{"damage_healed":0,"gold_gain":0,"player_choice":"Max HP","damage_taken":0,"max_hp_gain":0,"max_hp_loss":4,"event_name":"Winding Halls","floor":47,"gold_loss":0}],"is_beta":false,"boss_relics":[{"not_picked":["Black Blood","Velvet Choker"],"picked":"Sozu"},{"not_picked":["Coffee Dripper","Tiny House"],"picked":"Orrery"}],"items_purged_floors":[13,21],"is_endless":false,"potions_floor_spawned":[3,12,14,20,28,29,30,37],"killed_by":"Time Eater","ascension_level":0}