{"gold_per_floor":[110,35,35,0,0,0,26,39,121,131,131,149,174,249,249,249],"floor_reached":16,"playtime":633,"items_purged":["Decay"],"score":193,"play_id":"c5cde52c-ef47-48b3-b242-7577847a481f","local_time":"20180709234829","is_ascension_mode":true,"campfire_choices":[{"data":"Zap","floor":6,"key":"SMITH"},{"floor":11,"key":"REST"},{"data":"Dualcast","floor":15,"key":"SMITH"}],"neow_cost":"NONE","seed_source_timestamp":0,"circlet_count":0,"master_deck":["Strike_B","Strike_B+1","Strike_B","Strike_B+1","Defend_B","Defend_B","Defend_B","Defend_B","Zap+1","Dualcast+1","Decay","Regret","Streamline+1","Rebound+1","Chill","Conserve Battery","Chill","Hologram"],"special_seed":17722,"relics":["Calling Bell","Molten Egg 2","Dead Branch","Orichalcum","Dodecahedron","Ornamental Fan","Omamori"],"potions_floor_usage":[16,16],"damage_taken":[{"damage":12,"enemies":"Cultist","floor":1,"turns":4},{"damage":34,"enemies":"Lagavulin","floor":7,"turns":7},{"damage":3,"enemies":"Small Slimes","floor":8,"turns":3},{"damage":0,"enemies":"Jaw Worm","floor":10,"turns":3},{"damage":4,"enemies":"2 Fungi Beasts","floor":12,"turns":3},{"damage":5,"enemies":"3 Sentries","floor":13,"turns":7},{"damage":31,"enemies":"Slime Boss","floor":16,"turns":7}],"seed_played":"0","potions_obtained":[{"floor":7,"key":"Dexterity Potion"},{"floor":10,"key":"Explosive Potion"},{"floor":12,"key":"EssenceOfSteel"}],"is_trial":false,"path_per_floor":["M","$","?","?","?","R","E","M","T","M","R","M","E","?","R"],"character_chosen":"DEFECT","items_purchased":[],"campfire_rested":1,"item_purchase_floors":[],"current_hp_per_floor":[56,56,61,80,64,64,30,27,27,27,51,47,42,31,31,0],"gold":249,"neow_bonus":"BOSS_RELIC","is_prod":false,"is_daily":false,"chose_seed":false,"campfire_upgraded":2,"win_rate":0,"timestamp":1531205309,"path_taken":["M","$","?","?","?","R","E","M","T","M","R","M","E","?","R","BOSS"],"build_version":"2018-07-05","purchased_purges":1,"victory":false,"max_hp_per_floor":[75,75,80,80,80,80,80,80,80,80,80,80,80,80,80,80],"card_choices":[{"not_picked":["Force Field","Coolheaded"],"picked":"Streamline+1","floor":1},{"not_picked":["Biased Cognition","Fission"],"picked":"Rebound+1","floor":7},{"not_picked":["Storm","Auto Shields"],"picked":"Chill","floor":8},{"not_picked":["Turbo","Glacier"],"picked":"Conserve Battery","floor":10},{"not_picked":["Beam Cell+1","Coolheaded"],"picked":"Chill","floor":12},{"not_picked":["Barrage+1","Sweeping Beam+1"],"picked":"Hologram","floor":13}],"player_experience":284083,"relics_obtained":[{"floor":0,"key":"Molten Egg 2"},{"floor":0,"key":"Dead Branch"},{"floor":0,"key":"Orichalcum"},{"floor":7,"key":"Dodecahedron"},{"floor":9,"key":"Ornamental Fan"},{"floor":13,"key":"Omamori"}],"event_choices":[{"event_name":"Big Fish","player_choice":"Donut","floor":3,"damage_taken":0},{"event_name":"The Cleric","player_choice":"Healed","floor":4,"damage_taken":0},{"event_name":"Shining Light","player_choice":"Entered Light","floor":5,"damage_taken":0},{"event_name":"World of Goop","player_choice":"Gather Gold","floor":14,"damage_taken":0}],"boss_relics":[],"items_purged_floors":[2],"is_endless":false,"potions_floor_spawned":[7,10,12],"killed_by":"Slime Boss","ascension_level":9}