{"path_per_floor":["M","?","?","?","$","R","M","M","T","R","?","?","?","M","R","B",null,"M","$","?","?","?","R","M","R","T","$","T","M","R","M","R","B",null,"M","?","M","?","?","R","?","M","T","T","M","$","?","?","R"],"character_chosen":"DEFECT","items_purchased":["Capacitor","Ball Lightning","Coolheaded","Capacitor","FTL","Pantograph","Madness"],"gold_per_floor":[111,286,286,286,69,69,88,104,104,104,104,133,103,113,113,214,214,227,7,7,7,7,7,18,18,18,18,98,116,116,135,135,234,234,253,253,263,263,263,263,363,375,375,375,395,58,58,58,58,58],"floor_reached":50,"campfire_rested":7,"playtime":1687,"current_hp_per_floor":[74,74,74,74,74,74,66,66,66,66,66,53,53,40,62,19,75,36,36,22,6,6,30,14,38,38,38,38,38,62,50,74,2,80,35,35,10,10,10,34,34,23,23,23,21,21,21,21,45,0],"items_purged":["Normality","Strike_B"],"gold":58,"score":473,"play_id":"29c3410a-5e96-44de-b8b6-b9bb97f85950","local_time":"20180430212230","is_prod":false,"is_daily":false,"chose_seed":false,"is_ascension_mode":false,"campfire_upgraded":2,"timestamp":1525116150,"path_taken":["M","?","?","?","$","R","M","M","T","R","?","?","?","M","R","BOSS","M","$","?","?","?","R","M","R","T","$","?","M","R","M","R","BOSS","M","?","M","?","?","R","?","M","T","?","M","$","?","?","R","BOSS"],"build_version":"2018-04-27v3","seed_source_timestamp":0,"purchased_purges":2,"victory":false,"master_deck":["Strike_B","Strike_B","Defend_B","Defend_B","Defend_B","Defend_B","Zap","Dualcast","Ball Lightning","Chaos+1","Capacitor+1","Ball Lightning","Coolheaded","Blizzard","Ball Lightning","Stack","Machine Learning","Streamline+1","Capacitor","FTL","Necronomicurse","Glacier","Capacitor+1","Conserve Battery","Thunder Strike","Chill","Capacitor+1","Double Energy","Reinforced Body+1","Regret","Injury","Barrage+1","Madness"],"max_hp_per_floor":[75,75,75,75,75,75,75,75,75,75,75,75,75,75,75,75,75,75,75,80,80,80,80,80,80,80,80,80,80,80,80,80,80,80,80,80,80,80,80,80,80,80,80,80,80,80,80,80,80,80],"relics":["Cracked Core","Juzu Bracelet","Kunai","Spirit Poop","Odd Mushroom","Lizard Tail","Necronomicon","Lantern","Bottled Tornado","Cursed Key","Gambling Chip","Centennial Puzzle","Pantograph"],"card_choices":[{"not_picked":["Cold Snap","Go for the Eyes"],"picked":"Ball Lightning","floor":1.0},{"not_picked":["Stack","Rebound"],"picked":"Blizzard","floor":8.0},{"not_picked":["Leap","Turbo"],"picked":"Ball Lightning","floor":12.0},{"not_picked":["Multi-Cast","Skim"],"picked":"Stack","floor":14.0},{"not_picked":["Echo Form","Amplify"],"picked":"Machine Learning","floor":16.0},{"not_picked":["Sweeping Beam","Stack"],"picked":"Streamline","floor":18.0},{"not_picked":["Stack","Self Repair"],"picked":"Glacier","floor":24.0},{"not_picked":["Barrage","Melter"],"picked":"Capacitor","floor":29.0},{"not_picked":["Axe Kick","Capacitor"],"picked":"Conserve Battery","floor":31.0},{"not_picked":["Multi-Cast","Fission"],"picked":"Thunder Strike","floor":33},{"not_picked":["Axe Kick","Impulse"],"picked":"Chill","floor":35},{"not_picked":["Rebound","Sunder"],"picked":"Capacitor","floor":37},{"not_picked":["Axe Kick","Go for the Eyes"],"picked":"Reinforced Body","floor":42},{"not_picked":["Rebound","Reinforced Body"],"picked":"Barrage","floor":45}],"player_experience":14230,"potions_floor_usage":[33,37,42,50,50],"damage_taken":[{"damage":1.0,"enemies":"Cultist","floor":1.0,"turns":3.0},{"damage":8.0,"enemies":"Jaw Worm","floor":7.0,"turns":3.0},{"damage":0.0,"enemies":"Small Slimes","floor":8.0,"turns":2.0},{"damage":13.0,"enemies":"The Mushroom Lair","floor":12.0,"turns":4.0},{"damage":13.0,"enemies":"Exordium Wildlife","floor":14.0,"turns":3.0},{"damage":43.0,"enemies":"The Guardian","floor":16.0,"turns":11.0},{"damage":39.0,"enemies":"2 Thieves","floor":18.0,"turns":4.0},{"damage":16.0,"enemies":"Chosen","floor":24.0,"turns":4.0},{"damage":0.0,"enemies":"Snecko","floor":29.0,"turns":5.0},{"damage":12.0,"enemies":"3 Cultists","floor":31.0,"turns":5.0},{"damage":146,"enemies":"Automaton","floor":33,"turns":13},{"damage":45,"enemies":"3 Shapes","floor":35,"turns":7},{"damage":25,"enemies":"3 Darklings","floor":37,"turns":8},{"damage":11,"enemies":"4 Shapes","floor":42,"turns":5},{"damage":2,"enemies":"Sphere and 2 Shapes","floor":45,"turns":9},{"damage":72,"enemies":"Awakened One","floor":50,"turns":6}],"event_choices":[{"event_name":"Liars Game","player_choice":"agreed","floor":2.0,"damage_taken":0.0},{"event_name":"Match and Keep!","player_choice":"1 cards matched","floor":3.0,"damage_taken":0.0},{"event_name":"Accursed Blacksmith","player_choice":"Rummage","floor":4.0,"damage_taken":0.0},{"event_name":"Bonfire Elementals","player_choice":"CURSE","floor":11.0,"damage_taken":0.0},{"event_name":"Mushrooms","player_choice":"Fought Mushrooms","floor":12.0,"damage_taken":0.0},{"event_name":"The Woman in Blue","player_choice":"Bought 2 Potions","floor":13.0,"damage_taken":0.0},{"event_name":"Forgotten Altar","player_choice":"Shed Blood","floor":20.0,"damage_taken":0.0},{"event_name":"Cursed Tome","player_choice":"Obtained Book","floor":21.0,"damage_taken":0.0},{"event_name":"The Lab","player_choice":"Got Potions","floor":22.0,"damage_taken":0.0},{"event_name":"SecretPortal","player_choice":"Rejected Portal.","floor":36,"damage_taken":0},{"event_name":"Transmorgrifier","player_choice":"Transform","floor":38,"damage_taken":0},{"event_name":"Tomb of Lord Red Mask","player_choice":"Ignored","floor":39,"damage_taken":0},{"event_name":"Golden Shrine","player_choice":"Pray","floor":41,"damage_taken":0},{"event_name":"Mysterious Sphere","player_choice":"Ignore","floor":47,"damage_taken":0},{"event_name":"The Moai Head","player_choice":"Ignored","floor":48,"damage_taken":0}],"boss_relics":[{"not_picked":["Calling Bell","Astrolabe"],"picked":"Cursed Key"}],"potions_floor_spawned":[8,12,16,18,29,31,37,42,45],"seed_played":"6954421179661325172","killed_by":"Awakened One","ascension_level":0,"is_trial":false}