{"gold_per_floor":[111,36,136,156,36,62,62,62,62,62,72,85,85],"floor_reached":13,"playtime":402,"items_purged":["Strike_B"],"score":112,"play_id":"593ef3ad-015a-4acc-82c9-feec7000bf7e","local_time":"20190219025347","is_ascension_mode":true,"campfire_choices":[{"floor":8,"key":"REST"}],"neow_cost":"NONE","seed_source_timestamp":207551302785729,"circlet_count":0,"master_deck":["Strike_B","Strike_B","Strike_B","Defend_B","Defend_B","Defend_B","Defend_B","Zap","Dualcast","Impatience","Capacitor","Cold Snap","Coolheaded+1"],"relics":["Cracked Core","Pen Nib","The Courier","Toxic Egg 2","Centennial Puzzle"],"potions_floor_usage":[6,12,13],"damage_taken":[{"damage":2,"enemies":"2 Louse","floor":1,"turns":2},{"damage":1,"enemies":"Cultist","floor":4,"turns":3},{"damage":50,"enemies":"Lagavulin","floor":6,"turns":6},{"damage":3,"enemies":"Jaw Worm","floor":11,"turns":4},{"damage":2,"enemies":"Exordium Wildlife","floor":12,"turns":3},{"damage":25,"enemies":"Gremlin Gang","floor":13,"turns":4}],"seed_played":"-9213942447848844930","potions_obtained":[{"floor":4,"key":"Fire Potion"},{"floor":6,"key":"Poison Potion"},{"floor":11,"key":"Explosive Potion"}],"is_trial":false,"path_per_floor":["M","$","?","M","$","E","?","R","T","$","M","M","M"],"character_chosen":"DEFECT","items_purchased":["Impatience","Capacitor"],"campfire_rested":1,"item_purchase_floors":[5,5],"current_hp_per_floor":[66,66,66,65,65,15,8,30,30,30,27,25,0],"gold":85,"neow_bonus":"RANDOM_COMMON_RELIC","is_prod":false,"is_daily":false,"chose_seed":false,"campfire_upgraded":0,"win_rate":0,"timestamp":1550541227,"path_taken":["M","$","?","?","$","E","?","R","T","?","M","?","M"],"build_version":"2019-01-23","purchased_purges":1,"victory":false,"max_hp_per_floor":[75,75,75,75,75,75,75,75,75,75,75,75,75],"card_choices":[{"not_picked":["Leap","Streamline","Ball Lightning"],"picked":"SKIP","floor":1},{"not_picked":["Tempest","Recycle","Static Discharge"],"picked":"SKIP","floor":4},{"not_picked":["Core Surge","Genetic Algorithm"],"picked":"Cold Snap","floor":6},{"not_picked":["Rebound","Tempest+1"],"picked":"Coolheaded+1","floor":11},{"not_picked":["Sweeping Beam","Beam Cell","Rip and Tear"],"picked":"SKIP","floor":12}],"player_experience":240790,"relics_obtained":[{"floor":6,"key":"The Courier"},{"floor":9,"key":"Centennial Puzzle"}],"event_choices":[{"damage_healed":0,"gold_gain":100,"player_choice":"Pray","damage_taken":0,"max_hp_gain":0,"max_hp_loss":0,"event_name":"Golden Shrine","floor":3,"gold_loss":0},{"damage_healed":0,"gold_gain":0,"player_choice":"Success","damage_taken":7,"relics_obtained":["Toxic Egg 2"],"max_hp_gain":0,"max_hp_loss":0,"event_name":"Scrap Ooze","floor":7,"gold_loss":0}],"is_beta":false,"boss_relics":[],"items_purged_floors":[2],"is_endless":false,"potions_floor_spawned":[4,6,11],"killed_by":"Gremlin Gang","ascension_level":7}