{"path_per_floor":["M","M","?","M","M","E","$","E","T","R","?","?","M","M","R","B",null,"M","?","$","?","M","R","E","?","T","R","$","R","?","M","R","B",null,"M","?","M","?","?","E","$","M","T","M","T","R","M","?","R","B"],"character_chosen":"DEFECT","items_purchased":["All For One","FTL","Oddly Smooth Stone","Defragment"],"gold_per_floor":[112,125,125,140,159,184,49,84,84,84,84,108,128,139,139,242,272,286,286,140,140,152,152,182,182,232,232,10,10,10,25,25,123,123,140,140,152,152,0,33,33,43,43,43,43,43,54,54,54,54],"floor_reached":51,"campfire_rested":4,"playtime":1656,"current_hp_per_floor":[62,61,61,60,53,48,48,21,21,21,46,27,24,22,59,22,80,57,47,47,47,39,79,57,57,57,57,57,57,57,57,86,28,86,62,62,62,51,51,3,3,3,3,3,3,43,40,75,75,9],"items_purged":["Strike_B"],"gold":54,"score":826,"play_id":"5c4f9d43-d6e0-45a4-8813-a6051160f05b","local_time":"20180519025533","is_prod":false,"is_daily":false,"chose_seed":false,"is_ascension_mode":true,"campfire_upgraded":4,"timestamp":1526691333,"campfire_choices":[{"data":"Zap","floor":10,"key":"SMITH"},{"floor":15,"key":"REST"},{"floor":23,"key":"REST"},{"data":"All For One","floor":27,"key":"SMITH"},{"data":"Defragment","floor":29,"key":"SMITH"},{"floor":32,"key":"REST"},{"floor":46,"key":"REST"},{"data":"Madness","floor":49,"key":"SMITH"}],"path_taken":["M","M","?","?","M","E","$","E","T","R","?","?","M","M","R","BOSS","M","?","$","?","?","R","E","?","T","R","?","R","?","M","R","BOSS","M","?","?","?","?","E","$","M","T","M","?","R","?","?","R","BOSS"],"build_version":"2018-05-17","seed_source_timestamp":1181534227738895,"purchased_purges":2,"victory":true,"master_deck":["Strike_B","Defend_B","Defend_B","Defend_B","Defend_B","Zap+1","Dualcast+1","Ball Lightning","Conserve Battery","Chaos","All For One+1","Auto Shields","Axe Kick","Cold Snap","Reboot","Go for the Eyes","Necronomicurse","FTL","Beam Cell+1","Beam Cell+1","Defragment+1","All For One+1","Leap+1","Echo Form+1","BootSequence","Capacitor+1","Madness","Madness+1","Leap+1","Go for the Eyes+1","Capacitor+1"],"max_hp_per_floor":[75,75,75,75,75,75,75,75,75,75,75,75,75,75,75,75,80,80,86,86,86,86,86,86,86,86,86,86,86,86,86,86,86,86,86,86,86,86,86,86,86,86,86,86,86,86,86,75,75,75],"relics":["Cracked Core","Orichalcum","Regal Pillow","Darkstone Periapt","Odd Mushroom","Tiny House","Necronomicon","Torii","Anchor","Oddly Smooth Stone","Nuclear Battery","Red Mask","Gremlin Horn","Ice Cream","Pantograph"],"card_choices":[{"not_picked":["Skim","Stack","Rebound"],"picked":"SKIP","floor":1},{"not_picked":["Sweeping Beam","Double Energy","Steam"],"picked":"SKIP","floor":2},{"not_picked":["Static Discharge","Cold Snap"],"picked":"Ball Lightning","floor":4},{"not_picked":["Lockon","Storm"],"picked":"Conserve Battery","floor":5},{"not_picked":["Axe Kick","Hologram"],"picked":"Chaos","floor":6},{"not_picked":["Steam Power","Coolheaded"],"picked":"Auto Shields","floor":8},{"not_picked":["Barrage","Glacier"],"picked":"Axe Kick","floor":13},{"not_picked":["Recycle","Skim"],"picked":"Cold Snap","floor":14},{"not_picked":["Creative AI","All For One"],"picked":"Reboot","floor":16},{"not_picked":["Leap","Coolheaded"],"picked":"Go for the Eyes","floor":17},{"not_picked":["Cold Snap","Stack","Amplify"],"picked":"SKIP","floor":18},{"not_picked":["Streamline+1","Rebound"],"picked":"Beam Cell+1","floor":22},{"not_picked":["Turbo+1","Conserve Battery+1"],"picked":"Beam Cell+1","floor":24},{"not_picked":["Undo+1","Steam"],"picked":"Leap+1","floor":31},{"not_picked":["Hyperbeam","Buffer"],"picked":"Echo Form","floor":33},{"not_picked":["Cold Snap","Sweeping Beam+1"],"picked":"BootSequence","floor":35},{"not_picked":["Barrage+1","Tempest+1"],"picked":"Capacitor+1","floor":37},{"not_picked":["Biased Cognition","Skim+1"],"picked":"Leap+1","floor":40},{"not_picked":["Tempest+1","Coolheaded+1"],"picked":"Go for the Eyes+1","floor":42},{"not_picked":["Stack+1","Streamline"],"picked":"Capacitor+1","floor":47}],"player_experience":74355,"potions_floor_usage":[6,6,6,6,6,6,16,16,16,24,24,33,44,50],"damage_taken":[{"damage":13,"enemies":"Jaw Worm","floor":1,"turns":4},{"damage":1,"enemies":"Cultist","floor":2,"turns":3},{"damage":1,"enemies":"2 Louse","floor":4,"turns":2},{"damage":7,"enemies":"Exordium Wildlife","floor":5,"turns":3},{"damage":5,"enemies":"Gremlin Nob","floor":6,"turns":3},{"damage":27,"enemies":"3 Sentries","floor":8,"turns":7},{"damage":19,"enemies":"The Mushroom Lair","floor":12,"turns":4},{"damage":3,"enemies":"Red Slaver","floor":13,"turns":3},{"damage":2,"enemies":"3 Louse","floor":14,"turns":3},{"damage":37,"enemies":"Hexaghost","floor":16,"turns":10},{"damage":23,"enemies":"2 Thieves","floor":18,"turns":5},{"damage":8,"enemies":"3 Byrds","floor":22,"turns":5},{"damage":22,"enemies":"Book of Stabbing","floor":24,"turns":6},{"damage":0,"enemies":"Snecko","floor":31,"turns":5},{"damage":58,"enemies":"Collector","floor":33,"turns":9},{"damage":24,"enemies":"3 Darklings","floor":35,"turns":4},{"damage":0,"enemies":"Orb Walker","floor":37,"turns":3},{"damage":48,"enemies":"2 Orb Walkers","floor":40,"turns":5},{"damage":0,"enemies":"Sphere and 2 Shapes","floor":42,"turns":5},{"damage":0,"enemies":"Spire Growth","floor":44,"turns":1},{"damage":3,"enemies":"3 Darklings","floor":47,"turns":5},{"damage":66,"enemies":"Donu and Deca","floor":50,"turns":11}],"relics_obtained":[{"floor":6,"key":"Orichalcum"},{"floor":8,"key":"Regal Pillow"},{"floor":9,"key":"Darkstone Periapt"},{"floor":12,"key":"Odd Mushroom"},{"floor":19,"key":"Necronomicon"},{"floor":24,"key":"Torii"},{"floor":26,"key":"Anchor"},{"floor":40,"key":"Gremlin Horn"},{"floor":43,"key":"Ice Cream"},{"floor":45,"key":"Pantograph"}],"event_choices":[{"event_name":"Bonfire Elementals","player_choice":"BASIC","floor":3,"damage_taken":0},{"event_name":"Big Fish","player_choice":"Banana","floor":11,"damage_taken":0},{"event_name":"Mushrooms","player_choice":"Fought Mushrooms","floor":12,"damage_taken":0},{"event_name":"Cursed Tome","player_choice":"Obtained Book","floor":19,"damage_taken":0},{"event_name":"Drug Dealer","player_choice":"Ignored","floor":21,"damage_taken":0},{"event_name":"Purifier","player_choice":"One Purge","floor":25,"damage_taken":0},{"event_name":"Duplicator","player_choice":"One dupe","floor":30,"damage_taken":0},{"event_name":"Upgrade Shrine","player_choice":"Upgraded","floor":36,"damage_taken":0},{"event_name":"Winding Halls","player_choice":"Embrace Madness","floor":38,"damage_taken":0},{"event_name":"Tomb of Lord Red Mask","player_choice":"Paid","floor":39,"damage_taken":0},{"event_name":"The Moai Head","player_choice":"Heal","floor":48,"damage_taken":0}],"boss_relics":[{"not_picked":["Black Star","White Beast Statue"],"picked":"Tiny House"},{"not_picked":["Snecko Eye","Sozu"],"picked":"Nuclear Battery"}],"potions_floor_spawned":[5,8,12,14,16,24,37,44,47],"seed_played":"-6789197893927611925","ascension_level":3,"potions_obtained":[{"floor":8,"key":"Weak Potion"},{"floor":12,"key":"SkillPotion"},{"floor":14,"key":"Swift Potion"},{"floor":16,"key":"FocusPotion"},{"floor":17,"key":"Strength Potion"},{"floor":24,"key":"Weak Potion"},{"floor":37,"key":"SmokeBomb"},{"floor":47,"key":"AttackPotion"}],"is_trial":false}