{"path_per_floor":["M","M","?","T","?","E","R","M","T","$","E","M","E","M","R","B",null,"M","M","M","M"],"character_chosen":"IRONCLAD","items_purchased":["Happy Flower"],"gold_per_floor":[219,234,409,409,409,435,435,450,501,276,305,323,358,374,374,472,472,483,465,483,498,498],"floor_reached":22,"campfire_rested":2,"playtime":1149,"current_hp_per_floor":[80,78,78,78,71,24,48,54,54,54,56,63,38,40,64,20,80,60,68,61,19,0],"items_purged":["Doubt"],"gold":498,"score":208,"play_id":"0fa9a34f-5de4-48fc-8db0-b0c2f68d24f9","local_time":"20180513132809","is_prod":false,"is_daily":false,"chose_seed":false,"is_ascension_mode":false,"campfire_upgraded":0,"timestamp":1526243289,"path_taken":["M","M","?","?","?","E","R","M","T","$","E","M","E","M","R","BOSS","M","M","M","M","M"],"build_version":"2018-05-10","seed_source_timestamp":303141076305556,"purchased_purges":1,"victory":false,"master_deck":["Strike_R","Strike_R","Strike_R","Strike_R","Strike_R","Defend_R","Defend_R","Defend_R","Defend_R","Bash","Iron Wave","Cleave","Cleave","Intimidate","Twin Strike","Metallicize+1","Feed","Anger","Iron Wave+1"],"max_hp_per_floor":[80,80,80,80,80,80,80,80,80,80,80,80,80,80,80,80,80,80,80,80,83,86],"relics":["Black Blood","Juzu Bracelet","Anchor","Frozen Egg 2","Blood Vial","Happy Flower","Oddly Smooth Stone","Calipers"],"card_choices":[{"not_picked":["Battle Trance","Spot Weakness"],"picked":"Iron Wave","floor":1},{"not_picked":["Sword Boomerang","Reckless Charge"],"picked":"Cleave","floor":2},{"not_picked":["Shrug It Off","Disarm"],"picked":"Cleave","floor":6},{"not_picked":["Body Slam","Shrug It Off"],"picked":"Intimidate","floor":11},{"not_picked":["Perfected Strike","Shrug It Off"],"picked":"Twin Strike","floor":12},{"not_picked":["Havoc","Clothesline"],"picked":"Metallicize","floor":14},{"not_picked":["Impervious","Immolate"],"picked":"Feed","floor":16},{"not_picked":["Iron Wave","Brutality"],"picked":"Anger","floor":19},{"not_picked":["Headbutt","Battle Trance"],"picked":"Iron Wave","floor":20}],"player_experience":68412,"potions_floor_usage":[11,13,16,16,19,20],"damage_taken":[{"damage":4,"enemies":"2 Louse","floor":1,"turns":3},{"damage":8,"enemies":"Jaw Worm","floor":2,"turns":5},{"damage":53,"enemies":"Lagavulin","floor":6,"turns":8},{"damage":0,"enemies":"Small Slimes","floor":8,"turns":2},{"damage":6,"enemies":"3 Sentries","floor":11,"turns":6},{"damage":1,"enemies":"Blue Slaver","floor":12,"turns":3},{"damage":33,"enemies":"Lagavulin","floor":13,"turns":8},{"damage":6,"enemies":"Exordium Thugs","floor":14,"turns":4},{"damage":52,"enemies":"Hexaghost","floor":16,"turns":12},{"damage":30,"enemies":"Chosen","floor":18,"turns":7},{"damage":4,"enemies":"2 Thieves","floor":19,"turns":4},{"damage":19,"enemies":"Snecko","floor":20,"turns":5},{"damage":57,"enemies":"Centurion and Healer","floor":21,"turns":13},{"damage":24,"enemies":"Cultist and Chosen","floor":22,"turns":5}],"event_choices":[{"event_name":"Liars Game","player_choice":"agreed","floor":3,"damage_taken":0},{"event_name":"Scrap Ooze","player_choice":"success","floor":5,"damage_taken":7}],"boss_relics":[{"not_picked":["Runic Cube","White Beast Statue"],"picked":"Black Blood"}],"potions_floor_spawned":[2,6,13,14,18,19],"seed_played":"-9134593552117635298","killed_by":"Cultist and Chosen","ascension_level":0,"is_trial":false}