{"path_per_floor":["M","M","M","?","$","E","M","R","T","M","M","$","M","E","R"],"character_chosen":"THE_SILENT","items_purchased":["Leg Sweep"],"gold_per_floor":[114,131,148,148,73,104,114,114,114,126,146,12,29,55,55,55],"floor_reached":16,"campfire_rested":2,"playtime":646,"current_hp_per_floor":[70,70,70,63,63,28,40,63,63,57,49,49,49,38,61,0],"items_purged":["Defend_G","Defend_G"],"gold":55,"score":125,"play_id":"75b0f4c9-f4e0-4882-b060-838b867918a5","local_time":"20180423195805","is_prod":false,"is_daily":false,"chose_seed":false,"is_ascension_mode":true,"campfire_upgraded":0,"timestamp":1524506285,"path_taken":["M","M","M","?","$","E","M","R","T","?","M","$","M","E","R","BOSS"],"build_version":"2018-04-19","seed_source_timestamp":2194361887693995,"purchased_purges":2,"victory":false,"master_deck":["Defend_G","Defend_G","Defend_G","Strike_G","Strike_G","Strike_G","Strike_G","Survivor","Neutralize","Heel Hook","Leg Sweep","Poisoned Stab","Deadly Poison","Backflip","Leg Sweep","Burst"],"max_hp_per_floor":[70,70,70,70,70,77,77,77,77,77,77,77,77,77,77,77],"relics":["Ring of the Snake","NeowsBlessing","Strawberry","Mercury Hourglass","Blue Candle"],"card_choices":[{"not_picked":["Cloak And Dagger","Prepared"],"picked":"Heel Hook","floor":1},{"not_picked":["Flying Knee","Backflip"],"picked":"Leg Sweep","floor":3},{"not_picked":["Prepared","Acrobatics"],"picked":"Poisoned Stab","floor":6},{"not_picked":["Acrobatics","Deflect"],"picked":"Deadly Poison","floor":10},{"not_picked":["Quick Slash","Acrobatics"],"picked":"Backflip","floor":11},{"not_picked":["Envenom","Well Laid Plans"],"picked":"Burst","floor":14}],"player_experience":115849,"potions_floor_usage":[6,7,14,16,16],"damage_taken":[{"damage":0,"enemies":"Small Slimes","floor":1,"turns":1},{"damage":0,"enemies":"Jaw Worm","floor":2,"turns":1},{"damage":0,"enemies":"2 Louse","floor":3,"turns":2},{"damage":57,"enemies":"Gremlin Nob","floor":6,"turns":7},{"damage":0,"enemies":"Looter","floor":7,"turns":4},{"damage":6,"enemies":"Lots of Slimes","floor":10,"turns":4},{"damage":8,"enemies":"Exordium Wildlife","floor":11,"turns":4},{"damage":0,"enemies":"Blue Slaver","floor":13,"turns":3},{"damage":11,"enemies":"3 Sentries","floor":14,"turns":8},{"damage":62,"enemies":"Slime Boss","floor":16,"turns":13}],"event_choices":[{"event_name":"Golden Wing","player_choice":"Card Removal","floor":4,"damage_taken":0}],"boss_relics":[],"potions_floor_spawned":[1,3,6,11,13],"seed_played":"-772280394439684489","killed_by":"Slime Boss","ascension_level":2,"is_trial":false}