{"path_per_floor":["M","M","?","$","?","R","E","M","T","M","?","E","R","M","R","B",null,"M","?","?","?","M","E","?","M","T","M","$"],"character_chosen":"THE_SILENT","items_purchased":["Footwork","Outmaneuver","Well Laid Plans","Flying Knee"],"gold_per_floor":[142,159,159,57,57,57,100,114,114,133,194,227,227,241,241,372,372,387,312,312,312,328,360,360,371,371,386,180],"floor_reached":29,"campfire_rested":1,"playtime":2858,"current_hp_per_floor":[75,73,73,73,55,55,33,33,33,30,13,13,13,13,35,23,75,71,71,71,71,55,60,44,39,39,31,31],"items_purged":["Strike_G"],"gold":180,"score":278,"play_id":"d76bd8c7-d4d9-4b29-8db4-43c60ec57b6f","is_prod":false,"is_daily":false,"is_ascension_mode":false,"campfire_upgraded":2,"path_taken":["M","M","?","$","?","R","E","M","T","M","?","E","R","M","R","BOSS","M","?","?","?","M","E","?","?","T","M","$","?"],"build_version":"2018-02-08-BETA1","purchased_purges":1,"victory":false,"master_deck":["Defend_G","Defend_G","Defend_G","Defend_G","Defend_G","Strike_G","Strike_G","Survivor","Neutralize","Quick Slash","Deflect","Backflip","Footwork","Outmaneuver+1","Caltrops","Acrobatics","Flying Knee","Footwork","A Thousand Cuts+1","Sucker Punch","A Thousand Cuts","Slice","Outmaneuver","Expertise","Flying Knee","Dodge and Roll","Night Terror","Well Laid Plans","Flying Knee"],"max_hp_per_floor":[75,75,75,75,75,75,75,75,75,75,75,75,75,75,75,75,75,75,75,75,75,75,82,82,82,82,82,82],"relics":["Tiny House","Bloody Idol","Oddly Smooth Stone","Omamori","Shuriken","Bag of Marbles","Question Card","Strawberry","Necronomicon","Thread and Needle"],"card_choices":[{"not_picked":["Expertise","Prepared"],"picked":"Quick Slash"},{"not_picked":["Quick Slash","Sucker Punch"],"picked":"Deflect"},{"not_picked":["Dagger Spray","Slice"],"picked":"Backflip"},{"not_picked":["Bane","Accuracy"],"picked":"Caltrops"},{"not_picked":["Deflect","PiercingWail"],"picked":"Acrobatics"},{"not_picked":["Quick Slash","Sucker Punch"],"picked":"Flying Knee"},{"not_picked":["Slice","Crippling Poison"],"picked":"Footwork"},{"not_picked":["Underhanded Strike","Prepared"],"picked":"A Thousand Cuts"},{"not_picked":["Finisher","Deadly Poison"],"picked":"Sucker Punch"},{"not_picked":["Tactician","Envenom"],"picked":"A Thousand Cuts"},{"not_picked":["Backflip","Deadly Poison","Accuracy"],"picked":"Slice"},{"not_picked":["PiercingWail","Dagger Spray","Leg Sweep"],"picked":"Expertise"},{"not_picked":["Dagger Throw","Catalyst","Quick Slash"],"picked":"Flying Knee"},{"not_picked":["Poisoned Stab","Quick Slash","Prepared"],"picked":"Dodge and Roll"},{"not_picked":["Bane","Eviscerate","Quick Slash"],"picked":"Night Terror"}],"player_experience":77209,"potions_floor_usage":[7,7,11,22,27,27,29],"damage_taken":[{"damage":0,"enemies":"Small Slimes","floor":1,"turns":5},{"damage":2,"enemies":"Cultist","floor":2,"turns":5},{"damage":22,"enemies":"Lagavulin","floor":7,"turns":14},{"damage":0,"enemies":"Jaw Worm","floor":8,"turns":6},{"damage":3,"enemies":"3 Louse","floor":10,"turns":5},{"damage":17,"enemies":"Gremlin Nob","floor":11,"turns":5},{"damage":0,"enemies":"3 Sentries","floor":12,"turns":12},{"damage":0,"enemies":"Large Slime","floor":14,"turns":5},{"damage":12,"enemies":"Hexaghost","floor":16,"turns":11},{"damage":4,"enemies":"Shell Parasite","floor":18,"turns":7},{"damage":21,"enemies":"3 Byrds","floor":22,"turns":4},{"damage":7,"enemies":"Book of Stabbing","floor":23,"turns":8},{"damage":10,"enemies":"Sentry and Sphere","floor":25,"turns":7},{"damage":13,"enemies":"Slaver and Parasite","floor":27,"turns":10},{"damage":48,"enemies":"Masked Bandits","floor":29,"turns":5}],"event_choices":[{"event_name":"Living Wall","player_choice":"Forget","floor":3,"damage_taken":0},{"event_name":"Golden Idol","player_choice":"Take Damage","floor":5,"damage_taken":0},{"event_name":"Dead Adventurer","player_choice":"Searched \u00273\u0027 times","floor":11,"damage_taken":0},{"event_name":"Beggar","player_choice":"Gave Gold","floor":19,"damage_taken":0},{"event_name":"Forgotten Altar","player_choice":"Gave Idol","floor":20,"damage_taken":0},{"event_name":"The Library","player_choice":"Read","floor":21,"damage_taken":0},{"event_name":"Cursed Tome","player_choice":"Obtained Book","floor":24,"damage_taken":0},{"event_name":"Masked Bandits","player_choice":"Fought over 180 gold","floor":29,"damage_taken":0}],"boss_relics":[{"not_picked":["Velvet Choker","Ectoplasm"],"picked":"Question Card"}],"potions_floor_spawned":[1,8,11,23,25,27],"seed_played":"7364598474719265943","killed_by":"Masked Bandits","ascension_level":0,"is_trial":false}