{"gold_per_floor":[115,215,233,251,67,67,80,108,108,108,128,128,139,155,155,250,250,264,64,77,77,88,88,120,120],"floor_reached":25,"playtime":1108,"items_purged":[],"score":248,"play_id":"85009e40-4502-4389-8748-876d607054d5","local_time":"20190412211250","is_ascension_mode":true,"campfire_choices":[{"data":"Zap","floor":6,"key":"SMITH"},{"data":"Dualcast","floor":10,"key":"SMITH"},{"data":"Self Repair","floor":12,"key":"SMITH"},{"floor":15,"key":"REST"},{"floor":23,"key":"REST"}],"neow_cost":"NONE","seed_source_timestamp":92908927334003,"circlet_count":0,"master_deck":["Strike_B","Strike_B","Strike_B","Strike_B","Defend_B","Defend_B","Defend_B","Defend_B","Zap+1","Dualcast+1","Undo","Cold Snap","Sweeping Beam","Self Repair+1","Ball Lightning","Machine Learning","Coolheaded+1","Capacitor","Beam Cell","FTL","Ball Lightning+1","Barrage+1"],"relics":["Cracked Core","Happy Flower","Vajra","Singing Bowl","Shuriken","Runic Pyramid","Matryoshka"],"potions_floor_usage":[],"damage_taken":[{"damage":1,"enemies":"2 Louse","floor":1,"turns":3},{"damage":0,"enemies":"Cultist","floor":3,"turns":3},{"damage":0,"enemies":"Small Slimes","floor":4,"turns":2},{"damage":7,"enemies":"2 Fungi Beasts","floor":7,"turns":2},{"damage":23,"enemies":"3 Sentries","floor":8,"turns":6},{"damage":12,"enemies":"Large Slime","floor":11,"turns":4},{"damage":12,"enemies":"Lots of Slimes","floor":13,"turns":4},{"damage":14,"enemies":"Red Slaver","floor":14,"turns":2},{"damage":44,"enemies":"The Guardian","floor":16,"turns":8},{"damage":41,"enemies":"2 Thieves","floor":18,"turns":4},{"damage":15,"enemies":"Chosen","floor":20,"turns":4},{"damage":34,"enemies":"Snake Plant","floor":22,"turns":4},{"damage":38,"enemies":"Book of Stabbing","floor":24,"turns":5},{"damage":39,"enemies":"Cultist and Chosen","floor":25,"turns":4}],"seed_played":"8188072934624096333","potions_obtained":[{"floor":1,"key":"Swift Potion"},{"floor":8,"key":"Weak Potion"},{"floor":13,"key":"Strength Potion"},{"floor":16,"key":"LiquidBronze"},{"floor":18,"key":"Fire Potion"}],"is_trial":false,"path_per_floor":["M","?","M","M","$","R","M","E","T","R","M","R","M","M","R","B",null,"M","$","M","?","M","R","E","M"],"character_chosen":"DEFECT","items_purchased":["Vajra","Self Repair","Capacitor","Beam Cell","FTL"],"campfire_rested":2,"item_purchase_floors":[5,5,19,19,19],"current_hp_per_floor":[74,74,74,74,74,74,74,60,60,60,57,57,57,45,69,35,83,52,52,47,47,23,47,21,0],"gold":120,"neow_bonus":"RANDOM_COMMON_RELIC","is_prod":false,"is_daily":false,"chose_seed":false,"campfire_upgraded":3,"win_rate":0,"timestamp":1555121570,"path_taken":["M","?","M","M","?","R","M","E","T","R","M","R","M","?","R","BOSS","M","$","M","?","M","R","E","M"],"build_version":"2019-01-23","purchased_purges":0,"victory":false,"max_hp_per_floor":[75,75,75,75,75,75,75,77,77,77,79,79,81,83,83,83,83,83,83,83,83,83,83,85,85],"card_choices":[{"not_picked":["Blizzard","Turbo"],"picked":"Undo","floor":1},{"not_picked":["Darkness","Blizzard"],"picked":"Cold Snap","floor":3},{"not_picked":["Rebound","Beam Cell"],"picked":"Sweeping Beam","floor":4},{"not_picked":["Streamline","Heatsinks"],"picked":"Ball Lightning","floor":7},{"not_picked":["Self Repair","Doom and Gloom","Hello World"],"picked":"Singing Bowl","floor":8},{"not_picked":["Aggregate","Streamline","Rebound"],"picked":"Singing Bowl","floor":11},{"not_picked":["Hyperbeam","Heatsinks","White Noise"],"picked":"Singing Bowl","floor":13},{"not_picked":["Self Repair","Scrape","Force Field"],"picked":"Singing Bowl","floor":14},{"not_picked":["Buffer","Rainbow"],"picked":"Machine Learning","floor":16},{"not_picked":["Reinforced Body","Gash+1"],"picked":"Coolheaded+1","floor":18},{"not_picked":["Force Field","Static Discharge"],"picked":"Ball Lightning+1","floor":20},{"not_picked":["Loop","Recycle"],"picked":"Barrage+1","floor":22},{"not_picked":["Fusion+1","Streamline","Reprogram"],"picked":"Singing Bowl","floor":24}],"player_experience":162963,"relics_obtained":[{"floor":8,"key":"Singing Bowl"},{"floor":9,"key":"Shuriken"},{"floor":24,"key":"Matryoshka"}],"event_choices":[{"damage_healed":0,"gold_gain":100,"player_choice":"Pray","damage_taken":0,"max_hp_gain":0,"max_hp_loss":0,"event_name":"Golden Shrine","floor":2,"gold_loss":0},{"damage_healed":0,"gold_gain":0,"player_choice":"Ignored","damage_taken":0,"max_hp_gain":0,"max_hp_loss":0,"event_name":"Ghosts","floor":21,"gold_loss":0}],"is_beta":false,"boss_relics":[{"not_picked":["Runic Dome","Busted Crown"],"picked":"Runic Pyramid"}],"items_purged_floors":[],"is_endless":false,"potions_floor_spawned":[1,8,13,14,16,18,24],"killed_by":"Cultist and Chosen","ascension_level":2}