{"gold_per_floor":[111,36,36,47,65,65,93,268,291,333,345,357,429,459,471,483],"floor_reached":16,"playtime":817,"items_purged":[],"score":124,"play_id":"4a8d3daf-0142-47b5-bfd8-27f9367131b1","local_time":"20190130134310","is_ascension_mode":true,"campfire_choices":[{"data":"Calculated Gamble","floor":6,"key":"SMITH"},{"floor":11,"key":"REST"},{"floor":15,"key":"REST"}],"neow_cost":"NONE","seed_source_timestamp":83873280948839,"circlet_count":0,"master_deck":["Defend_G","Defend_G","Defend_G","Strike_G","Strike_G","Strike_G","Strike_G","Strike_G","Survivor","Neutralize","Finisher","Well Laid Plans","Accuracy","Calculated Gamble+1","Corpse Explosion","Doubt","Blur","Riddle With Holes","Acrobatics","Outmaneuver"],"relics":["Ring of the Snake","NeowsBlessing","Snake Skull","MawBank","Omamori","Tiny Chest"],"potions_floor_usage":[10,13,14,16],"damage_taken":[{"damage":0,"enemies":"2 Louse","floor":1,"turns":1},{"damage":0,"enemies":"Cultist","floor":4,"turns":1},{"damage":0,"enemies":"Jaw Worm","floor":5,"turns":1},{"damage":22,"enemies":"Lagavulin","floor":7,"turns":9},{"damage":30,"enemies":"Gremlin Nob","floor":10,"turns":5},{"damage":37,"enemies":"Lagavulin","floor":13,"turns":7},{"damage":0,"enemies":"Looter","floor":14,"turns":1},{"damage":21,"enemies":"Slime Boss","floor":16,"turns":7}],"seed_played":"-1559170081726109205","potions_obtained":[{"floor":5,"key":"Weak Potion"},{"floor":7,"key":"Energy Potion"},{"floor":13,"key":"SteroidPotion"},{"floor":14,"key":"Weak Potion"}],"is_trial":false,"path_per_floor":["M","$","?","M","M","R","E","?","T","E","R","?","E","M","R","B"],"character_chosen":"THE_SILENT","items_purchased":["Well Laid Plans"],"campfire_rested":2,"item_purchase_floors":[2],"current_hp_per_floor":[70,70,70,70,70,70,48,48,48,18,39,39,2,2,23,2],"gold":483,"neow_bonus":"THREE_ENEMY_KILL","is_prod":false,"is_daily":false,"chose_seed":false,"campfire_upgraded":1,"win_rate":0,"timestamp":1548877390,"path_taken":["M","$","?","?","?","R","E","?","T","E","R","?","E","M","R","BOSS"],"build_version":"2019-01-23","purchased_purges":0,"victory":false,"max_hp_per_floor":[70,70,70,70,70,70,70,70,70,70,70,70,70,70,70,70],"card_choices":[{"not_picked":["Cloak And Dagger","Caltrops"],"picked":"Finisher","floor":1},{"not_picked":["Dagger Spray","Terror"],"picked":"Accuracy","floor":4},{"not_picked":["Choke","Dodge and Roll"],"picked":"Calculated Gamble","floor":5},{"not_picked":["Skewer","Dagger Spray"],"picked":"Corpse Explosion","floor":7},{"not_picked":["Leg Sweep","Dash"],"picked":"Blur","floor":10},{"not_picked":["Sucker Punch","PiercingWail"],"picked":"Acrobatics","floor":13},{"not_picked":["Sucker Punch","Dagger Spray"],"picked":"Outmaneuver","floor":14}],"player_experience":423082,"relics_obtained":[{"floor":7,"key":"Snake Skull"},{"floor":9,"key":"MawBank"},{"floor":10,"key":"Omamori"},{"floor":13,"key":"Tiny Chest"}],"event_choices":[{"cards_removed":["Defend_G"],"damage_healed":0,"gold_gain":0,"player_choice":"Purged","damage_taken":0,"max_hp_gain":0,"max_hp_loss":0,"event_name":"Purifier","floor":3,"gold_loss":0},{"damage_healed":0,"gold_gain":175,"player_choice":"AGREE","damage_taken":0,"max_hp_gain":0,"max_hp_loss":0,"event_name":"Liars Game","floor":8,"gold_loss":0,"cards_obtained":["Doubt"]},{"damage_healed":0,"gold_gain":0,"cards_transformed":["Defend_G"],"player_choice":"Change","damage_taken":0,"max_hp_gain":0,"max_hp_loss":0,"event_name":"Living Wall","floor":12,"gold_loss":0,"cards_obtained":["Riddle With Holes"]}],"is_beta":false,"boss_relics":[],"items_purged_floors":[],"is_endless":false,"potions_floor_spawned":[5,7,13,14],"killed_by":"Slime Boss","ascension_level":1}