{"gold_per_floor":[119,132,147,147,147,147,164,164,164,164,8,8,83,72,72,170,170,185,33,46,0,20,20,36,36,36,36,36,51,51,62,62,62],"floor_reached":33,"playtime":1767,"items_purged":["Regret"],"score":296,"play_id":"60f42aba-f6d5-45cd-9ba2-b48c2b241e45","local_time":"20181102005025","is_ascension_mode":true,"campfire_choices":[{"data":"Rainbow","floor":6,"key":"SMITH"},{"floor":10,"key":"REST"},{"data":"Loop","floor":12,"key":"SMITH"},{"floor":15,"key":"REST"},{"data":"Turbo","floor":23,"key":"SMITH"},{"data":"Coolheaded","floor":25,"key":"SMITH"},{"data":"Zap","floor":27,"key":"SMITH"},{"data":"Dualcast","floor":32,"key":"SMITH"}],"neow_cost":"PERCENT_DAMAGE","seed_source_timestamp":339824026530214,"circlet_count":0,"master_deck":["Strike_B","Strike_B","Strike_B","Defend_B","Defend_B","Defend_B","Zap+1","Dualcast+1","Rainbow+1","Compile Driver","Coolheaded+1","Rebound","Chill","Self Repair","Loop+1","Self Repair","Meteor Strike","Conserve Battery","Turbo+1"],"relics":["Cracked Core","Torii","Sundial","Kunai","Busted Crown","Bag of Preparation","Mercury Hourglass"],"potions_floor_usage":[3,16,16,31,31,33],"damage_taken":[{"damage":5,"enemies":"Small Slimes","floor":1,"turns":4},{"damage":3,"enemies":"2 Louse","floor":2,"turns":2},{"damage":12,"enemies":"Jaw Worm","floor":3,"turns":2},{"damage":1,"enemies":"2 Fungi Beasts","floor":7,"turns":4},{"damage":10,"enemies":"Exordium Thugs","floor":14,"turns":4},{"damage":58,"enemies":"Hexaghost","floor":16,"turns":13},{"damage":1,"enemies":"Chosen","floor":18,"turns":4},{"damage":14,"enemies":"3 Byrds","floor":20,"turns":6},{"damage":25,"enemies":"Snake Plant","floor":22,"turns":5},{"damage":10,"enemies":"Centurion and Healer","floor":24,"turns":8},{"damage":6,"enemies":"Snecko","floor":29,"turns":4},{"damage":24,"enemies":"Snake Plant","floor":31,"turns":3},{"damage":58,"enemies":"Automaton","floor":33,"turns":8}],"seed_played":"-764057851402394568","potions_obtained":[{"floor":1,"key":"SkillPotion"},{"floor":3,"key":"Fruit Juice"},{"floor":7,"key":"Regen Potion"},{"floor":22,"key":"SpeedPotion"},{"floor":24,"key":"LiquidBronze"},{"floor":29,"key":"Poison Potion"}],"is_trial":false,"path_per_floor":["M","M","M","?","?","R","M","?","T","R","$","R","?","M","R","B",null,"M","$","M","?","M","R","M","R","T","R","?","M","$","M","R","B"],"character_chosen":"DEFECT","items_purchased":["Loop","Bag of Preparation"],"campfire_rested":2,"item_purchase_floors":[11,19],"current_hp_per_floor":[49,46,39,27,27,27,26,26,26,50,50,50,39,36,60,31,68,80,80,80,80,69,69,73,73,73,73,58,66,66,56,56,0],"gold":62,"neow_bonus":"TRANSFORM_TWO_CARDS","is_prod":false,"is_daily":false,"chose_seed":false,"campfire_upgraded":6,"win_rate":0,"timestamp":1541137825,"path_taken":["M","M","M","?","?","R","M","?","T","R","$","R","?","M","R","BOSS","M","$","M","?","M","R","M","R","T","R","?","M","$","?","R","BOSS"],"build_version":"2018-11-01","purchased_purges":1,"victory":false,"max_hp_per_floor":[75,75,80,80,80,80,80,80,80,80,80,80,80,80,80,80,80,80,80,80,80,80,80,80,80,80,80,85,85,85,85,85,85],"card_choices":[{"not_picked":["Auto Shields","Skim"],"picked":"Coolheaded","floor":1},{"not_picked":["FTL","Beam Cell"],"picked":"Rebound","floor":2},{"not_picked":["Gash","BootSequence"],"picked":"Chill","floor":3},{"not_picked":["Double Energy","Streamline"],"picked":"Self Repair","floor":7},{"not_picked":["Cold Snap","Streamline"],"picked":"Self Repair","floor":14},{"not_picked":["Multi-Cast","Core Surge"],"picked":"Meteor Strike","floor":16},{"not_picked":[],"picked":"Conserve Battery","floor":18},{"not_picked":[],"picked":"Turbo","floor":20},{"not_picked":["Rebound+1"],"picked":"SKIP","floor":22},{"not_picked":["Beam Cell"],"picked":"SKIP","floor":24},{"not_picked":["Streamline+1"],"picked":"SKIP","floor":29},{"not_picked":["Rebound+1"],"picked":"SKIP","floor":31}],"player_experience":253959,"relics_obtained":[{"floor":9,"key":"Kunai"},{"floor":26,"key":"Mercury Hourglass"}],"event_choices":[{"damage_healed":0,"gold_gain":0,"player_choice":"Success","damage_taken":12,"relics_obtained":["Torii"],"max_hp_gain":0,"max_hp_loss":0,"event_name":"Scrap Ooze","floor":4,"gold_loss":0},{"damage_healed":0,"gold_gain":0,"player_choice":"Leave","damage_taken":0,"max_hp_gain":0,"max_hp_loss":0,"event_name":"The Cleric","floor":5,"gold_loss":0},{"damage_healed":0,"gold_gain":0,"player_choice":"Box","damage_taken":0,"relics_obtained":["Sundial"],"max_hp_gain":0,"max_hp_loss":0,"event_name":"Big Fish","floor":8,"gold_loss":0,"cards_obtained":["Regret"]},{"damage_healed":0,"gold_gain":75,"player_choice":"Gather Gold","damage_taken":11,"max_hp_gain":0,"max_hp_loss":0,"event_name":"World of Goop","floor":13,"gold_loss":0},{"damage_healed":0,"gold_gain":0,"player_choice":"Paid Fearfully","damage_taken":0,"max_hp_gain":0,"max_hp_loss":0,"event_name":"Masked Bandits","floor":21,"gold_loss":46},{"damage_healed":0,"gold_gain":0,"player_choice":"Shed Blood","damage_taken":20,"max_hp_gain":5,"max_hp_loss":0,"event_name":"Forgotten Altar","floor":28,"gold_loss":0}],"is_beta":false,"boss_relics":[{"not_picked":["Philosopher\u0027s Stone","Cursed Key"],"picked":"Busted Crown"}],"items_purged_floors":[11],"is_endless":false,"potions_floor_spawned":[1,3,7,22,24,29],"killed_by":"Automaton","ascension_level":5}