{"gold_per_floor":[118,132,132,23,23,23,54,74,74,109,119,119,119,134,134,211,211,224,254,7,7,7,7],"floor_reached":23,"playtime":869,"items_purged":[],"score":445,"play_id":"8b16b9cf-14fa-4736-8a09-07e33c0f7a35","local_time":"20190315235852","is_ascension_mode":true,"campfire_choices":[{"data":"Hello World","floor":6,"key":"SMITH"},{"floor":12,"key":"REST"},{"floor":15,"key":"REST"}],"neow_cost":"NONE","seed_source_timestamp":258032363033891,"circlet_count":0,"master_deck":["AscendersBane","Strike_B","Strike_B","Strike_B","Strike_B","Defend_B","Defend_B","Defend_B","Defend_B","Zap","Dualcast","Steam","Hello World+1","Cold Snap","White Noise","Cold Snap","Rebound","Redo","Buffer+1","Buffer+1","Sweeping Beam","Capacitor+1","Decay"],"relics":["Velvet Choker","Boot","Frozen Egg 2","Dodecahedron","Nuclear Battery","Red Mask","Ancient Tea Set"],"potions_floor_usage":[7,8,16,18,23],"damage_taken":[{"damage":7,"enemies":"Jaw Worm","floor":1,"turns":4},{"damage":5,"enemies":"2 Louse","floor":2,"turns":4},{"damage":28,"enemies":"Gremlin Nob","floor":7,"turns":5},{"damage":0,"enemies":"Small Slimes","floor":8,"turns":4},{"damage":13,"enemies":"3 Sentries","floor":10,"turns":8},{"damage":9,"enemies":"Exordium Wildlife","floor":11,"turns":4},{"damage":11,"enemies":"Blue Slaver","floor":14,"turns":4},{"damage":0,"enemies":"Slime Boss","floor":16,"turns":11},{"damage":0,"enemies":"Shell Parasite","floor":18,"turns":6},{"damage":54,"enemies":"Masked Bandits","floor":19,"turns":7},{"damage":10,"enemies":"Gremlin Leader","floor":23,"turns":5}],"seed_played":"-684467342520322725","potions_obtained":[{"floor":8,"key":"Fruit Juice"},{"floor":14,"key":"Regen Potion"},{"floor":16,"key":"Weak Potion"},{"floor":19,"key":"Explosive Potion"}],"is_trial":false,"path_per_floor":["M","M","?","$","?","R","E","M","T","E","M","R","?","M","R","B",null,"M","?","$","?","$","E"],"character_chosen":"DEFECT","items_purchased":["Cold Snap","SkillPotion","Capacitor+1","Ancient Tea Set"],"campfire_rested":2,"item_purchase_floors":[4,4,20,20],"current_hp_per_floor":[57,52,52,52,52,52,24,29,29,16,7,29,29,18,40,55,71,71,17,17,17,17,7],"gold":7,"neow_bonus":"BOSS_RELIC","is_prod":false,"is_daily":false,"chose_seed":false,"campfire_upgraded":1,"win_rate":0,"timestamp":1552712332,"path_taken":["M","M","?","$","?","R","E","M","T","E","M","R","?","M","R","BOSS","M","?","$","?","$","E"],"build_version":"2019-01-23","purchased_purges":0,"victory":false,"max_hp_per_floor":[71,71,71,71,71,71,71,76,76,76,76,76,76,76,76,76,76,76,76,76,76,76,76],"card_choices":[{"not_picked":["Barrage","Compile Driver"],"picked":"Steam","floor":1},{"not_picked":["Sweeping Beam","Compile Driver"],"picked":"Hello World","floor":2},{"not_picked":["Reprogram","Static Discharge"],"picked":"White Noise","floor":7},{"not_picked":["Lockon","Conserve Battery"],"picked":"Cold Snap","floor":8},{"not_picked":["Steam","Multi-Cast"],"picked":"Rebound","floor":10},{"not_picked":["Stack","Beam Cell"],"picked":"Redo","floor":11},{"not_picked":["Ball Lightning","Steam"],"picked":"Buffer+1","floor":14},{"not_picked":["Meteor Strike","Creative AI+1"],"picked":"Buffer+1","floor":16},{"not_picked":["Turbo","Genetic Algorithm"],"picked":"Sweeping Beam","floor":18}],"player_experience":728905,"relics_obtained":[{"floor":7,"key":"Boot"},{"floor":9,"key":"Frozen Egg 2"},{"floor":10,"key":"Dodecahedron"},{"floor":19,"key":"Red Mask"}],"event_choices":[{"damage_healed":0,"gold_gain":0,"player_choice":"Ignored","damage_taken":0,"max_hp_gain":0,"max_hp_loss":0,"event_name":"Golden Wing","floor":3,"gold_loss":0},{"damage_healed":0,"gold_gain":0,"player_choice":"Leave","damage_taken":0,"max_hp_gain":0,"max_hp_loss":0,"event_name":"The Cleric","floor":5,"gold_loss":0},{"damage_healed":0,"gold_gain":0,"player_choice":"Ignored","damage_taken":0,"max_hp_gain":0,"max_hp_loss":0,"event_name":"Shining Light","floor":13,"gold_loss":0},{"damage_healed":0,"gold_gain":0,"player_choice":"Fought Bandits","damage_taken":0,"max_hp_gain":0,"max_hp_loss":0,"event_name":"Masked Bandits","floor":19,"gold_loss":0},{"damage_healed":0,"gold_gain":0,"player_choice":"Smashed Altar","damage_taken":0,"max_hp_gain":0,"max_hp_loss":0,"event_name":"Forgotten Altar","floor":21,"gold_loss":0,"cards_obtained":["Decay"]}],"is_beta":false,"boss_relics":[{"not_picked":["Fusion Hammer","Runic Dome"],"picked":"Nuclear Battery"}],"items_purged_floors":[],"is_endless":false,"potions_floor_spawned":[8,14,16,19],"killed_by":"Gremlin Leader","ascension_level":16}