{"gold_per_floor":[116,129,129,146,37,62,74,151,189,201,178,214,246,284,296,308],"floor_reached":16,"playtime":1006,"items_purged":[],"score":279,"play_id":"ad30cac8-a4b5-4103-b559-5b9f52582dad","local_time":"20190328191136","is_ascension_mode":true,"campfire_choices":[{"floor":15,"key":"REST"}],"neow_cost":"NONE","seed_source_timestamp":683570545879476,"circlet_count":0,"master_deck":["AscendersBane","Strike_B","Strike_B","Strike_B","Strike_B","Defend_B","Defend_B","Defend_B","Defend_B","Zap","Dualcast","Hello World","Glacier","Glacier","Defragment+1","Gash","Defragment","Cold Snap","Doom and Gloom"],"relics":["White Beast Statue","CultistMask","MawBank","Tiny Chest","Anchor","Orichalcum","Bag of Marbles"],"potions_floor_usage":[2,6,6,8,13,16],"damage_taken":[{"damage":3,"enemies":"2 Louse","floor":1,"turns":3},{"damage":7,"enemies":"Cultist","floor":2,"turns":5},{"damage":7,"enemies":"Jaw Worm","floor":4,"turns":6},{"damage":52,"enemies":"Gremlin Nob","floor":6,"turns":6},{"damage":2,"enemies":"3 Sentries","floor":8,"turns":13},{"damage":7,"enemies":"2 Fungi Beasts","floor":13,"turns":4},{"damage":0,"enemies":"Lagavulin","floor":14,"turns":12},{"damage":34,"enemies":"Slime Boss","floor":16,"turns":7}],"seed_played":"-5843622121084727481","potions_obtained":[{"floor":1,"key":"Regen Potion"},{"floor":2,"key":"Energy Potion"},{"floor":4,"key":"Swift Potion"},{"floor":6,"key":"Dexterity Potion"},{"floor":8,"key":"EssenceOfSteel"},{"floor":13,"key":"SmokeBomb"},{"floor":14,"key":"Dexterity Potion"}],"is_trial":false,"path_per_floor":["M","M","?","M","$","E","?","E","T","?","?","T","M","E","R","B"],"character_chosen":"DEFECT","items_purchased":["Defragment","Gash"],"campfire_rested":1,"item_purchase_floors":[5,5],"current_hp_per_floor":[61,63,63,56,56,4,4,2,2,2,19,19,12,12,33,0],"gold":308,"neow_bonus":"BOSS_RELIC","is_prod":false,"is_daily":false,"chose_seed":false,"campfire_upgraded":0,"win_rate":0,"timestamp":1553818296,"path_taken":["M","M","?","?","$","E","?","E","T","?","?","?","M","E","R","BOSS"],"build_version":"2019-01-23","purchased_purges":0,"victory":false,"max_hp_per_floor":[71,71,71,71,71,71,71,71,71,71,71,71,71,71,71,71],"card_choices":[{"not_picked":["Turbo","Reprogram"],"picked":"Hello World","floor":1},{"not_picked":["Self Repair","Fusion"],"picked":"Glacier","floor":2},{"not_picked":["Streamline","Static Discharge"],"picked":"Glacier","floor":4},{"not_picked":["Core Surge","Force Field"],"picked":"Defragment","floor":6},{"not_picked":["Force Field","Steam"],"picked":"Cold Snap","floor":8},{"not_picked":["Go for the Eyes","Skim","Fusion"],"picked":"SKIP","floor":13},{"not_picked":["Redo","BootSequence"],"picked":"Doom and Gloom","floor":14}],"player_experience":856418,"relics_obtained":[{"floor":6,"key":"MawBank"},{"floor":8,"key":"Tiny Chest"},{"floor":9,"key":"Anchor"},{"floor":12,"key":"Orichalcum"},{"floor":14,"key":"Bag of Marbles"}],"event_choices":[{"damage_healed":0,"gold_gain":0,"player_choice":"Trade","damage_taken":0,"relics_obtained":["CultistMask"],"max_hp_gain":0,"max_hp_loss":0,"event_name":"FaceTrader","floor":3,"gold_loss":0},{"damage_healed":0,"gold_gain":0,"player_choice":"Ignored","damage_taken":0,"max_hp_gain":0,"max_hp_loss":0,"event_name":"Shining Light","floor":7,"gold_loss":0},{"damage_healed":0,"gold_gain":0,"player_choice":"Grow","damage_taken":0,"max_hp_gain":0,"max_hp_loss":0,"event_name":"Living Wall","floor":10,"gold_loss":0,"cards_upgraded":["Defragment"]},{"damage_healed":17,"gold_gain":0,"player_choice":"Healed","damage_taken":0,"max_hp_gain":0,"max_hp_loss":0,"event_name":"The Cleric","floor":11,"gold_loss":35}],"is_beta":false,"boss_relics":[],"items_purged_floors":[],"is_endless":false,"potions_floor_spawned":[1,2,4,6,8,13,14],"killed_by":"Slime Boss","ascension_level":19}