{"path_per_floor":["M","M","$","M","M","R","M","E","T","M","?","M","M","M","R","B",null,"M","$","M","?","M","E","R","?","T","R","M","M","?","M","R","B",null,"M","$","M","?","M","R","E","M","T","?","$","?","E"],"character_chosen":"IRONCLAD","items_purchased":["Bottled Tornado","Orichalcum","Regen Potion"],"gold_per_floor":[118,135,60,71,89,89,104,137,137,148,148,161,173,184,184,287,287,302,44,55,55,67,93,93,93,116,116,128,138,138,154,154,253,253,266,13,33,33,50,50,82,95,95,95,43,43,75,75],"floor_reached":48,"campfire_rested":5,"playtime":2289,"current_hp_per_floor":[36,37,37,43,35,59,55,40,40,48,48,56,62,62,62,51,80,69,69,69,69,63,33,57,57,57,80,66,61,61,59,80,13,80,77,77,61,61,48,72,21,30,30,30,30,75,29,0],"items_purged":["Strike_R","Strike_R"],"gold":75,"score":544,"play_id":"10a1f699-1f33-4ff1-87fb-d47f40e9dd90","local_time":"20180420051321","is_prod":false,"is_daily":false,"chose_seed":false,"is_ascension_mode":true,"campfire_upgraded":1,"timestamp":1524194001,"path_taken":["M","M","$","M","M","R","M","E","T","M","?","?","M","M","R","BOSS","M","$","M","?","M","E","R","?","T","R","M","M","?","?","R","BOSS","M","$","M","?","M","R","E","M","T","?","?","?","E","M"],"build_version":"2018-04-19","seed_source_timestamp":1880425792150048,"purchased_purges":2,"victory":false,"master_deck":["Strike_R+1","Strike_R+1","Strike_R+1","Defend_R+1","Defend_R+1","Defend_R+1","Bash","Flex","Whirlwind+1","Thunderclap","Inflame","Warcry","Flame Barrier","Shrug It Off","Uppercut+1","Headbutt","Havoc+1","Cleave+1","Impervious","Feed","Havoc","Flex+1","Feel No Pain","Madness"],"max_hp_per_floor":[80,80,80,80,80,80,80,80,80,80,80,80,80,80,80,80,80,80,80,80,80,80,80,80,80,80,80,80,80,80,80,80,80,80,80,80,80,80,83,83,83,86,86,86,86,75,77,77],"relics":["Black Blood","Dead Branch","Blood Vial","Whetstone","Bottled Tornado","Bronze Scales","Happy Flower","Black Star","Orichalcum","Bottled Lightning","Mummified Hand","Bag of Preparation","Singing Bowl","Omamori"],"card_choices":[{"not_picked":["Wild Strike","Fire Breathing"],"picked":"Flex","floor":1},{"not_picked":["Clash","Cleave"],"picked":"Whirlwind","floor":2},{"not_picked":["Shockwave","Twin Strike"],"picked":"Thunderclap","floor":4},{"not_picked":["Anger","Carnage"],"picked":"Inflame","floor":5},{"not_picked":["True Grit","Spot Weakness"],"picked":"Warcry","floor":7},{"not_picked":["Clothesline","Demon Form"],"picked":"Flame Barrier","floor":8},{"not_picked":["Hemokinesis","Heavy Blade"],"picked":"Shrug It Off","floor":12},{"not_picked":["Reckless Charge","Fire Breathing"],"picked":"Uppercut","floor":13},{"not_picked":["Uppercut","Clothesline"],"picked":"Headbutt","floor":14},{"not_picked":["Double Tap","Impervious"],"picked":"Dark Embrace","floor":16},{"not_picked":["Thunderclap","Sword Boomerang"],"picked":"Havoc","floor":18},{"not_picked":["Inflame","Iron Wave"],"picked":"Sentinel","floor":20},{"not_picked":["True Grit","Flex"],"picked":"Cleave","floor":29},{"not_picked":["Headbutt","Thunderclap"],"picked":"Impervious","floor":31},{"not_picked":["Barricade","Fiend Fire"],"picked":"Feed","floor":33},{"not_picked":["Disarm","Wild Strike"],"picked":"Havoc","floor":37},{"not_picked":["Heavy Blade","Immolate"],"picked":"Flex","floor":41},{"not_picked":["Anger","True Grit"],"picked":"Feel No Pain","floor":42},{"not_picked":["Bandage Up","Sadistic Nature"],"picked":"Madness","floor":44}],"player_experience":100876,"potions_floor_usage":[4,8,16,16,20,22,23,23,39,41,42,47],"damage_taken":[{"damage":10,"enemies":"Jaw Worm","floor":1,"turns":5},{"damage":5,"enemies":"Cultist","floor":2,"turns":4},{"damage":0,"enemies":"Small Slimes","floor":4,"turns":2},{"damage":14,"enemies":"3 Louse","floor":5,"turns":2},{"damage":10,"enemies":"Looter","floor":7,"turns":3},{"damage":21,"enemies":"Lagavulin","floor":8,"turns":5},{"damage":0,"enemies":"Gremlin Gang","floor":10,"turns":1},{"damage":0,"enemies":"Large Slime","floor":12,"turns":3},{"damage":2,"enemies":"Looter","floor":13,"turns":3},{"damage":8,"enemies":"Red Slaver","floor":14,"turns":4},{"damage":19,"enemies":"Hexaghost","floor":16,"turns":9},{"damage":21,"enemies":"Shell Parasite","floor":18,"turns":7},{"damage":12,"enemies":"Chosen","floor":20,"turns":6},{"damage":18,"enemies":"Snake Plant","floor":22,"turns":4},{"damage":42,"enemies":"Gremlin Leader","floor":23,"turns":7},{"damage":24,"enemies":"Centurion and Healer","floor":28,"turns":6},{"damage":17,"enemies":"3 Cultists","floor":29,"turns":4},{"damage":14,"enemies":"Slaver and Parasite","floor":31,"turns":3},{"damage":77,"enemies":"Automaton","floor":33,"turns":11},{"damage":13,"enemies":"Orb Walker","floor":35,"turns":4},{"damage":28,"enemies":"3 Darklings","floor":37,"turns":6},{"damage":28,"enemies":"4 Shapes","floor":39,"turns":5},{"damage":63,"enemies":"Giant Head","floor":41,"turns":9},{"damage":6,"enemies":"Sphere and 2 Shapes","floor":42,"turns":5},{"damage":64,"enemies":"2 Orb Walkers","floor":47,"turns":5},{"damage":34,"enemies":"Maw","floor":48,"turns":8}],"event_choices":[{"event_name":"Purifier","player_choice":"One Purge","floor":11,"damage_taken":0},{"event_name":"Back to Basics","player_choice":"Simplicity","floor":21,"damage_taken":0},{"event_name":"Upgrade Shrine","player_choice":"Upgraded","floor":25,"damage_taken":0},{"event_name":"Purifier","player_choice":"One Purge","floor":30,"damage_taken":0},{"event_name":"SensoryStone","player_choice":"Memory 1","floor":44,"damage_taken":0},{"event_name":"The Moai Head","player_choice":"Heal","floor":46,"damage_taken":0}],"boss_relics":[{"not_picked":["Pandora\u0027s Box","Ectoplasm"],"picked":"Black Blood"},{"not_picked":["White Beast Statue","Snecko Eye"],"picked":"Black Star"}],"potions_floor_spawned":[2,4,5,10,12,14,16,20,22,23,37,39,41],"seed_played":"-1044337180933135022","killed_by":"Maw","ascension_level":1,"is_trial":false}