{"path_per_floor":["M","?","?","?","M","R","E","?","T","E","M","M","$","M","R","B",null,"M","$","M","?","?","R","M","M","T","E","?","E","?","M","R","B",null,"M","$","M","M","?","R","?","R","T","?","M","M","?","M","R"],"character_chosen":"DEFECT","items_purchased":["Orichalcum","War Paint"],"gold_per_floor":[109,109,109,59,74,74,101,101,101,133,147,163,88,102,102,205,205,217,74,87,87,12,12,27,45,69,104,0,35,35,46,46,142,142,162,14,33,45,45,45,0,0,0,48,64,75,75,90,90,90],"floor_reached":50,"campfire_rested":1,"playtime":2087,"current_hp_per_floor":[75,75,75,75,67,67,61,61,68,54,54,54,54,54,54,36,82,82,82,82,66,66,66,63,63,63,52,52,7,7,7,48,11,87,85,85,85,85,74,74,74,74,74,74,76,68,68,66,66,0],"items_purged":["Strike_B"],"gold":90,"score":541,"play_id":"cca2d9c1-8157-405b-a4ae-179a4789a440","local_time":"20180508092151","is_prod":false,"is_daily":false,"chose_seed":false,"is_ascension_mode":false,"campfire_upgraded":6,"timestamp":1525764111,"path_taken":["M","?","?","?","?","R","E","?","T","E","M","M","?","?","R","BOSS","M","$","M","?","?","R","M","?","T","E","?","E","?","M","R","BOSS","M","$","M","?","?","R","?","R","T","?","M","M","?","M","R","BOSS"],"build_version":"2018-05-03","seed_source_timestamp":253891822594133,"purchased_purges":1,"victory":false,"master_deck":["Strike_B","Defend_B","Defend_B+1","Defend_B+1","Defend_B","Zap+1","Dualcast+1","Cold Snap+1","Coolheaded","Ball Lightning+1","Cold Snap","FTL","Chill","Ball Lightning","Gash","Cold Snap+1","Chill+1","Barrage+1","Echo Form+1","Loop","Chaos+1","Reinforced Body+1","Madness","Madness+1","Capacitor+1","Cold Snap+1","White Noise+1","Gash"],"max_hp_per_floor":[75,75,75,75,75,75,75,75,82,82,82,82,82,82,82,82,82,82,82,82,87,87,87,87,87,87,87,87,87,87,87,87,87,87,87,87,87,87,87,87,87,87,87,87,87,87,87,87,87,87],"relics":["Cracked Core","DataDisk","Bag of Marbles","Spirit Poop","Symbiotic Virus","Strawberry","Thread and Needle","Inserter","Orichalcum","Regal Pillow","Prayer Wheel","Omamori","Velvet Choker","War Paint","Red Mask","Oddly Smooth Stone","Bird Faced Urn"],"card_choices":[{"not_picked":["Beam Cell","Go for the Eyes"],"picked":"Cold Snap","floor":1},{"not_picked":["Heatsinks","Sweeping Beam"],"picked":"Coolheaded","floor":5},{"not_picked":["Blizzard","Go for the Eyes"],"picked":"Ball Lightning","floor":7},{"not_picked":["Meteor Strike","FTL"],"picked":"Cold Snap","floor":11},{"not_picked":["Sweeping Beam","Tempest"],"picked":"FTL","floor":12},{"not_picked":["Fusion","Redo"],"picked":"Machine Learning","floor":16},{"not_picked":["Cold Snap","Go for the Eyes"],"picked":"Chill","floor":18},{"not_picked":["Streamline","Force Field"],"picked":"Ball Lightning","floor":20},{"not_picked":["Reprogram","Skim"],"picked":"Gash","floor":25},{"not_picked":["Scrape","Ball Lightning"],"picked":"Cold Snap","floor":27},{"not_picked":["Chaos","Capacitor"],"picked":"Chill","floor":29},{"not_picked":["Force Field","Hello World"],"picked":"Barrage","floor":31},{"not_picked":["Fission","Nova"],"picked":"Echo Form","floor":33},{"not_picked":["Go for the Eyes","Skim"],"picked":"Loop","floor":35},{"not_picked":["Cold Snap","Impulse"],"picked":"Chaos","floor":37},{"not_picked":["Hologram","Ball Lightning"],"picked":"Reinforced Body","floor":38},{"not_picked":["Go for the Eyes","Rebound"],"picked":"Capacitor","floor":44},{"not_picked":["Skim","Hyperbeam"],"picked":"Cold Snap","floor":45},{"not_picked":["Hologram","Coolheaded"],"picked":"White Noise","floor":46},{"not_picked":["Chaos","Stack"],"picked":"Gash","floor":48}],"player_experience":43730,"potions_floor_usage":[16,16,25,27,27,27,33,33,48,50,50],"damage_taken":[{"damage":0,"enemies":"Small Slimes","floor":1,"turns":4},{"damage":8,"enemies":"Jaw Worm","floor":5,"turns":3},{"damage":6,"enemies":"Lagavulin","floor":7,"turns":6},{"damage":14,"enemies":"Gremlin Nob","floor":10,"turns":3},{"damage":0,"enemies":"2 Louse","floor":11,"turns":1},{"damage":0,"enemies":"Lots of Slimes","floor":12,"turns":3},{"damage":0,"enemies":"Blue Slaver","floor":14,"turns":2},{"damage":18,"enemies":"Hexaghost","floor":16,"turns":11},{"damage":0,"enemies":"Shell Parasite","floor":18,"turns":3},{"damage":0,"enemies":"3 Byrds","floor":20,"turns":4},{"damage":3,"enemies":"Centurion and Healer","floor":24,"turns":6},{"damage":0,"enemies":"Snecko","floor":25,"turns":3},{"damage":11,"enemies":"Slavers","floor":27,"turns":4},{"damage":45,"enemies":"Gremlin Leader","floor":29,"turns":7},{"damage":0,"enemies":"3 Cultists","floor":31,"turns":5},{"damage":37,"enemies":"Champ","floor":33,"turns":8},{"damage":2,"enemies":"Orb Walker","floor":35,"turns":3},{"damage":0,"enemies":"Flame Bruiser 1 Orb","floor":37,"turns":5},{"damage":0,"enemies":"Sphere and 2 Shapes","floor":38,"turns":6},{"damage":0,"enemies":"Mysterious Sphere","floor":44,"turns":6},{"damage":0,"enemies":"4 Shapes","floor":45,"turns":5},{"damage":18,"enemies":"Flame Bruiser 2 Orb","floor":46,"turns":7},{"damage":12,"enemies":"Spire Growth","floor":48,"turns":6},{"damage":76,"enemies":"Time Eater","floor":50,"turns":13}],"event_choices":[{"event_name":"Big Fish","player_choice":"Box","floor":2,"damage_taken":0},{"event_name":"Bonfire Elementals","player_choice":"CURSE","floor":3,"damage_taken":0},{"event_name":"The Cleric","player_choice":"Card Removal","floor":4,"damage_taken":0},{"event_name":"Living Wall","player_choice":"Grow","floor":8,"damage_taken":0},{"event_name":"Forgotten Altar","player_choice":"Shed Blood","floor":21,"damage_taken":0},{"event_name":"Beggar","player_choice":"Gave Gold","floor":22,"damage_taken":0},{"event_name":"Masked Bandits","player_choice":"Paid Bandits 104 gold","floor":28,"damage_taken":0},{"event_name":"Addict","player_choice":"Ignored","floor":30,"damage_taken":0},{"event_name":"Winding Halls","player_choice":"Embrace Madness","floor":39,"damage_taken":0},{"event_name":"Tomb of Lord Red Mask","player_choice":"Paid","floor":41,"damage_taken":0},{"event_name":"Mysterious Sphere","player_choice":"Fight","floor":44,"damage_taken":0}],"boss_relics":[{"not_picked":["Cursed Key","Nuclear Battery"],"picked":"Inserter"},{"not_picked":["Philosopher\u0027s Stone","Runic Pyramid"],"picked":"Velvet Choker"}],"potions_floor_spawned":[5,11,14,16,18,25,27,29,33,45,46],"seed_played":"7704529609595045645","killed_by":"Time Eater","ascension_level":0,"is_trial":false}