{"gold_per_floor":[109,120,16,34,50,82,82,96,96,96,96,96,115,133,133,233,233,253,253,253,26,44,74,85,85,108,108,121,137,171,183,183,284,284,300,320,332,332,34,34,48,81,106,31,31,31,31,31,31,31],"floor_reached":51,"playtime":4743,"items_purged":["Strike_G"],"score":719,"play_id":"f5fb41bd-27d3-4a34-8c3a-03e7c3354c4e","local_time":"20190410002454","is_ascension_mode":false,"campfire_choices":[{"data":"Caltrops","floor":7,"key":"SMITH"},{"floor":12,"key":"REST"},{"data":"Finisher","floor":15,"key":"SMITH"},{"floor":25,"key":"REST"},{"data":"Noxious Fumes","floor":27,"key":"SMITH"},{"floor":32,"key":"REST"},{"floor":40,"key":"REST"},{"data":"Footwork","floor":46,"key":"SMITH"},{"data":"Blade Dance","floor":49,"key":"SMITH"}],"neow_cost":"NONE","seed_source_timestamp":438986358033106,"circlet_count":0,"master_deck":["Defend_G","Defend_G","Defend_G","Defend_G","Defend_G","Strike_G","Strike_G","Strike_G","Strike_G","Survivor","Neutralize+1","Sucker Punch","Backstab","Caltrops+1","PiercingWail","Quick Slash","Finisher+1","Bullet Time","Leg Sweep+1","Accuracy","Venomology","Apotheosis","Noxious Fumes+1","Terror","Quick Slash+1","Cloak And Dagger","Blade Dance+1","Blur","Footwork+1","Phantasmal Killer","Heel Hook+1","Accuracy","Footwork+1","Caltrops","Panacea"],"relics":["Ring of the Snake","Question Card","Ninja Scroll","Busted Crown","PreservedInsect","Ancient Tea Set","Ornamental Fan","WristBlade","Mummified Hand","Juzu Bracelet","Happy Flower","Dodecahedron"],"potions_floor_usage":[8,13,22,23,24,24,28,31,31,33,33,37,50,50,50,50],"damage_taken":[{"damage":6,"enemies":"Cultist","floor":1,"turns":4},{"damage":0,"enemies":"2 Louse","floor":2,"turns":3},{"damage":0,"enemies":"Small Slimes","floor":4,"turns":3},{"damage":0,"enemies":"3 Louse","floor":5,"turns":3},{"damage":21,"enemies":"Gremlin Nob","floor":6,"turns":5},{"damage":16,"enemies":"Gremlin Gang","floor":8,"turns":4},{"damage":2,"enemies":"Looter","floor":13,"turns":3},{"damage":5,"enemies":"Exordium Wildlife","floor":14,"turns":4},{"damage":14,"enemies":"The Guardian","floor":16,"turns":14},{"damage":0,"enemies":"Chosen","floor":18,"turns":6},{"damage":2,"enemies":"2 Thieves","floor":22,"turns":3},{"damage":10,"enemies":"Gremlin Leader","floor":23,"turns":6},{"damage":21,"enemies":"Sentry and Sphere","floor":24,"turns":6},{"damage":3,"enemies":"Shelled Parasite and Fungi","floor":28,"turns":6},{"damage":12,"enemies":"Centurion and Healer","floor":29,"turns":5},{"damage":21,"enemies":"Book of Stabbing","floor":30,"turns":2},{"damage":1,"enemies":"Snake Plant","floor":31,"turns":4},{"damage":14,"enemies":"Champ","floor":33,"turns":13},{"damage":0,"enemies":"Orb Walker","floor":35,"turns":3},{"damage":6,"enemies":"3 Shapes","floor":36,"turns":2},{"damage":21,"enemies":"Sphere and 2 Shapes","floor":37,"turns":8},{"damage":5,"enemies":"Writhing Mass","floor":41,"turns":4},{"damage":0,"enemies":"Nemesis","floor":42,"turns":3},{"damage":78,"enemies":"Time Eater","floor":50,"turns":13}],"seed_played":"2420186782341242260","potions_obtained":[{"floor":2,"key":"Swift Potion"},{"floor":5,"key":"GhostInAJar"},{"floor":13,"key":"Fruit Juice"},{"floor":14,"key":"Swift Potion"},{"floor":29,"key":"LiquidBronze"},{"floor":30,"key":"EssenceOfSteel"},{"floor":31,"key":"Strength Potion"},{"floor":41,"key":"PowerPotion"},{"floor":42,"key":"SteroidPotion"}],"is_trial":false,"path_per_floor":["M","M","$","M","M","E","R","M","T","$","?","R","M","M","R","B",null,"M","?","?","$","M","E","M","R","T","R","M","M","E","M","R","B",null,"M","M","M","?","$","R","M","E","T","$","?","R","?","T","R","B",null],"character_chosen":"THE_SILENT","items_purchased":["Caltrops","PiercingWail","Apotheosis","Noxious Fumes","Footwork","Mummified Hand"],"campfire_rested":4,"item_purchase_floors":[3,3,21,21,39,39],"current_hp_per_floor":[71,71,71,71,71,50,50,34,34,34,34,57,60,55,55,41,82,82,82,82,82,80,70,49,73,73,73,70,58,37,36,60,46,82,82,76,55,55,55,79,74,74,74,74,74,74,74,74,74,11],"gold":31,"neow_bonus":"TEN_PERCENT_HP_BONUS","is_prod":false,"is_daily":false,"chose_seed":false,"campfire_upgraded":5,"win_rate":0.0,"timestamp":1554881094,"path_taken":["M","M","$","M","?","E","R","M","T","?","?","R","M","M","R","BOSS","M","?","?","$","M","E","M","R","T","R","?","M","E","M","R","BOSS","M","M","M","?","$","R","M","E","T","$","?","R","?","?","R","BOSS"],"build_version":"2019-01-23","purchased_purges":1,"victory":true,"max_hp_per_floor":[77,77,77,77,77,77,77,77,77,77,77,77,82,82,82,82,82,82,82,82,82,82,82,82,82,82,82,82,82,82,82,82,82,82,82,82,82,82,82,82,82,82,82,82,78,78,78,78,78,78],"card_choices":[{"not_picked":["Dodge and Roll","Expertise"],"picked":"Sucker Punch","floor":1},{"not_picked":["PiercingWail","Reflex"],"picked":"Backstab","floor":2},{"not_picked":["Bane","PiercingWail"],"picked":"Quick Slash","floor":4},{"not_picked":["Outmaneuver","Blur"],"picked":"Finisher","floor":5},{"not_picked":["Dagger Spray","Backflip"],"picked":"Bullet Time","floor":6},{"not_picked":["Sucker Punch","Backflip","Endless Agony"],"picked":"Leg Sweep","floor":8},{"not_picked":["Flying Knee","Dagger Throw","Predator"],"picked":"Accuracy","floor":13},{"not_picked":["Masterful Stab","Accuracy","Distraction","Underhanded Strike"],"picked":"SKIP","floor":14},{"not_picked":["Glass Knife","Bullet Time","Malaise"],"picked":"Venomology","floor":16},{"not_picked":["Accuracy","Dagger Spray"],"picked":"SKIP","floor":18},{"not_picked":["Deflect"],"picked":"Terror","floor":22},{"not_picked":["Bane"],"picked":"Quick Slash+1","floor":23},{"not_picked":["Sucker Punch"],"picked":"Cloak And Dagger","floor":24},{"not_picked":["Flying Knee+1"],"picked":"Blade Dance","floor":28},{"not_picked":["Deadly Poison"],"picked":"Blur","floor":29},{"not_picked":["Endless Agony+1","Eviscerate+1"],"picked":"SKIP","floor":30},{"not_picked":["Deflect+1"],"picked":"Footwork+1","floor":31},{"not_picked":["Venomology"],"picked":"Phantasmal Killer","floor":33},{"not_picked":["Deflect+1"],"picked":"Heel Hook+1","floor":35},{"not_picked":["Well Laid Plans"],"picked":"Accuracy","floor":36},{"not_picked":["Deflect","Sucker Punch+1"],"picked":"SKIP","floor":37},{"not_picked":["Dagger Spray","Distraction"],"picked":"SKIP","floor":41},{"not_picked":["Slice+1"],"picked":"Caltrops","floor":42},{"not_picked":["Transmutation"],"picked":"Panacea","floor":47}],"player_experience":18502,"relics_obtained":[{"floor":6,"key":"Question Card"},{"floor":9,"key":"Ninja Scroll"},{"floor":23,"key":"PreservedInsect"},{"floor":26,"key":"Ancient Tea Set"},{"floor":30,"key":"Ornamental Fan"},{"floor":42,"key":"Juzu Bracelet"},{"floor":43,"key":"Happy Flower"},{"floor":48,"key":"Dodecahedron"}],"event_choices":[{"damage_healed":0,"gold_gain":0,"player_choice":"Grow","damage_taken":0,"max_hp_gain":0,"max_hp_loss":0,"event_name":"Living Wall","floor":11,"gold_loss":0,"cards_upgraded":["Neutralize"]},{"damage_healed":0,"gold_gain":0,"player_choice":"Ignored","damage_taken":0,"max_hp_gain":0,"max_hp_loss":0,"event_name":"Ghosts","floor":19,"gold_loss":0},{"damage_healed":0,"gold_gain":0,"player_choice":"Upgraded","damage_taken":0,"max_hp_gain":0,"max_hp_loss":0,"event_name":"Upgrade Shrine","floor":20,"gold_loss":0,"cards_upgraded":["Leg Sweep"]},{"damage_healed":0,"gold_gain":0,"player_choice":"Ignored","damage_taken":0,"max_hp_gain":0,"max_hp_loss":0,"event_name":"Tomb of Lord Red Mask","floor":38,"gold_loss":0},{"damage_healed":0,"gold_gain":0,"player_choice":"Max HP","damage_taken":0,"max_hp_gain":0,"max_hp_loss":4,"event_name":"Winding Halls","floor":45,"gold_loss":0},{"damage_healed":0,"gold_gain":0,"player_choice":"Memory 1","damage_taken":0,"max_hp_gain":0,"max_hp_loss":0,"event_name":"SensoryStone","floor":47,"gold_loss":0}],"is_beta":false,"boss_relics":[{"not_picked":["Runic Dome","Astrolabe"],"picked":"Busted Crown"},{"not_picked":["Empty Cage","Sozu"],"picked":"WristBlade"}],"items_purged_floors":[44],"is_endless":false,"potions_floor_spawned":[2,5,13,14,22,23,29,30,31,41,42],"ascension_level":0}