{"gold_per_floor":[118,133,34,34,34,34,61,61,88,88,88,118,118,141,141,217,217,235,254,264,278,298,298,315,122,122,122,133,146,146,178,178,178],"floor_reached":33,"playtime":1962,"items_purged":[],"score":518,"play_id":"9e4f1391-7f75-4772-b9f4-c2499e59a0c5","local_time":"20190410121332","is_ascension_mode":true,"campfire_choices":[{"data":"Armaments","floor":6,"key":"SMITH"},{"data":"Barricade","floor":8,"key":"SMITH"},{"data":"Bash","floor":10,"key":"SMITH"},{"floor":13,"key":"REST"},{"floor":15,"key":"REST"},{"floor":23,"key":"REST"},{"data":"1","floor":30,"key":"LIFT"},{"data":"Shockwave","floor":32,"key":"SMITH"}],"neow_cost":"NONE","seed_source_timestamp":72231755518278,"circlet_count":0,"master_deck":["AscendersBane","Strike_R","Strike_R","Strike_R","Strike_R","Strike_R","Defend_R","Defend_R","Defend_R","Defend_R","Bash+1","Dropkick","Spot Weakness","Armaments+1","Rampage","Barricade+1","Shockwave+1","Body Slam","Feed","Body Slam+1","Evolve","Flame Barrier","Feed"],"relics":["Burning Blood","Incense Burner","Centennial Puzzle","Omamori","Girya","Odd Mushroom","Velvet Choker","Lee\u0027s Waffle","Frozen Egg 2"],"potions_floor_usage":[7,7,14,24,29,31,31],"damage_taken":[{"damage":18,"enemies":"Jaw Worm","floor":1,"turns":4},{"damage":2,"enemies":"2 Louse","floor":2,"turns":3},{"damage":18,"enemies":"Gremlin Nob","floor":7,"turns":3},{"damage":50,"enemies":"3 Sentries","floor":12,"turns":9},{"damage":20,"enemies":"The Mushroom Lair","floor":14,"turns":6},{"damage":18,"enemies":"Slime Boss","floor":16,"turns":15},{"damage":13,"enemies":"2 Thieves","floor":18,"turns":5},{"damage":8,"enemies":"Chosen","floor":19,"turns":5},{"damage":26,"enemies":"Centurion and Healer","floor":20,"turns":8},{"damage":20,"enemies":"Snecko","floor":21,"turns":6},{"damage":29,"enemies":"Shelled Parasite and Fungi","floor":22,"turns":5},{"damage":16,"enemies":"Cultist and Chosen","floor":24,"turns":6},{"damage":11,"enemies":"Snecko","floor":28,"turns":5},{"damage":30,"enemies":"Centurion and Healer","floor":29,"turns":10},{"damage":15,"enemies":"Book of Stabbing","floor":31,"turns":5},{"damage":74,"enemies":"Automaton","floor":33,"turns":12}],"seed_played":"-3533031641840196603","potions_obtained":[{"floor":1,"key":"Explosive Potion"},{"floor":2,"key":"Fire Potion"},{"floor":12,"key":"Weak Potion"},{"floor":20,"key":"Strength Potion"},{"floor":21,"key":"AttackPotion"},{"floor":22,"key":"BloodPotion"},{"floor":28,"key":"LiquidBronze"},{"floor":29,"key":"Fire Potion"}],"is_trial":false,"path_per_floor":["M","M","$","?","?","R","E","R","T","R","?","E","R","?","R","B",null,"M","M","M","M","M","R","M","$","T","?","M","M","R","E","R","B"],"character_chosen":"IRONCLAD","items_purchased":["Armaments","Rampage","Lee\u0027s Waffle"],"campfire_rested":3,"item_purchase_floors":[3,3,25],"current_hp_per_floor":[63,67,67,60,60,60,48,48,48,48,53,9,35,21,47,35,74,67,65,49,35,16,44,46,105,105,105,100,83,83,74,74,0],"gold":178,"neow_bonus":"TEN_PERCENT_HP_BONUS","is_prod":false,"is_daily":false,"chose_seed":false,"campfire_upgraded":4,"win_rate":0,"timestamp":1554887612,"path_taken":["M","M","$","?","?","R","E","R","T","R","?","E","R","?","R","BOSS","M","M","M","M","M","R","M","$","T","?","M","M","R","E","R","BOSS"],"build_version":"2019-01-23","purchased_purges":0,"victory":false,"max_hp_per_floor":[82,82,82,82,82,82,82,82,82,82,87,87,87,87,87,87,87,87,87,91,91,95,95,98,105,105,105,105,112,112,112,112,112],"card_choices":[{"not_picked":["Body Slam","Rage"],"picked":"Dropkick","floor":1},{"not_picked":["Heavy Blade","Perfected Strike"],"picked":"Spot Weakness","floor":2},{"not_picked":["Anger","Havoc"],"picked":"Barricade","floor":7},{"not_picked":["Havoc","Flex"],"picked":"Shockwave","floor":12},{"not_picked":["Blood for Blood","Combust"],"picked":"Body Slam","floor":14},{"not_picked":["Berserk","Double Tap"],"picked":"Feed","floor":16},{"not_picked":["Heavy Blade","Sentinel"],"picked":"Body Slam+1","floor":18},{"not_picked":["Cleave","Thunderclap"],"picked":"Evolve","floor":19},{"not_picked":["Rage","Corruption","Cleave"],"picked":"SKIP","floor":20},{"not_picked":["Warcry","Rupture","Sentinel"],"picked":"SKIP","floor":21},{"not_picked":["Flex","Thunderclap+1","Wild Strike"],"picked":"SKIP","floor":22},{"not_picked":["Thunderclap","Hemokinesis+1"],"picked":"Flame Barrier","floor":24},{"not_picked":["Heavy Blade","Rupture"],"picked":"Feed","floor":28},{"not_picked":["Thunderclap","Body Slam","Clash"],"picked":"SKIP","floor":29},{"not_picked":["Ghostly Armor","Infernal Blade","Combust"],"picked":"SKIP","floor":31}],"player_experience":857747,"relics_obtained":[{"floor":7,"key":"Centennial Puzzle"},{"floor":9,"key":"Omamori"},{"floor":12,"key":"Girya"},{"floor":14,"key":"Odd Mushroom"},{"floor":31,"key":"Frozen Egg 2"}],"event_choices":[{"damage_healed":0,"gold_gain":0,"player_choice":"Success","damage_taken":7,"relics_obtained":["Incense Burner"],"max_hp_gain":0,"max_hp_loss":0,"event_name":"Scrap Ooze","floor":4,"gold_loss":0},{"damage_healed":0,"gold_gain":0,"player_choice":"Leave","damage_taken":0,"max_hp_gain":0,"max_hp_loss":0,"event_name":"The Cleric","floor":5,"gold_loss":0},{"damage_healed":0,"gold_gain":0,"player_choice":"Donut","damage_taken":0,"max_hp_gain":5,"max_hp_loss":0,"event_name":"Big Fish","floor":11,"gold_loss":0},{"damage_healed":0,"gold_gain":0,"player_choice":"Fought Mushrooms","damage_taken":0,"max_hp_gain":0,"max_hp_loss":0,"event_name":"Mushrooms","floor":14,"gold_loss":0},{"damage_healed":0,"gold_gain":0,"player_choice":"Ignored","damage_taken":0,"max_hp_gain":0,"max_hp_loss":0,"event_name":"Vampires","floor":27,"gold_loss":0}],"is_beta":false,"boss_relics":[{"not_picked":["Orrery","Astrolabe"],"picked":"Velvet Choker"}],"items_purged_floors":[],"is_endless":false,"potions_floor_spawned":[1,2,12,20,21,22,28,29],"killed_by":"Automaton","ascension_level":14}