{"gold_per_floor":[117,117,128,128,143,143,171,171,194,264,264,314,436,454,454,454],"floor_reached":16,"playtime":811,"items_purged":[],"score":125,"play_id":"4086df40-5f9e-4b75-a510-9b8c2a448ccd","local_time":"20181101175315","is_ascension_mode":true,"campfire_choices":[{"data":"Core Surge","floor":6,"key":"SMITH"},{"data":"Coolheaded","floor":8,"key":"SMITH"},{"floor":11,"key":"REST"},{"floor":15,"key":"REST"}],"neow_cost":"NONE","seed_source_timestamp":315755180466706,"circlet_count":0,"master_deck":["Strike_B","Strike_B","Strike_B","Strike_B","Defend_B","Defend_B","Defend_B","Defend_B","Zap","Dualcast","Core Surge+1","Skim","Regret","Coolheaded","Coolheaded+1","Blizzard","Hologram","Steam","Zap","All For One","Rip and Tear"],"relics":["Cracked Core","Pen Nib","SsserpentHead","Turnip","Smiling Mask"],"potions_floor_usage":[16,16,16],"damage_taken":[{"damage":12,"enemies":"Jaw Worm","floor":1,"turns":2},{"damage":7,"enemies":"2 Louse","floor":3,"turns":2},{"damage":3,"enemies":"Cultist","floor":5,"turns":3},{"damage":24,"enemies":"3 Sentries","floor":7,"turns":10},{"damage":18,"enemies":"Blue Slaver","floor":10,"turns":3},{"damage":31,"enemies":"Exordium Thugs","floor":14,"turns":6},{"damage":30,"enemies":"Slime Boss","floor":16,"turns":9}],"seed_played":"7134696011370753275","potions_obtained":[{"floor":1,"key":"FocusPotion"},{"floor":10,"key":"EssenceOfSteel"},{"floor":14,"key":"SneckoOil"}],"is_trial":false,"path_per_floor":["M","?","M","?","M","R","E","R","T","M","R","?","?","M","R"],"character_chosen":"DEFECT","items_purchased":[],"campfire_rested":2,"item_purchase_floors":[],"current_hp_per_floor":[63,63,56,56,53,53,29,29,29,11,33,33,33,2,24,0],"gold":454,"neow_bonus":"ONE_RANDOM_RARE_CARD","is_prod":false,"is_daily":false,"chose_seed":false,"campfire_upgraded":2,"win_rate":0,"timestamp":1541112795,"path_taken":["M","?","M","?","M","R","E","R","T","?","R","?","?","M","R","BOSS"],"build_version":"2018-10-25v2","purchased_purges":0,"victory":false,"max_hp_per_floor":[75,75,75,75,75,75,75,75,75,75,75,75,75,75,75,75],"card_choices":[{"not_picked":["Lockon","Static Discharge"],"picked":"Skim","floor":1},{"not_picked":["Capacitor","Scrape"],"picked":"Coolheaded","floor":3},{"not_picked":["Streamline","Double Energy"],"picked":"Coolheaded","floor":5},{"not_picked":["Barrage","Hyperbeam"],"picked":"Blizzard","floor":7},{"not_picked":["Beam Cell","Rebound"],"picked":"Hologram","floor":10},{"not_picked":["Steam","Scrape"],"picked":"Rip and Tear","floor":14}],"player_experience":251935,"relics_obtained":[{"floor":7,"key":"Turnip"},{"floor":9,"key":"Smiling Mask"}],"event_choices":[{"damage_healed":0,"gold_gain":0,"player_choice":"Box","damage_taken":0,"relics_obtained":["Pen Nib"],"max_hp_gain":0,"max_hp_loss":0,"event_name":"Big Fish","floor":2,"gold_loss":0,"cards_obtained":["Regret"]},{"damage_healed":0,"gold_gain":0,"player_choice":"Trade","damage_taken":0,"relics_obtained":["SsserpentHead"],"max_hp_gain":0,"max_hp_loss":0,"event_name":"FaceTrader","floor":4,"gold_loss":0},{"damage_healed":0,"gold_gain":0,"player_choice":"3 cards matched","damage_taken":0,"max_hp_gain":0,"max_hp_loss":0,"event_name":"Match and Keep!","floor":12,"gold_loss":0,"cards_obtained":["Steam","Zap","All For One"]},{"damage_healed":0,"gold_gain":72,"player_choice":"Gained Gold","damage_taken":0,"max_hp_gain":0,"max_hp_loss":0,"event_name":"Golden Wing","floor":13,"gold_loss":0}],"is_beta":false,"boss_relics":[],"items_purged_floors":[],"is_endless":false,"potions_floor_spawned":[1,10,14],"killed_by":"Slime Boss","ascension_level":5}