{"gold_per_floor":[116,266,236,236,161,161,176,210,210,287,287,287,287,315,315,392,392,408,408,408,424,424,424,451,451,451,30,61,61,61,61,61,61],"floor_reached":33,"playtime":1945,"items_purged":["Armaments"],"score":766,"play_id":"3919305d-0b29-47ef-9f48-43afa140be01","local_time":"20181017153653","daily_mods":["Draft","Heirloom","Flight"],"is_ascension_mode":true,"campfire_choices":[{"data":"Armaments","floor":6,"key":"SMITH"},{"data":"Burning Pact","floor":11,"key":"SMITH"},{"floor":12,"key":"REST"},{"floor":13,"key":"REST"},{"floor":15,"key":"REST"},{"data":"Rampage","floor":23,"key":"SMITH"},{"floor":25,"key":"REST"},{"floor":29,"key":"REST"},{"floor":32,"key":"REST"}],"neow_cost":"","seed_source_timestamp":426519960507840,"circlet_count":0,"master_deck":["AscendersBane","Rampage+1","Flex","Iron Wave","Headbutt","Burning Pact+1","Flex","Battle Trance+1","Iron Wave","Anger","Battle Trance","Ghostly Armor+1","Armaments+1","Clash","Doubt","Doubt","Headbutt","Feed","Rampage","Pommel Strike","Seeing Red+1","Shame","Flex+1","True Grit+1"],"relics":["Unceasing Top","Du-Vu Doll","Frozen Egg 2","Dodecahedron","Tiny Chest","Bag of Marbles","Orrery","Singing Bowl","Ornamental Fan","Toxic Egg 2","Boot","Gambling Chip","War Paint"],"potions_floor_usage":[8,18,24,33],"damage_taken":[{"damage":3,"enemies":"2 Louse","floor":1,"turns":3},{"damage":0,"enemies":"Jaw Worm","floor":7,"turns":3},{"damage":26,"enemies":"3 Sentries","floor":8,"turns":8},{"damage":25,"enemies":"Lagavulin","floor":14,"turns":5},{"damage":35,"enemies":"Hexaghost","floor":16,"turns":7},{"damage":24,"enemies":"Chosen","floor":18,"turns":5},{"damage":6,"enemies":"2 Thieves","floor":21,"turns":3},{"damage":16,"enemies":"Gremlin Leader","floor":24,"turns":5},{"damage":38,"enemies":"Slavers","floor":28,"turns":7},{"damage":80,"enemies":"Champ","floor":33,"turns":8}],"seed_played":"43692214311947038","potions_obtained":[{"floor":3,"key":"Block Potion"},{"floor":3,"key":"Energy Potion"},{"floor":8,"key":"Block Potion"},{"floor":24,"key":"Explosive Potion"}],"is_trial":true,"path_per_floor":["M","?","?","?","$","R","M","E","T","T","R","R","R","E","R","B",null,"M","T","?","M","?","R","E","R","T","$","E","R","$","?","R"],"character_chosen":"IRONCLAD","items_purchased":["Gambling Chip","Flex+1"],"campfire_rested":6,"item_purchase_floors":[27,27],"current_hp_per_floor":[65,65,65,65,65,65,65,39,39,39,39,61,75,50,72,37,66,42,42,42,39,39,39,25,49,49,49,11,35,35,35,59,0],"gold":61,"neow_bonus":"","is_prod":false,"is_daily":false,"chose_seed":true,"campfire_upgraded":3,"win_rate":0,"timestamp":1539808613,"path_taken":["M","?","?","?","?","R","?","E","T","?","R","R","R","E","R","BOSS","M","?","?","?","?","R","E","R","T","$","E","R","?","?","R","BOSS"],"build_version":"2018-10-11","purchased_purges":1,"victory":false,"max_hp_per_floor":[75,75,75,75,75,75,75,75,75,75,75,75,75,75,75,75,75,75,75,75,78,78,78,80,80,80,80,80,80,80,80,80,80],"card_choices":[{"not_picked":["Clothesline","Havoc"],"picked":"Rampage","floor":0},{"not_picked":["Heavy Blade","Second Wind"],"picked":"Armaments","floor":0},{"not_picked":["Sword Boomerang","Searing Blow"],"picked":"Flex","floor":0},{"not_picked":["Clothesline","Armaments"],"picked":"Iron Wave","floor":0},{"not_picked":["Carnage","Wild Strike"],"picked":"Headbutt","floor":0},{"not_picked":["Infernal Blade","Intimidate"],"picked":"Burning Pact","floor":0},{"not_picked":["Sever Soul","Burning Pact"],"picked":"Flex","floor":0},{"not_picked":["Sword Boomerang","Corruption"],"picked":"Battle Trance","floor":0},{"not_picked":["Clash","Evolve"],"picked":"Iron Wave","floor":0},{"not_picked":["Infernal Blade","Rupture"],"picked":"Anger","floor":0},{"not_picked":["Cleave","Warcry"],"picked":"Battle Trance","floor":0},{"not_picked":["Thunderclap","True Grit"],"picked":"Ghostly Armor","floor":0},{"not_picked":["Feel No Pain","Entrench"],"picked":"Armaments","floor":0},{"not_picked":["Thunderclap","Disarm"],"picked":"Armaments","floor":0},{"not_picked":["Shrug It Off","Wild Strike"],"picked":"Clash","floor":0},{"not_picked":["Havoc","Hemokinesis","Second Wind"],"picked":"SKIP","floor":1},{"not_picked":["Cleave","Heavy Blade","Thunderclap"],"picked":"SKIP","floor":7},{"not_picked":["Warcry","Thunderclap"],"picked":"Headbutt","floor":8},{"not_picked":["Heavy Blade","Armaments","Shrug It Off"],"picked":"SKIP","floor":14},{"not_picked":["Double Tap","Barricade+1"],"picked":"Feed","floor":16},{"not_picked":["Clash","Battle Trance"],"picked":"Rampage","floor":17},{"not_picked":["Whirlwind","Sentinel"],"picked":"Pommel Strike","floor":18},{"not_picked":["Twin Strike","True Grit"],"picked":"Seeing Red+1","floor":21},{"not_picked":["Reckless Charge","Rupture+1","Power Through"],"picked":"Singing Bowl","floor":24},{"not_picked":["Iron Wave","Body Slam"],"picked":"True Grit+1","floor":28}],"player_experience":106563,"relics_obtained":[{"floor":8,"key":"Frozen Egg 2"},{"floor":9,"key":"Dodecahedron"},{"floor":10,"key":"Tiny Chest"},{"floor":14,"key":"Bag of Marbles"},{"floor":19,"key":"Singing Bowl"},{"floor":24,"key":"Toxic Egg 2"},{"floor":26,"key":"Boot"},{"floor":28,"key":"War Paint"}],"event_choices":[{"event_name":"Liars Game","player_choice":"agreed","floor":2,"damage_taken":0},{"event_name":"The Woman in Blue","player_choice":"Bought 2 Potions","floor":3,"damage_taken":0},{"event_name":"Match and Keep!","player_choice":"1 cards matched","floor":4,"damage_taken":0},{"event_name":"Ghosts","player_choice":"Ignored","floor":20,"damage_taken":0},{"event_name":"Addict","player_choice":"Stole Relic","floor":22,"damage_taken":0},{"event_name":"Purifier","player_choice":"One Purge","floor":31,"damage_taken":0}],"is_beta":false,"boss_relics":[{"not_picked":["Busted Crown","Cursed Key"],"picked":"Orrery"}],"items_purged_floors":[5],"is_endless":true,"potions_floor_spawned":[8,16,24],"killed_by":"Champ","ascension_level":20}