{"gold_per_floor":[111,111,127,142,153,187,203,203,229,263,23,23,23,23,23,23],"floor_reached":16,"playtime":1985,"items_purged":[],"score":174,"play_id":"573340d8-ebdd-48d9-b990-f3fc41e2fd24","local_time":"20190407074511","is_ascension_mode":true,"campfire_choices":[{"floor":8.0,"key":"REST"},{"floor":15.0,"key":"REST"}],"neow_cost":"PERCENT_DAMAGE","seed_source_timestamp":0,"circlet_count":0,"master_deck":["AscendersBane","Strike_B","Strike_B","Strike_B","Defend_B","Defend_B","Defend_B+1","Zap","Dualcast","Trip","Purity+1","Ball Lightning","Self Repair","Conserve Battery","Defragment","White Noise","Core Surge","Coolheaded","Deep Breath","Conserve Battery","Consume"],"special_seed":0,"relics":["Cracked Core","Lantern","Ancient Tea Set","War Paint"],"potions_floor_usage":[],"damage_taken":[{"damage":0.0,"enemies":"Small Slimes","floor":1.0,"turns":3.0},{"damage":6.0,"enemies":"Cultist","floor":3.0,"turns":4.0},{"damage":2.0,"enemies":"Jaw Worm","floor":4.0,"turns":2.0},{"damage":12.0,"enemies":"3 Louse","floor":5.0,"turns":3.0},{"damage":28.0,"enemies":"Lagavulin","floor":6.0,"turns":6.0},{"damage":9.0,"enemies":"Exordium Thugs","floor":7.0,"turns":6.0},{"damage":34.0,"enemies":"Gremlin Nob","floor":10.0,"turns":5.0},{"damage":0.0,"enemies":"Large Slime","floor":13.0,"turns":1.0},{"damage":31,"enemies":"Slime Boss","floor":16,"turns":3}],"seed_played":"244725666139153790","potions_obtained":[{"floor":1.0,"key":"PowerPotion"},{"floor":5.0,"key":"PowerPotion"},{"floor":6.0,"key":"Block Potion"},{"floor":7.0,"key":"SmokeBomb"}],"is_trial":false,"path_per_floor":["M","?","M","M","M","E","M","R","T","E","$","?","M","$","R","B"],"character_chosen":"DEFECT","items_purchased":["Coolheaded","Deep Breath","Conserve Battery","SpeedPotion"],"campfire_rested":2,"item_purchase_floors":[11,11,11,11],"current_hp_per_floor":[50,50,44,42,37,16,14,36,36,2,2,2,2,2,24,0],"gold":23,"neow_bonus":"RANDOM_COLORLESS_2","is_prod":false,"is_daily":false,"chose_seed":false,"campfire_upgraded":0,"win_rate":0,"timestamp":1554641111,"path_taken":["M","?","?","M","M","E","M","R","T","E","$","?","M","?","R","BOSS"],"build_version":"2019-01-23","purchased_purges":0,"victory":false,"max_hp_per_floor":[75,75,75,75,75,75,75,75,75,75,75,75,75,75,75,75],"card_choices":[{"not_picked":["Hologram","Beam Cell"],"picked":"Ball Lightning","floor":1.0},{"not_picked":["Doom and Gloom","Blizzard"],"picked":"Self Repair","floor":3.0},{"not_picked":["Tempest","Coolheaded"],"picked":"Conserve Battery","floor":4.0},{"not_picked":["Storm","Barrage","Turbo"],"picked":"SKIP","floor":5.0},{"not_picked":["Steam Power","Amplify"],"picked":"Defragment","floor":6.0},{"not_picked":["Storm","Cold Snap"],"picked":"White Noise","floor":7.0},{"not_picked":["Redo","Thunder Strike"],"picked":"Core Surge","floor":10.0}],"player_experience":268769,"relics_obtained":[{"floor":6.0,"key":"Lantern"},{"floor":9.0,"key":"Ancient Tea Set"},{"floor":10.0,"key":"War Paint"}],"event_choices":[{"cards_removed":["Strike_B"],"damage_healed":0.0,"max_hp_gain":0.0,"max_hp_loss":0.0,"gold_gain":0.0,"event_name":"Bonfire Elementals","player_choice":"Offered Basic","floor":2.0,"gold_loss":0.0,"damage_taken":0.0},{"damage_healed":0.0,"max_hp_gain":0.0,"max_hp_loss":0.0,"gold_gain":0.0,"cards_transformed":["Defend_B"],"event_name":"Transmorgrifier","player_choice":"Transformed","floor":12.0,"gold_loss":0.0,"damage_taken":0.0,"cards_obtained":["Consume"]}],"is_beta":false,"boss_relics":[],"items_purged_floors":[],"is_endless":false,"potions_floor_spawned":[1,5,6,7],"killed_by":"Slime Boss","ascension_level":11}