{"path_per_floor":["M","?","M","M","$","E","M","R","T","T","M","R","M","?","R","B",null,"M","M","$","M","?","R","E","$","T","M","M","E","R","E","R","B",null,"M","$","?","?","?","R","$","R","T","?","M","R","?","M","R","B"],"character_chosen":"DEFECT","items_purchased":["Genetic Algorithm","Capacitor","Gash","Stack","Hologram","Jack Of All Trades","Stack","Stack","Strength Potion","Swift Potion"],"gold_per_floor":[111,111,130,154,0,38,62,62,144,144,168,168,186,151,151,272,272,288,308,58,81,0,0,33,9,35,54,70,105,105,140,140,268,268,281,281,281,281,281,281,31,31,58,58,83,83,83,96,96,96],"floor_reached":51,"campfire_rested":6,"playtime":10865,"current_hp_per_floor":[69,51,51,51,51,37,11,33,33,33,33,33,19,37,59,22,75,62,32,32,24,24,46,42,42,49,41,31,22,46,22,46,45,82,77,77,77,77,67,67,67,67,67,67,69,69,69,65,79,60],"items_purged":["Zap","Strike_B"],"gold":96,"score":736,"play_id":"309c8b25-8e92-47f0-959a-77f928cae156","local_time":"20180429210946","is_prod":false,"is_daily":false,"chose_seed":false,"is_ascension_mode":true,"campfire_upgraded":3,"timestamp":1525061386,"path_taken":["M","?","M","M","$","E","?","R","T","?","M","R","?","?","R","BOSS","M","M","$","M","?","R","E","?","T","M","M","E","R","E","R","BOSS","M","$","?","?","?","R","$","R","T","?","M","R","?","M","R","BOSS"],"build_version":"2018-04-27v3","seed_source_timestamp":27328640590265,"purchased_purges":2,"victory":true,"master_deck":["Defend_B","Defend_B","Defend_B","Defend_B","Ball Lightning","Fusion+1","White Noise","Genetic Algorithm","Capacitor+1","Gash","Coolheaded","Reprogram","Go for the Eyes","Fission+1","FTL+1","Axe Kick","Stack+1","Hologram+1","Jack Of All Trades+1","Skim+1","Leap+1","Stack+1","Clumsy","Glacier+1","Impulse+1","Barrage+1","Defragment+1","Chaos+1","Rainbow+1","Rainbow+1","Stack+1","Leap+1","Barrage","Mind Blast+1","Master of Strategy+1","Blind+1","Stack+1","Skim+1","Coolheaded+1","Go for the Eyes+1"],"max_hp_per_floor":[75,75,75,75,75,75,75,75,75,75,75,75,75,75,75,75,75,75,75,75,75,75,75,75,75,82,82,82,82,82,82,82,82,82,82,82,82,82,82,82,82,82,82,82,82,79,79,79,79,79],"relics":["Cracked Core","Golden Idol","Peace Pipe","Toxic Egg 2","Mummified Hand","Cursed Key","Prayer Wheel","Strawberry","Juzu Bracelet","Bottled Tornado","Astrolabe","Regal Pillow"],"card_choices":[{"not_picked":["Reinforced Body","Force Field"],"picked":"Ball Lightning","floor":1},{"not_picked":["Ball Lightning","Coolheaded"],"picked":"Fusion","floor":3},{"not_picked":["Scrape","Streamline"],"picked":"White Noise","floor":4},{"not_picked":["Auto Shields","Cold Snap"],"picked":"Coolheaded","floor":6},{"not_picked":["Cold Snap","Tempest"],"picked":"Reprogram","floor":7},{"not_picked":["Impulse","Beam Cell"],"picked":"Go for the Eyes","floor":11},{"not_picked":["All For One","Fusion"],"picked":"Fission","floor":16},{"not_picked":["Axe Kick","Ball Lightning"],"picked":"FTL","floor":18},{"not_picked":["Force Field","Cold Snap"],"picked":"Axe Kick","floor":19},{"not_picked":["Glacier","Hologram"],"picked":"Skim","floor":21},{"not_picked":["Doom and Gloom","Reprogram"],"picked":"Leap","floor":24},{"not_picked":["Ball Lightning","Leap"],"picked":"Glacier","floor":26},{"not_picked":["Ball Lightning","Skim"],"picked":"Impulse","floor":27},{"not_picked":["Reprogram","Doom and Gloom"],"picked":"Barrage","floor":28},{"not_picked":["Machine Learning","Steam Power"],"picked":"Defragment","floor":29},{"not_picked":["Rip and Tear","Ball Lightning"],"picked":"Chaos","floor":31},{"not_picked":["Fission","Fusion"],"picked":"Rainbow","floor":33},{"not_picked":["Streamline","Impulse"],"picked":"Leap","floor":35},{"not_picked":["Enlightenment","Good Instincts"],"picked":"Mind Blast","floor":39},{"not_picked":["Dark Shackles","Panacea"],"picked":"Master of Strategy","floor":39},{"not_picked":["Bandage Up","Flash of Steel"],"picked":"Blind","floor":39},{"not_picked":["Leap","Capacitor"],"picked":"Skim","floor":43},{"not_picked":["Steam Power","Static Discharge"],"picked":"Coolheaded","floor":45},{"not_picked":["Sweeping Beam","Loop"],"picked":"Go for the Eyes","floor":48}],"player_experience":238699,"potions_floor_usage":[6,18,18,19,21,21,29,35,50,50,50],"damage_taken":[{"damage":6,"enemies":"2 Louse","floor":1,"turns":3},{"damage":0,"enemies":"Cultist","floor":3,"turns":4},{"damage":0,"enemies":"Jaw Worm","floor":4,"turns":3},{"damage":14,"enemies":"3 Sentries","floor":6,"turns":7},{"damage":26,"enemies":"Gremlin Gang","floor":7,"turns":6},{"damage":0,"enemies":"2 Fungi Beasts","floor":11,"turns":4},{"damage":14,"enemies":"Blue Slaver","floor":13,"turns":3},{"damage":44,"enemies":"The Guardian","floor":16,"turns":13},{"damage":13,"enemies":"Chosen","floor":18,"turns":6},{"damage":30,"enemies":"2 Thieves","floor":19,"turns":5},{"damage":8,"enemies":"3 Cultists","floor":21,"turns":7},{"damage":4,"enemies":"Gremlin Leader","floor":24,"turns":12},{"damage":8,"enemies":"Centurion and Healer","floor":27,"turns":8},{"damage":10,"enemies":"Snecko","floor":28,"turns":9},{"damage":9,"enemies":"Book of Stabbing","floor":29,"turns":8},{"damage":24,"enemies":"Gremlin Leader","floor":31,"turns":12},{"damage":1,"enemies":"Champ","floor":33,"turns":16},{"damage":5,"enemies":"Flame Bruiser 1 Orb","floor":35,"turns":7},{"damage":2,"enemies":"3 Shapes","floor":45,"turns":5},{"damage":4,"enemies":"Spire Growth","floor":48,"turns":5},{"damage":19,"enemies":"Awakened One","floor":50,"turns":15}],"event_choices":[{"event_name":"Golden Idol","player_choice":"Take Damage","floor":2,"damage_taken":0},{"event_name":"The Cleric","player_choice":"Healed","floor":14,"damage_taken":0},{"event_name":"Masked Bandits","player_choice":"Paid Bandits 81 gold","floor":22,"damage_taken":0},{"event_name":"Transmorgrifier","player_choice":"Transform","floor":37,"damage_taken":0},{"event_name":"Tomb of Lord Red Mask","player_choice":"Ignored","floor":38,"damage_taken":0},{"event_name":"SensoryStone","player_choice":"Memory 3","floor":39,"damage_taken":0},{"event_name":"Upgrade Shrine","player_choice":"Upgraded","floor":44,"damage_taken":0}],"boss_relics":[{"not_picked":["Snecko Eye","Calling Bell"],"picked":"Cursed Key"},{"not_picked":["Runic Pyramid","Pandora\u0027s Box"],"picked":"Astrolabe"}],"potions_floor_spawned":[4,6,11,13,16,18,19,24,33,35],"seed_played":"4464523925407998276","ascension_level":1,"is_trial":false}