{"gold_per_floor":[112,112,123,70,85,85,85,97,97,97,129,49,82,92,92,197,197,214,231,79,179,195,195,222,222,222,4,14,14,14,14,14,114,114,134,82,82,100,25,50,50,76,76,89,99,99,110,124,124,124],"floor_reached":51,"playtime":5480,"items_purged":["Strike_B"],"score":969,"play_id":"fe760b07-4713-4c1d-80cc-9243f0918cf4","local_time":"20190327170700","is_ascension_mode":true,"campfire_choices":[{"data":"Conserve Battery","floor":7.0,"key":"SMITH"},{"data":"Auto Shields","floor":10.0,"key":"SMITH"},{"data":"Consume","floor":15.0,"key":"SMITH"},{"data":"Coolheaded","floor":23.0,"key":"SMITH"},{"data":"Dualcast","floor":25.0,"key":"SMITH"},{"data":"Defragment","floor":29.0,"key":"SMITH"},{"floor":32.0,"key":"REST"},{"floor":41.0,"key":"REST"},{"data":"Coolheaded","floor":46,"key":"SMITH"},{"floor":49,"key":"REST"}],"neow_cost":"NONE","seed_source_timestamp":0,"circlet_count":0,"master_deck":["Strike_B","Defend_B","Defend_B","Defend_B","Defend_B","Zap","Dualcast+1","Coolheaded+1","Cold Snap","Conserve Battery+1","Cold Snap","Auto Shields+1","Consume+1","Defragment+1","Conserve Battery","Go for the Eyes","Seek","Cold Snap+1","Ball Lightning+1","BootSequence+1","Buffer","RitualDagger","Biased Cognition","Ball Lightning+1","Chill","Glacier","Conserve Battery","Creative AI","Coolheaded+1","Hologram+1","Capacitor+1","White Noise+1","Defragment+1"],"special_seed":0,"relics":["Cracked Core","NeowsBlessing","DataDisk","Pantograph","Dodecahedron","Nuclear Battery","Oddly Smooth Stone","Prayer Wheel","Mummified Hand","Lantern","Strawberry","Anchor","Orrery","Matryoshka","Bottled Lightning","Regal Pillow","Blood Vial"],"potions_floor_usage":[45,50,50,50],"damage_taken":[{"damage":0.0,"enemies":"2 Louse","floor":1.0,"turns":1.0},{"damage":0.0,"enemies":"Cultist","floor":3.0,"turns":1.0},{"damage":0.0,"enemies":"Small Slimes","floor":5.0,"turns":1.0},{"damage":11.0,"enemies":"3 Sentries","floor":6.0,"turns":8.0},{"damage":3.0,"enemies":"2 Fungi Beasts","floor":8.0,"turns":3.0},{"damage":8.0,"enemies":"Gremlin Nob","floor":11.0,"turns":5.0},{"damage":10.0,"enemies":"Lagavulin","floor":13.0,"turns":9.0},{"damage":0.0,"enemies":"Large Slime","floor":14.0,"turns":10.0},{"damage":16.0,"enemies":"Hexaghost","floor":16.0,"turns":12.0},{"damage":13.0,"enemies":"Chosen","floor":18.0,"turns":11.0},{"damage":0.0,"enemies":"3 Byrds","floor":19.0,"turns":9.0},{"damage":0.0,"enemies":"Colosseum Slavers","floor":21.0,"turns":5.0},{"damage":12.0,"enemies":"Colosseum Nobs","floor":21.0,"turns":7.0},{"damage":0.0,"enemies":"Snake Plant","floor":22.0,"turns":5.0},{"damage":5.0,"enemies":"Book of Stabbing","floor":24.0,"turns":6.0},{"damage":8.0,"enemies":"3 Cultists","floor":28.0,"turns":9.0},{"damage":6.0,"enemies":"Champ","floor":33.0,"turns":19.0},{"damage":6.0,"enemies":"3 Darklings","floor":35.0,"turns":12.0},{"damage":0.0,"enemies":"Orb Walker","floor":38.0,"turns":4.0},{"damage":0.0,"enemies":"Reptomancer","floor":40.0,"turns":12.0},{"damage":0,"enemies":"Nemesis","floor":42,"turns":9},{"damage":11,"enemies":"Sphere and 2 Shapes","floor":44,"turns":4},{"damage":4,"enemies":"Jaw Worm Horde","floor":45,"turns":4},{"damage":0,"enemies":"3 Darklings","floor":47,"turns":6},{"damage":0,"enemies":"Maw","floor":48,"turns":5},{"damage":14,"enemies":"Awakened One","floor":50,"turns":13}],"seed_played":"-3744369469297013254","potions_obtained":[{"floor":8.0,"key":"PowerPotion"},{"floor":11.0,"key":"LiquidBronze"},{"floor":18.0,"key":"SkillPotion"},{"floor":19.0,"key":"Block Potion"},{"floor":22.0,"key":"Weak Potion"},{"floor":24.0,"key":"Swift Potion"},{"floor":38.0,"key":"Explosive Potion"},{"floor":40.0,"key":"Dexterity Potion"},{"floor":45,"key":"SkillPotion"}],"is_trial":false,"path_per_floor":["M","?","M","$","M","E","R","M","T","R","E","$","E","M","R","B",null,"M","M","$","?","M","R","E","R","T","$","M","R","?","?","R","B",null,"M","$","?","M","$","E","R","E","T","M","M","R","M","M","R","B",null],"character_chosen":"DEFECT","items_purchased":["Conserve Battery","Defragment","Oddly Smooth Stone","Anchor","FocusPotion","Weak Potion"],"campfire_rested":3,"item_purchase_floors":[4,12,20,27,27,36],"current_hp_per_floor":[68,68,68,68,68,57,57,54,54,54,46,46,36,36,36,45,68,55,55,55,43,43,43,38,38,45,45,37,37,37,31,55,74,80,74,74,74,74,74,74,82,82,82,71,69,69,71,73,82,68],"gold":124,"neow_bonus":"THREE_ENEMY_KILL","is_prod":false,"is_daily":false,"chose_seed":false,"campfire_upgraded":7,"win_rate":0,"timestamp":1553724420,"path_taken":["M","?","?","$","M","E","R","M","T","R","E","$","E","M","R","BOSS","M","?","$","?","M","R","E","R","T","$","M","R","?","?","R","BOSS","M","$","?","M","$","E","R","E","T","M","M","R","M","M","R","BOSS"],"build_version":"2019-01-23","purchased_purges":1,"victory":true,"max_hp_per_floor":[75,75,75,75,75,75,75,75,75,75,75,75,75,75,75,75,75,75,75,75,75,75,75,75,75,82,82,82,82,82,82,82,82,82,82,82,82,82,82,82,82,82,82,82,82,82,82,82,82,82],"card_choices":[{"not_picked":["Force Field","Fusion"],"picked":"Coolheaded","floor":1.0},{"not_picked":["Leap","Rip and Tear"],"picked":"Cold Snap","floor":3.0},{"not_picked":["Compile Driver","Redo"],"picked":"Cold Snap","floor":5.0},{"not_picked":["Turbo","Machine Learning","Auto Shields"],"picked":"SKIP","floor":6.0},{"not_picked":["Redo","Stack"],"picked":"Auto Shields","floor":8.0},{"not_picked":["BootSequence","Static Discharge"],"picked":"Consume","floor":11.0},{"not_picked":["Chaos","Barrage"],"picked":"Conserve Battery","floor":13.0},{"not_picked":["Gash","Rip and Tear"],"picked":"Go for the Eyes","floor":14.0},{"not_picked":["All For One","Reboot"],"picked":"Seek","floor":16.0},{"not_picked":["Redo","Barrage"],"picked":"Cold Snap+1","floor":18.0},{"not_picked":["Consume","FTL+1"],"picked":"Ball Lightning+1","floor":19.0},{"not_picked":["Leap","Doom and Gloom+1"],"picked":"BootSequence+1","floor":21.0},{"not_picked":["Gash","Rip and Tear"],"picked":"Buffer","floor":22.0},{"not_picked":["Beam Cell","Storm+1","Compile Driver"],"picked":"SKIP","floor":22.0},{"not_picked":["Recycle","Skim","Coolheaded"],"picked":"SKIP","floor":24.0},{"not_picked":["Barrage+1","Go for the Eyes+1","Thunder Strike"],"picked":"SKIP","floor":28.0},{"not_picked":["Chaos","Leap","Compile Driver"],"picked":"SKIP","floor":28.0},{"not_picked":["Meteor Strike","Seek"],"picked":"Biased Cognition","floor":33.0},{"not_picked":["Stack","Compile Driver"],"picked":"Ball Lightning+1","floor":34.0},{"not_picked":["Redo","Reinforced Body"],"picked":"Chill","floor":34.0},{"not_picked":["Ball Lightning","Coolheaded"],"picked":"Glacier","floor":34.0},{"not_picked":["Ball Lightning+1","Gash"],"picked":"Conserve Battery","floor":34.0},{"not_picked":["Redo","Conserve Battery"],"picked":"Creative AI","floor":35.0},{"not_picked":["Hologram","Streamline+1","Cold Snap+1"],"picked":"SKIP","floor":35.0},{"not_picked":["Conserve Battery+1","Double Energy+1","Ball Lightning+1"],"picked":"SKIP","floor":38.0},{"not_picked":["Melter+1","BootSequence+1","Leap"],"picked":"SKIP","floor":38.0},{"not_picked":["Go for the Eyes","Gash+1","Turbo"],"picked":"SKIP","floor":40.0},{"not_picked":["Double Energy+1","Conserve Battery","Barrage"],"picked":"SKIP","floor":42},{"not_picked":["Force Field","Heatsinks"],"picked":"Hologram+1","floor":44},{"not_picked":["Sweeping Beam","Gash","Machine Learning"],"picked":"SKIP","floor":44},{"not_picked":["Static Discharge","Darkness+1"],"picked":"Capacitor+1","floor":45},{"not_picked":["Hologram","Reinforced Body+1"],"picked":"White Noise+1","floor":45},{"not_picked":["Gash+1","Stack+1"],"picked":"Defragment+1","floor":47},{"not_picked":["Coolheaded","Consume","Conserve Battery+1"],"picked":"SKIP","floor":47},{"not_picked":["Doom and Gloom","Steam+1","Rebound+1"],"picked":"SKIP","floor":48},{"not_picked":["Ball Lightning+1","Amplify","Hologram"],"picked":"SKIP","floor":48}],"player_experience":133869,"relics_obtained":[{"floor":9.0,"key":"DataDisk"},{"floor":11.0,"key":"Pantograph"},{"floor":13.0,"key":"Dodecahedron"},{"floor":21.0,"key":"Prayer Wheel"},{"floor":21.0,"key":"Mummified Hand"},{"floor":24.0,"key":"Lantern"},{"floor":26.0,"key":"Strawberry"},{"floor":40.0,"key":"Matryoshka"},{"floor":42,"key":"Bottled Lightning"},{"floor":43,"key":"Regal Pillow"},{"floor":43,"key":"Blood Vial"}],"event_choices":[{"cards_removed":["Strike_B"],"damage_healed":0.0,"max_hp_gain":0.0,"max_hp_loss":0.0,"gold_gain":0.0,"event_name":"Purifier","player_choice":"Purged","floor":2.0,"gold_loss":0.0,"damage_taken":0.0},{"damage_healed":0.0,"max_hp_gain":0.0,"max_hp_loss":0.0,"gold_gain":0.0,"event_name":"Colosseum","player_choice":"Fight","floor":21.0,"gold_loss":0.0,"damage_taken":0.0},{"damage_healed":0.0,"max_hp_gain":0.0,"max_hp_loss":0.0,"gold_gain":0.0,"event_name":"Colosseum","player_choice":"Fought Nobs","floor":21.0,"gold_loss":0.0,"damage_taken":0.0},{"damage_healed":0.0,"max_hp_gain":0.0,"max_hp_loss":0.0,"gold_gain":0.0,"event_name":"Beggar","player_choice":"Ignored","floor":30.0,"gold_loss":0.0,"damage_taken":0.0},{"damage_healed":0.0,"max_hp_gain":0.0,"max_hp_loss":0.0,"gold_gain":0.0,"event_name":"Nest","player_choice":"Joined the Cult","floor":31.0,"gold_loss":0.0,"damage_taken":6.0,"cards_obtained":["RitualDagger"]},{"damage_healed":0.0,"max_hp_gain":0.0,"max_hp_loss":0.0,"gold_gain":0.0,"cards_transformed":["Strike_B"],"event_name":"Transmorgrifier","player_choice":"Transformed","floor":37.0,"gold_loss":0.0,"damage_taken":0.0,"cards_obtained":["Coolheaded"]}],"is_beta":false,"boss_relics":[{"not_picked":["Busted Crown","Velvet Choker"],"picked":"Nuclear Battery"},{"not_picked":["Runic Pyramid","Snecko Eye"],"picked":"Orrery"}],"items_purged_floors":[39],"is_endless":false,"potions_floor_spawned":[6,8,11,18,19,22,24,38,40,45,48],"ascension_level":6}