{"gold_per_floor":[113,188,138,138,155,155,174,174,250,250,269,294,310,328,328,431,431,449,449,374,385,395,395,405,405,431,445,462,476,391,391],"floor_reached":31,"playtime":1175,"items_purged":[],"score":241,"play_id":"16c40a28-d5d6-41b5-8dc6-f80a550af8eb","local_time":"20181122104734","is_ascension_mode":false,"campfire_choices":[{"data":"Seeing Red","floor":6,"key":"SMITH"},{"data":"Bash","floor":8,"key":"SMITH"},{"data":"Intimidate","floor":10,"key":"SMITH"},{"data":"Clothesline","floor":15,"key":"SMITH"},{"floor":23,"key":"REST"}],"neow_cost":"NONE","seed_source_timestamp":182202775762286,"circlet_count":0,"master_deck":["Strike_R","Strike_R","Strike_R","Defend_R","Defend_R","Defend_R","Defend_R","Bash+1","Cleave","Seeing Red+1","Intimidate+1","Dropkick","Dual Wield","Disarm","Clothesline+1","Offering","Inflame","Sword Boomerang","Fire Breathing","Thunderclap+1","Perfected Strike+1","Anger","Flex","Warcry+1"],"relics":["Burning Blood","Art of War","WarpedTongs","Gremlin Horn","PreservedInsect","Runic Cube","Orichalcum","Toxic Egg 2"],"potions_floor_usage":[12,21,22,29,31],"damage_taken":[{"damage":3,"enemies":"Small Slimes","floor":1,"turns":3},{"damage":0,"enemies":"2 Louse","floor":5,"turns":1},{"damage":6,"enemies":"Cultist","floor":7,"turns":3},{"damage":4,"enemies":"2 Fungi Beasts","floor":11,"turns":3},{"damage":23,"enemies":"3 Sentries","floor":12,"turns":6},{"damage":11,"enemies":"Looter","floor":13,"turns":3},{"damage":2,"enemies":"Exordium Wildlife","floor":14,"turns":3},{"damage":9,"enemies":"Slime Boss","floor":16,"turns":9},{"damage":25,"enemies":"Chosen","floor":18,"turns":3},{"damage":34,"enemies":"2 Thieves","floor":21,"turns":4},{"damage":18,"enemies":"Shelled Parasite and Fungi","floor":22,"turns":4},{"damage":17,"enemies":"Snecko","floor":24,"turns":5},{"damage":24,"enemies":"3 Cultists","floor":27,"turns":4},{"damage":7,"enemies":"Cultist and Chosen","floor":28,"turns":4},{"damage":21,"enemies":"Snake Plant","floor":29,"turns":5},{"damage":12,"enemies":"Colosseum Slavers","floor":31,"turns":3},{"damage":25,"enemies":"Colosseum Nobs","floor":31,"turns":4}],"seed_played":"-7155983742574703899","potions_obtained":[{"floor":5,"key":"GamblersBrew"},{"floor":7,"key":"FearPotion"},{"floor":11,"key":"Strength Potion"},{"floor":16,"key":"Strength Potion"},{"floor":18,"key":"LiquidBronze"},{"floor":24,"key":"LiquidBronze"},{"floor":28,"key":"SkillPotion"},{"floor":29,"key":"GamblersBrew"}],"is_trial":false,"path_per_floor":["M","?","?","?","M","R","M","R","T","R","M","E","M","M","R","B",null,"M","?","?","M","M","R","M","?","T","M","M","M","?","?"],"character_chosen":"IRONCLAD","items_purchased":[],"campfire_rested":1,"item_purchase_floors":[],"current_hp_per_floor":[80,69,69,69,75,75,75,75,75,75,77,60,55,59,59,56,80,61,61,61,33,21,45,34,60,60,42,41,26,26,0],"gold":391,"neow_bonus":"RANDOM_COMMON_RELIC","is_prod":false,"is_daily":false,"chose_seed":false,"campfire_upgraded":4,"win_rate":0.0,"timestamp":1542880054,"path_taken":["M","?","?","?","?","R","M","R","T","R","M","E","M","M","R","BOSS","M","?","?","?","?","R","M","?","T","M","M","M","?","?"],"build_version":"2018-11-15","purchased_purges":0,"victory":false,"max_hp_per_floor":[80,80,80,80,80,80,80,80,80,80,80,80,80,80,80,80,80,80,80,80,80,80,80,80,80,80,80,80,80,80,80],"card_choices":[{"not_picked":["Thunderclap","Blood for Blood"],"picked":"Cleave","floor":1},{"not_picked":["Disarm","Clash"],"picked":"Seeing Red","floor":5},{"not_picked":["Reckless Charge","Shrug It Off"],"picked":"Intimidate","floor":7},{"not_picked":["Battle Trance","Clash"],"picked":"Dropkick","floor":11},{"not_picked":["Evolve","Fire Breathing"],"picked":"Dual Wield","floor":12},{"not_picked":["Armaments","Dropkick"],"picked":"Disarm","floor":13},{"not_picked":["Cleave","Hemokinesis"],"picked":"Clothesline","floor":14},{"not_picked":["Dark Embrace","Limit Break"],"picked":"Offering","floor":16},{"not_picked":["Thunderclap","Shockwave"],"picked":"Inflame","floor":18},{"not_picked":["Entrench","Seeing Red"],"picked":"Fire Breathing","floor":21},{"not_picked":["Iron Wave","Twin Strike"],"picked":"Thunderclap+1","floor":22},{"not_picked":["Infernal Blade","True Grit"],"picked":"Perfected Strike+1","floor":24},{"not_picked":["Pommel Strike","Body Slam"],"picked":"Anger","floor":27},{"not_picked":["Thunderclap","Whirlwind"],"picked":"Flex","floor":28},{"not_picked":["Dual Wield","Wild Strike"],"picked":"Warcry+1","floor":29}],"player_experience":165684,"relics_obtained":[{"floor":9,"key":"Gremlin Horn"},{"floor":12,"key":"PreservedInsect"},{"floor":26,"key":"Orichalcum"}],"event_choices":[{"damage_healed":0,"gold_gain":75,"player_choice":"Gather Gold","damage_taken":11,"max_hp_gain":0,"max_hp_loss":0,"event_name":"World of Goop","floor":2,"gold_loss":0},{"cards_removed":["Strike_R"],"damage_healed":0,"gold_gain":0,"player_choice":"Card Removal","damage_taken":0,"max_hp_gain":0,"max_hp_loss":0,"event_name":"The Cleric","floor":3,"gold_loss":50},{"damage_healed":0,"gold_gain":0,"player_choice":"Rummage","damage_taken":0,"relics_obtained":["WarpedTongs"],"max_hp_gain":0,"max_hp_loss":0,"event_name":"Accursed Blacksmith","floor":4,"gold_loss":0,"cards_obtained":["Pain"]},{"damage_healed":0,"gold_gain":0,"cards_transformed":["Pain","Strike_R"],"player_choice":"Became Test Subject","damage_taken":0,"max_hp_gain":0,"max_hp_loss":0,"event_name":"Drug Dealer","floor":19,"gold_loss":0,"cards_obtained":["Injury","Sword Boomerang"]},{"cards_removed":["Injury"],"damage_healed":0,"gold_gain":0,"player_choice":"Gave Gold","damage_taken":0,"max_hp_gain":0,"max_hp_loss":0,"event_name":"Beggar","floor":20,"gold_loss":75},{"damage_healed":26,"gold_gain":0,"player_choice":"Heal","damage_taken":0,"max_hp_gain":0,"max_hp_loss":0,"event_name":"The Library","floor":25,"gold_loss":0},{"damage_healed":0,"gold_gain":0,"player_choice":"Obtained Relic","damage_taken":0,"relics_obtained":["Toxic Egg 2"],"max_hp_gain":0,"max_hp_loss":0,"event_name":"Addict","floor":30,"gold_loss":85},{"damage_healed":0,"gold_gain":0,"player_choice":"Fight","damage_taken":0,"max_hp_gain":0,"max_hp_loss":0,"event_name":"Colosseum","floor":31,"gold_loss":0},{"damage_healed":0,"gold_gain":0,"player_choice":"Fought Nobs","damage_taken":0,"max_hp_gain":0,"max_hp_loss":0,"event_name":"Colosseum","floor":31,"gold_loss":0}],"is_beta":false,"boss_relics":[{"not_picked":["Ectoplasm","Coffee Dripper"],"picked":"Runic Cube"}],"items_purged_floors":[],"is_endless":false,"potions_floor_spawned":[5,7,11,16,18,24,28,29],"killed_by":"Colosseum Nobs","ascension_level":0}