{"gold_per_floor":[110,127,55,55,55,55,73,92,118,118,137,137,157,157],"floor_reached":14,"playtime":42717,"items_purged":[],"score":82,"play_id":"7223d090-e4ec-4065-9ddf-6d061ef98f9b","local_time":"20190325083148","is_ascension_mode":false,"campfire_choices":[{"data":"Strike_R","floor":6,"key":"SMITH"},{"floor":10,"key":"REST"}],"neow_cost":"","seed_source_timestamp":5486109406703983,"circlet_count":0,"master_deck":["Strike_R+1","Strike_R","Strike_R","Strike_R","Strike_R","Defend_R","Defend_R","Defend_R","Bash","Disarm","Armaments","Brutality","Clothesline","Sword Boomerang","Shrug It Off","Rage"],"relics":["Burning Blood","Juzu Bracelet","Oddly Smooth Stone"],"potions_floor_usage":[],"damage_taken":[{"damage":1,"enemies":"Cultist","floor":1,"turns":3},{"damage":5,"enemies":"Small Slimes","floor":2,"turns":4},{"damage":4,"enemies":"2 Louse","floor":7,"turns":3},{"damage":39,"enemies":"Large Slime","floor":8,"turns":9},{"damage":16,"enemies":"Exordium Wildlife","floor":11,"turns":8},{"damage":1,"enemies":"2 Fungi Beasts","floor":13,"turns":5},{"damage":69,"enemies":"Gremlin Nob","floor":14,"turns":6}],"seed_played":"8554431038309680207","potions_obtained":[{"floor":1,"key":"GamblersBrew"},{"floor":13,"key":"Explosive Potion"}],"is_trial":false,"path_per_floor":["M","M","$","?","?","R","M","M","T","R","M","?","M","E"],"character_chosen":"IRONCLAD","items_purchased":["Brutality"],"campfire_rested":1,"item_purchase_floors":[3],"current_hp_per_floor":[80,80,80,80,73,73,75,42,42,66,56,44,49,0],"gold":157,"neow_bonus":"","is_prod":false,"is_daily":false,"chose_seed":false,"campfire_upgraded":1,"win_rate":0.0,"timestamp":1553517108,"path_taken":["M","?","$","?","?","R","M","M","T","R","M","?","M","E"],"build_version":"2019-01-23","purchased_purges":0,"victory":false,"max_hp_per_floor":[80,80,80,80,80,80,80,80,80,80,80,80,80,80],"card_choices":[{"not_picked":["Corruption","Feel No Pain"],"picked":"Disarm","floor":1},{"not_picked":["True Grit","Rupture"],"picked":"Armaments","floor":2},{"not_picked":["Uppercut","Corruption"],"picked":"Clothesline","floor":7},{"not_picked":["Warcry","Disarm"],"picked":"Sword Boomerang","floor":8},{"not_picked":["Sword Boomerang","Flex"],"picked":"Shrug It Off","floor":11},{"not_picked":["Body Slam","Shrug It Off"],"picked":"Rage","floor":13}],"player_experience":0,"relics_obtained":[{"floor":9,"key":"Juzu Bracelet"}],"event_choices":[{"damage_healed":0,"gold_gain":0,"player_choice":"Ignored","damage_taken":0,"max_hp_gain":0,"max_hp_loss":0,"event_name":"Liars Game","floor":4,"gold_loss":0},{"cards_removed":["Defend_R"],"damage_healed":0,"gold_gain":0,"player_choice":"Card Removal","damage_taken":7,"max_hp_gain":0,"max_hp_loss":0,"event_name":"Golden Wing","floor":5,"gold_loss":0},{"damage_healed":0,"gold_gain":0,"player_choice":"Success","damage_taken":12,"relics_obtained":["Oddly Smooth Stone"],"max_hp_gain":0,"max_hp_loss":0,"event_name":"Scrap Ooze","floor":12,"gold_loss":0}],"is_beta":false,"boss_relics":[],"items_purged_floors":[],"is_endless":false,"potions_floor_spawned":[1,13],"killed_by":"Gremlin Nob","ascension_level":0}