{"gold_per_floor":[111,121,121,121,46,46,79,79,102,131,141,141,157,176,176,275,275,292,292,292,192,206,223,223,233,257,257,273,273],"floor_reached":29,"playtime":3667,"items_purged":["Strike_R","Strike_R"],"score":235,"play_id":"23ec0228-d474-4acd-b7cb-47cfbaf268c7","local_time":"20190311162510","is_ascension_mode":false,"campfire_choices":[{"data":"Bash","floor":6,"key":"SMITH"},{"data":"Feel No Pain","floor":8,"key":"SMITH"},{"floor":15,"key":"REST"},{"floor":24,"key":"REST"}],"neow_cost":"NONE","seed_source_timestamp":18008753640121,"circlet_count":0,"master_deck":["Strike_R","Strike_R+1","Strike_R+1","Defend_R","Defend_R","Defend_R","Bash+1","Feel No Pain+1","Flame Barrier+1","Clash","Twin Strike","Sever Soul","Flame Barrier","Inflame","Limit Break","Dropkick","Rage+1","True Grit+1","Sentinel"],"relics":["Burning Blood","Juzu Bracelet","CultistMask","Red Skull","Bag of Preparation","Whetstone","Eternal Feather","Blood Vial"],"potions_floor_usage":[22,29,29,29],"damage_taken":[{"damage":0,"enemies":"Small Slimes","floor":1,"turns":3},{"damage":4,"enemies":"Cultist","floor":2,"turns":4},{"damage":39,"enemies":"Gremlin Nob","floor":7,"turns":6},{"damage":15,"enemies":"Lagavulin","floor":10,"turns":8},{"damage":1,"enemies":"2 Louse","floor":11,"turns":2},{"damage":4,"enemies":"2 Fungi Beasts","floor":13,"turns":3},{"damage":5,"enemies":"Lots of Slimes","floor":14,"turns":3},{"damage":43,"enemies":"Slime Boss","floor":16,"turns":8},{"damage":9,"enemies":"Shell Parasite","floor":18,"turns":9},{"damage":36,"enemies":"2 Thieves","floor":22,"turns":4},{"damage":9,"enemies":"Snake Plant","floor":23,"turns":4},{"damage":23,"enemies":"Chosen and Byrds","floor":25,"turns":9},{"damage":15,"enemies":"Snecko","floor":28,"turns":4},{"damage":41,"enemies":"Slavers","floor":29,"turns":5}],"seed_played":"-7714316069491588491","potions_obtained":[{"floor":2,"key":"Strength Potion"},{"floor":7,"key":"AttackPotion"},{"floor":13,"key":"PowerPotion"},{"floor":22,"key":"SteroidPotion"},{"floor":23,"key":"SkillPotion"}],"is_trial":false,"path_per_floor":["M","M","?","?","$","R","E","R","T","E","M","?","M","M","R","B",null,"M","?","?","$","M","M","R","M","T","?","M","E"],"character_chosen":"IRONCLAD","items_purchased":[],"campfire_rested":2,"item_purchase_floors":[],"current_hp_per_floor":[80,80,80,80,80,80,47,47,47,38,43,36,38,39,63,26,80,77,77,62,62,32,29,63,46,46,46,39,0],"gold":273,"neow_bonus":"RANDOM_COMMON_RELIC","is_prod":false,"is_daily":false,"chose_seed":false,"campfire_upgraded":2,"win_rate":0.0,"timestamp":1552317910,"path_taken":["M","M","?","?","?","R","E","R","T","E","M","?","M","M","R","BOSS","M","?","?","$","M","M","R","M","T","?","M","E"],"build_version":"2019-01-23","purchased_purges":2,"victory":false,"max_hp_per_floor":[80,80,80,80,80,80,80,80,80,80,80,80,80,80,80,80,80,80,80,85,85,85,85,85,85,85,85,85,85],"card_choices":[{"not_picked":["Twin Strike","Seeing Red"],"picked":"Feel No Pain","floor":1},{"not_picked":["Perfected Strike","Whirlwind"],"picked":"Flame Barrier","floor":2},{"not_picked":["Fiend Fire","Heavy Blade"],"picked":"Clash","floor":7},{"not_picked":["Thunderclap","Pommel Strike"],"picked":"Twin Strike","floor":10},{"not_picked":["Warcry","Sentinel"],"picked":"Sever Soul","floor":11},{"not_picked":["Evolve","Combust"],"picked":"Flame Barrier","floor":13},{"not_picked":["Headbutt","Disarm"],"picked":"Inflame","floor":14},{"not_picked":["Double Tap","Fiend Fire"],"picked":"Limit Break","floor":16},{"not_picked":["Perfected Strike+1","Twin Strike+1"],"picked":"Dropkick","floor":18},{"not_picked":["Fire Breathing","Ghostly Armor"],"picked":"Rage+1","floor":22},{"not_picked":["Pommel Strike","Sever Soul"],"picked":"True Grit+1","floor":23},{"not_picked":["Body Slam","Warcry"],"picked":"Sentinel","floor":25},{"not_picked":["Barricade","Pommel Strike","True Grit+1"],"picked":"SKIP","floor":28}],"player_experience":41709,"relics_obtained":[{"floor":7,"key":"Red Skull"},{"floor":9,"key":"Bag of Preparation"},{"floor":10,"key":"Whetstone"},{"floor":26,"key":"Blood Vial"}],"event_choices":[{"damage_healed":0,"gold_gain":0,"player_choice":"Trade","damage_taken":0,"relics_obtained":["CultistMask"],"max_hp_gain":0,"max_hp_loss":0,"event_name":"FaceTrader","floor":3,"gold_loss":0},{"damage_healed":0,"gold_gain":0,"player_choice":"Forge","damage_taken":0,"max_hp_gain":0,"max_hp_loss":0,"event_name":"Accursed Blacksmith","floor":4,"gold_loss":0,"cards_upgraded":["Flame Barrier"]},{"cards_removed":["Defend_R"],"damage_healed":0,"gold_gain":0,"player_choice":"Card Removal","damage_taken":7,"max_hp_gain":0,"max_hp_loss":0,"event_name":"Golden Wing","floor":12,"gold_loss":0},{"damage_healed":0,"gold_gain":0,"player_choice":"Ignored","damage_taken":0,"max_hp_gain":0,"max_hp_loss":0,"event_name":"NoteForYourself","floor":19,"gold_loss":0},{"damage_healed":0,"gold_gain":0,"player_choice":"Shed Blood","damage_taken":20,"max_hp_gain":5,"max_hp_loss":0,"event_name":"Forgotten Altar","floor":20,"gold_loss":0},{"damage_healed":0,"gold_gain":0,"player_choice":"Ignored","damage_taken":0,"max_hp_gain":0,"max_hp_loss":0,"event_name":"Ghosts","floor":27,"gold_loss":0}],"is_beta":false,"boss_relics":[{"not_picked":["Tiny House","Mark of Pain"],"picked":"Eternal Feather"}],"items_purged_floors":[5,21],"is_endless":false,"potions_floor_spawned":[2,7,13,22,23,25],"killed_by":"Slavers","ascension_level":0}