{"gold_per_floor":[365,365,383,403,147,202,259,334,369,454,500,548,560,595,607,747,759,784,175,445,445,490,490,490],"floor_reached":24,"playtime":1754,"items_purged":["Injury","Strike_G"],"score":254,"play_id":"ebe52558-7e7f-471e-ae11-2e2843c5e60e","local_time":"20181022024149","is_ascension_mode":true,"campfire_choices":[{"floor":13,"key":"REST"},{"floor":15,"key":"REST"},{"floor":23,"key":"REST"}],"neow_cost":"CURSE","seed_source_timestamp":7351238589120,"circlet_count":0,"master_deck":["Defend_G+1","Defend_G+1","Defend_G+1","Defend_G+1","Defend_G+1","Strike_G+1","Strike_G+1","Strike_G+1","Survivor","Neutralize","Cloak And Dagger","Poisoned Stab","Poisoned Stab","HandOfGreed","Crippling Poison","Acrobatics","A Thousand Cuts","Acrobatics","Envenom","Wraith Form v2","Transmutation","Impatience","Jack Of All Trades","Escape Plan"],"relics":["Ring of the Snake","Golden Idol","MawBank","Omamori","Ancient Tea Set","Regal Pillow","Empty Cage","TwistedFunnel","Lantern"],"potions_floor_usage":[6,6,10,10,16,22,24,24],"damage_taken":[{"damage":0,"enemies":"2 Louse","floor":1,"turns":3},{"damage":0,"enemies":"Cultist","floor":3,"turns":6},{"damage":6,"enemies":"Jaw Worm","floor":4,"turns":4},{"damage":21,"enemies":"3 Sentries","floor":6,"turns":5},{"damage":2,"enemies":"Looter","floor":7,"turns":4},{"damage":11,"enemies":"Lagavulin","floor":8,"turns":7},{"damage":24,"enemies":"3 Sentries","floor":10,"turns":9},{"damage":4,"enemies":"2 Fungi Beasts","floor":11,"turns":2},{"damage":1,"enemies":"Red Slaver","floor":12,"turns":3},{"damage":9,"enemies":"Looter","floor":14,"turns":5},{"damage":42,"enemies":"Hexaghost","floor":16,"turns":9},{"damage":8,"enemies":"Chosen","floor":18,"turns":5},{"damage":0,"enemies":"3 Byrds","floor":22,"turns":3},{"damage":56,"enemies":"Slavers","floor":24,"turns":4}],"seed_played":"-5163334348623071489","potions_obtained":[{"floor":1,"key":"Strength Potion"},{"floor":3,"key":"LiquidBronze"},{"floor":6,"key":"SteroidPotion"},{"floor":7,"key":"Energy Potion"},{"floor":12,"key":"SteroidPotion"},{"floor":14,"key":"Regen Potion"},{"floor":16,"key":"Explosive Potion"},{"floor":22,"key":"Strength Potion"}],"is_trial":false,"path_per_floor":["M","?","M","M","$","E","M","E","T","E","M","M","R","M","R","B",null,"M","$","?","?","M","R"],"character_chosen":"THE_SILENT","items_purchased":["HandOfGreed","TwistedFunnel","Lantern","Transmutation"],"campfire_rested":3,"item_purchase_floors":[5,19,19,19],"current_hp_per_floor":[70,70,70,64,64,43,41,30,30,6,2,1,37,28,64,36,70,62,62,20,20,20,56,0],"gold":490,"neow_bonus":"TWO_FIFTY_GOLD","is_prod":false,"is_daily":false,"chose_seed":false,"campfire_upgraded":0,"win_rate":0,"timestamp":1540194109,"path_taken":["M","?","M","M","$","E","M","E","T","E","M","M","R","M","R","BOSS","M","$","?","?","M","R","E"],"build_version":"2018-10-18","purchased_purges":2,"victory":false,"max_hp_per_floor":[70,70,70,70,70,70,70,70,70,70,70,70,70,70,70,70,70,70,70,70,70,70,70,70],"card_choices":[{"not_picked":["Prepared","Tactician"],"picked":"Cloak And Dagger","floor":1},{"not_picked":["Calculated Gamble","Deflect"],"picked":"Poisoned Stab","floor":3},{"not_picked":["Well Laid Plans","Bouncing Flask"],"picked":"Poisoned Stab","floor":4},{"not_picked":["Predator","Outmaneuver"],"picked":"Crippling Poison","floor":6},{"not_picked":["Choke","Leg Sweep"],"picked":"Acrobatics","floor":7},{"not_picked":["Blur","Deflect"],"picked":"A Thousand Cuts","floor":8},{"not_picked":["Cloak And Dagger","Outmaneuver"],"picked":"Acrobatics","floor":10},{"not_picked":["Sucker Punch","Tactician","Outmaneuver"],"picked":"SKIP","floor":11},{"not_picked":["Caltrops","Sucker Punch","Bouncing Flask"],"picked":"SKIP","floor":12},{"not_picked":["Sucker Punch","Riddle With Holes"],"picked":"Envenom","floor":14},{"not_picked":["Corpse Explosion","Bullet Time"],"picked":"Wraith Form v2","floor":16},{"not_picked":["Finisher","Dash","Deflect"],"picked":"SKIP","floor":18},{"not_picked":["Underhanded Strike","Quick Slash+1"],"picked":"Escape Plan","floor":22}],"player_experience":166208,"relics_obtained":[{"floor":6,"key":"MawBank"},{"floor":8,"key":"Omamori"},{"floor":9,"key":"Ancient Tea Set"},{"floor":10,"key":"Regal Pillow"}],"event_choices":[{"damage_healed":0,"gold_gain":0,"player_choice":"Take Wound","damage_taken":0,"relics_obtained":["Golden Idol"],"max_hp_gain":0,"max_hp_loss":0,"event_name":"Golden Idol","floor":2,"gold_loss":0,"cards_obtained":["Injury"]},{"damage_healed":0,"gold_gain":270,"player_choice":"CARD CARD GOLD GOLD GOLD ","damage_taken":42,"max_hp_gain":0,"max_hp_loss":0,"event_name":"Knowing Skull","floor":20,"potions_obtained":[],"gold_loss":0,"cards_obtained":["Impatience","Jack Of All Trades"]},{"damage_healed":0,"gold_gain":0,"player_choice":"Simplicity","damage_taken":0,"max_hp_gain":0,"max_hp_loss":0,"event_name":"Back to Basics","floor":21,"gold_loss":0,"cards_upgraded":["Defend_G","Defend_G","Defend_G","Defend_G","Defend_G","Strike_G","Strike_G","Strike_G"]}],"is_beta":false,"boss_relics":[{"not_picked":["Busted Crown","Calling Bell"],"picked":"Empty Cage"}],"items_purged_floors":[5,19],"is_endless":false,"potions_floor_spawned":[1,3,6,7,12,14,16,22],"killed_by":"Slavers","ascension_level":1}