{"path_per_floor":["M","?","?","?","M","R","$","R","T","R","E","$","M","M","R","B",null,"M","M","M","M","M","R","M","E","T","$","?","M","R","M","R"],"character_chosen":"DEFECT","items_purchased":["Bandage Up","Bag of Preparation"],"gold_per_floor":[99,99,99,99,115,115,40,40,67,67,98,3,21,32,32,134,134,150,168,179,192,202,202,217,251,303,53,53,72,72,90,90,90],"floor_reached":33,"campfire_rested":5,"playtime":1412,"current_hp_per_floor":[73,66,66,51,49,49,49,71,71,71,52,52,50,39,75,47,75,59,48,53,42,33,70,69,31,31,31,31,35,72,48,75,0],"items_purged":["Strike_B","Regret"],"gold":90,"score":269,"play_id":"3cfc4f08-f17f-4e1f-a569-74699b9d62a1","local_time":"20180428061412","is_prod":false,"is_daily":false,"chose_seed":false,"is_ascension_mode":false,"campfire_upgraded":2,"timestamp":1524888852,"path_taken":["M","?","?","?","M","R","$","R","T","R","E","$","?","M","R","BOSS","M","M","?","M","M","R","M","E","T","$","?","M","R","M","R","BOSS"],"build_version":"2018-04-26v2","seed_source_timestamp":252998087338497,"purchased_purges":2,"victory":false,"master_deck":["Strike_B","Strike_B","Defend_B+1","Defend_B","Defend_B","Defend_B+1","Zap+1","Dualcast","Static Discharge+1","Capacitor+1","Bandage Up","Force Field","Loop","Thunder Strike+1","Reinforced Body+1","Self Repair+1","Melter+1","Beam Cell+1","Leap","Auto Shields+1","Genetic Algorithm+1","Coolheaded+1","Chill"],"max_hp_per_floor":[75,75,75,75,75,75,75,75,75,75,75,75,75,75,75,75,75,75,75,75,75,75,75,75,75,75,75,75,75,75,75,75,75],"relics":["Cracked Core","Question Card","Regal Pillow","Cursed Key","Bottled Tornado","Orichalcum","Bag of Preparation","Nloth\u0027s Gift"],"card_choices":[{"not_picked":["Heatsinks","Steam Power"],"picked":"Static Discharge","floor":1},{"not_picked":["Streamline","Sweeping Beam","Darkness"],"picked":"Capacitor","floor":5},{"not_picked":["Stack","Axe Kick","Chill"],"picked":"Force Field","floor":13},{"not_picked":["Rebound","Machine Learning","Hello World"],"picked":"Loop","floor":14},{"not_picked":["Amplify","All For One","Rainbow"],"picked":"Thunder Strike","floor":16},{"not_picked":["Skim","Heatsinks","Storm"],"picked":"Reinforced Body","floor":18},{"not_picked":["Auto Shields","Cold Snap","Axe Kick"],"picked":"Self Repair","floor":19},{"not_picked":["Chill","Doom and Gloom","Chaos"],"picked":"Melter","floor":20},{"not_picked":["Rebound","Reprogram","Hologram"],"picked":"Beam Cell","floor":21},{"not_picked":["Streamline","Steam Power","Ball Lightning"],"picked":"Leap","floor":22},{"not_picked":["Beam Cell","Hello World","Axe Kick"],"picked":"Auto Shields","floor":24},{"not_picked":["Hologram","Streamline","Axe Kick"],"picked":"Genetic Algorithm","floor":25},{"not_picked":["Buffer","Sweeping Beam","Redo"],"picked":"Coolheaded","floor":29},{"not_picked":["Conserve Battery","Coolheaded","Thunder Strike"],"picked":"Chill","floor":31}],"player_experience":9539,"potions_floor_usage":[16,25,25,29],"damage_taken":[{"damage":2,"enemies":"2 Louse","floor":1,"turns":3},{"damage":2,"enemies":"Small Slimes","floor":5,"turns":3},{"damage":19,"enemies":"3 Sentries","floor":11,"turns":5},{"damage":6,"enemies":"Cultist","floor":13,"turns":4},{"damage":15,"enemies":"Exordium Wildlife","floor":14,"turns":5},{"damage":28,"enemies":"The Guardian","floor":16,"turns":12},{"damage":16,"enemies":"Chosen","floor":18,"turns":6},{"damage":15,"enemies":"Spheric Guardian","floor":19,"turns":5},{"damage":9,"enemies":"Snake Plant","floor":20,"turns":5},{"damage":25,"enemies":"3 Cultists","floor":21,"turns":4},{"damage":23,"enemies":"Sentry and Sphere","floor":22,"turns":5},{"damage":15,"enemies":"Snake Plant","floor":24,"turns":4},{"damage":52,"enemies":"Gremlin Leader","floor":25,"turns":7},{"damage":10,"enemies":"Centurion and Healer","floor":29,"turns":9},{"damage":38,"enemies":"3 Cultists","floor":31,"turns":6},{"damage":82,"enemies":"Collector","floor":33,"turns":10}],"event_choices":[{"event_name":"Scrap Ooze","player_choice":"success","floor":2,"damage_taken":7},{"event_name":"Living Wall","player_choice":"Grow","floor":3,"damage_taken":0},{"event_name":"Shining Light","player_choice":"Entered Light","floor":4,"damage_taken":0},{"event_name":"N\u0027loth","player_choice":"Traded a Molten Egg 2","floor":28,"damage_taken":0}],"boss_relics":[{"not_picked":["Lizard Tail","Philosopher\u0027s Stone"],"picked":"Cursed Key"}],"potions_floor_spawned":[1,5,20,21,22,25],"seed_played":"722668539974054362","killed_by":"Collector","ascension_level":0,"is_trial":false}