{"gold_per_floor":[111,126,136,86,0,0,26,44,44,44,64,64,89,89,89,186,186,204,52,52,69,83,83,117,117,117,117,131,131,131,147,147,250,250,262,262,281,294,306,306,337,337,361,389,389,389,404,423,423,423],"floor_reached":51,"playtime":3906,"items_purged":[],"score":1189,"play_id":"a6463f03-c78b-4f4e-a061-a3c2e2dcae97","local_time":"20190305171133","is_ascension_mode":true,"campfire_choices":[{"data":"Reprogram","floor":6.0,"key":"SMITH"},{"floor":10.0,"key":"REST"},{"data":"Zap","floor":12.0,"key":"SMITH"},{"data":"Capacitor","floor":15.0,"key":"SMITH"},{"floor":23.0,"key":"REST"},{"floor":25.0,"key":"REST"},{"floor":27.0,"key":"REST"},{"floor":30.0,"key":"REST"},{"floor":32.0,"key":"REST"},{"floor":40.0,"key":"REST"},{"data":"Defragment","floor":46.0,"key":"SMITH"},{"data":"Capacitor","floor":49,"key":"SMITH"}],"neow_cost":"NONE","seed_source_timestamp":0,"circlet_count":0,"master_deck":["AscendersBane","Defend_B+1","Defend_B+1","Defend_B+1","Defend_B+1","Zap+1","Dualcast","Ball Lightning","Conserve Battery","Rebound","Rebound","Cold Snap","Reprogram+1","Cold Snap","FTL","Capacitor+1","Fusion+1","Core Surge","Defragment+1","Steam Power+1","Coolheaded+1","Defragment+1","Capacitor+1","Steam+1","BootSequence+1","Conserve Battery+1","Conserve Battery+1","Machine Learning","Coolheaded+1","Seek+1","Leap+1","Coolheaded+1","Leap+1","FTL","Loop","Doubt","Coolheaded+1"],"special_seed":0,"relics":["Cracked Core","Gremlin Horn","Blue Candle","Toxic Egg 2","Empty Cage","Dream Catcher","Incense Burner","Bag of Marbles","Busted Crown","Happy Flower","Sundial","Vajra","Cables"],"potions_floor_usage":[],"damage_taken":[{"damage":1.0,"enemies":"Cultist","floor":1.0,"turns":3.0},{"damage":0.0,"enemies":"2 Louse","floor":2.0,"turns":2.0},{"damage":0.0,"enemies":"Small Slimes","floor":3.0,"turns":3.0},{"damage":32.0,"enemies":"Gremlin Nob","floor":7.0,"turns":4.0},{"damage":0.0,"enemies":"Exordium Wildlife","floor":8.0,"turns":4.0},{"damage":4.0,"enemies":"Large Slime","floor":11.0,"turns":6.0},{"damage":9.0,"enemies":"Lagavulin","floor":13.0,"turns":5.0},{"damage":32.0,"enemies":"The Guardian","floor":16.0,"turns":14.0},{"damage":20.0,"enemies":"Chosen","floor":18.0,"turns":5.0},{"damage":15.0,"enemies":"3 Byrds","floor":21.0,"turns":5.0},{"damage":13.0,"enemies":"Centurion and Healer","floor":22.0,"turns":7.0},{"damage":25.0,"enemies":"Gremlin Leader","floor":24.0,"turns":7.0},{"damage":15.0,"enemies":"Sentry and Sphere","floor":28.0,"turns":5.0},{"damage":1.0,"enemies":"Shelled Parasite and Fungi","floor":31.0,"turns":7.0},{"damage":2.0,"enemies":"Automaton","floor":33.0,"turns":14.0},{"damage":36.0,"enemies":"3 Darklings","floor":35.0,"turns":10.0},{"damage":8.0,"enemies":"Orb Walker","floor":37.0,"turns":5.0},{"damage":0.0,"enemies":"4 Shapes","floor":38.0,"turns":8.0},{"damage":18.0,"enemies":"Sphere and 2 Shapes","floor":39.0,"turns":6.0},{"damage":18.0,"enemies":"Nemesis","floor":41.0,"turns":13.0},{"damage":0.0,"enemies":"Giant Head","floor":44.0,"turns":13.0},{"damage":4.0,"enemies":"Jaw Worm Horde","floor":47.0,"turns":6.0},{"damage":5.0,"enemies":"3 Darklings","floor":48.0,"turns":5.0},{"damage":52,"enemies":"Time Eater","floor":50,"turns":19}],"seed_played":"3223424207552242446","potions_obtained":[{"floor":7.0,"key":"Energy Potion"},{"floor":8.0,"key":"Poison Potion"},{"floor":11.0,"key":"PowerPotion"},{"floor":18.0,"key":"Block Potion"},{"floor":21.0,"key":"SkillPotion"},{"floor":22.0,"key":"Explosive Potion"},{"floor":33.0,"key":"Dexterity Potion"},{"floor":38.0,"key":"SteroidPotion"},{"floor":41.0,"key":"PowerPotion"},{"floor":44.0,"key":"Strength Potion"}],"is_trial":false,"path_per_floor":["M","M","M","?","$","R","E","M","T","R","M","R","E","?","R","B",null,"M","$","?","M","M","R","E","R","T","R","M","?","R","M","R","B",null,"M","?","M","M","M","R","E","?","T","E","?","R","M","M","R","B",null],"character_chosen":"DEFECT","items_purchased":["Cold Snap","Reprogram","Dream Catcher"],"campfire_rested":7,"item_purchase_floors":[5,5,19],"current_hp_per_floor":[67,67,67,67,67,67,35,35,35,57,53,53,44,44,44,12,59,39,39,39,24,11,33,8,30,30,52,37,37,59,58,75,73,75,39,39,31,31,13,35,17,17,17,17,75,75,71,66,66,14],"gold":423,"neow_bonus":"THREE_CARDS","is_prod":false,"is_daily":false,"chose_seed":false,"campfire_upgraded":5,"win_rate":0,"timestamp":1551827493,"path_taken":["M","?","M","?","$","R","E","M","T","R","M","R","E","?","R","BOSS","M","$","?","M","M","R","E","R","T","R","M","?","R","M","R","BOSS","M","?","?","M","M","R","E","?","T","E","?","R","M","M","R","BOSS"],"build_version":"2019-01-23","purchased_purges":0,"victory":true,"max_hp_per_floor":[75,75,75,75,75,75,75,75,75,75,75,75,75,75,75,75,75,75,75,75,75,75,75,75,75,75,75,75,75,75,75,75,75,75,75,75,75,75,75,75,75,75,75,75,75,75,75,75,75,75],"card_choices":[{"not_picked":["Gash","Rebound"],"picked":"Ball Lightning","floor":0.0},{"not_picked":["Hologram","Turbo"],"picked":"Conserve Battery","floor":1.0},{"not_picked":["Static Discharge","Barrage"],"picked":"Rebound","floor":2.0},{"not_picked":["Redo","Scrape"],"picked":"Rebound","floor":3.0},{"not_picked":["Ball Lightning","FTL"],"picked":"Cold Snap","floor":7.0},{"not_picked":["Turbo","Static Discharge","Consume"],"picked":"SKIP","floor":8.0},{"not_picked":["Beam Cell","Barrage"],"picked":"FTL","floor":11.0},{"not_picked":["Core Surge","Creative AI"],"picked":"Capacitor","floor":13.0},{"not_picked":["Reboot+1","Echo Form"],"picked":"Core Surge","floor":16.0},{"not_picked":["Coolheaded+1","Compile Driver"],"picked":"Defragment+1","floor":18.0},{"not_picked":["Rip and Tear","Beam Cell"],"picked":"Steam Power+1","floor":21.0},{"not_picked":["Ball Lightning","Redo+1"],"picked":"Coolheaded+1","floor":22.0},{"not_picked":["Leap+1","Conserve Battery+1"],"picked":"Defragment","floor":23.0},{"not_picked":["Defragment","Doom and Gloom"],"picked":"Capacitor","floor":24.0},{"not_picked":["Ball Lightning","Rebound"],"picked":"Steam+1","floor":25.0},{"not_picked":["Double Energy+1","Scrape"],"picked":"BootSequence+1","floor":27.0},{"not_picked":["Leap+1","Coolheaded+1"],"picked":"Conserve Battery+1","floor":28.0},{"not_picked":["Steam+1","Cold Snap"],"picked":"Conserve Battery+1","floor":30.0},{"not_picked":["Reinforced Body+1","Beam Cell"],"picked":"Machine Learning","floor":31.0},{"not_picked":["Reprogram+1","Gash"],"picked":"Coolheaded+1","floor":32.0},{"not_picked":["Fission+1","Biased Cognition"],"picked":"Seek+1","floor":33.0},{"not_picked":["Beam Cell"],"picked":"SKIP","floor":35.0},{"not_picked":[],"picked":"Leap+1","floor":37.0},{"not_picked":[],"picked":"Coolheaded+1","floor":38.0},{"not_picked":["Compile Driver"],"picked":"SKIP","floor":39.0},{"not_picked":[],"picked":"Leap+1","floor":40.0},{"not_picked":[],"picked":"FTL","floor":41.0},{"not_picked":[],"picked":"Loop","floor":44.0},{"not_picked":[],"picked":"Coolheaded+1","floor":47.0},{"not_picked":["Scrape+1"],"picked":"SKIP","floor":48.0}],"player_experience":634689,"relics_obtained":[{"floor":7.0,"key":"Gremlin Horn"},{"floor":9.0,"key":"Blue Candle"},{"floor":13.0,"key":"Toxic Egg 2"},{"floor":24.0,"key":"Incense Burner"},{"floor":26.0,"key":"Bag of Marbles"},{"floor":41.0,"key":"Sundial"},{"floor":43.0,"key":"Vajra"},{"floor":44.0,"key":"Cables"}],"event_choices":[{"cards_removed":["Strike_B"],"damage_healed":0.0,"max_hp_gain":0.0,"max_hp_loss":0.0,"gold_gain":0.0,"event_name":"The Cleric","player_choice":"Card Removal","floor":4.0,"gold_loss":50.0,"damage_taken":0.0},{"damage_healed":0.0,"max_hp_gain":0.0,"max_hp_loss":0.0,"gold_gain":0.0,"cards_transformed":["Strike_B"],"event_name":"Living Wall","player_choice":"Change","floor":14.0,"gold_loss":0.0,"damage_taken":0.0,"cards_obtained":["Fusion"]},{"damage_healed":0.0,"max_hp_gain":0.0,"max_hp_loss":0.0,"gold_gain":0.0,"event_name":"Ghosts","player_choice":"Ignored","floor":20.0,"gold_loss":0.0,"damage_taken":0.0},{"damage_healed":0.0,"max_hp_gain":0.0,"max_hp_loss":0.0,"gold_gain":0.0,"event_name":"Back to Basics","player_choice":"Simplicity","floor":29.0,"gold_loss":0.0,"damage_taken":0.0,"cards_upgraded":["Defend_B","Defend_B","Defend_B","Defend_B"]},{"damage_healed":0.0,"max_hp_gain":0.0,"max_hp_loss":0.0,"gold_gain":0.0,"event_name":"WeMeetAgain","player_choice":"Gave Potion","floor":36.0,"gold_loss":0.0,"damage_taken":0.0,"relics_obtained":["Happy Flower"]},{"damage_healed":0.0,"max_hp_gain":0.0,"max_hp_loss":0.0,"gold_gain":0.0,"event_name":"SensoryStone","player_choice":"Memory 1","floor":42.0,"gold_loss":0.0,"damage_taken":0.0},{"damage_healed":58.0,"max_hp_gain":0.0,"max_hp_loss":0.0,"gold_gain":0.0,"event_name":"MindBloom","player_choice":"Heal","floor":45.0,"gold_loss":0.0,"damage_taken":0.0,"cards_obtained":["Doubt"]}],"is_beta":false,"boss_relics":[{"not_picked":["Runic Dome","Black Star"],"picked":"Empty Cage"},{"not_picked":["Astrolabe","Calling Bell"],"picked":"Busted Crown"}],"items_purged_floors":[],"is_endless":false,"potions_floor_spawned":[7,8,11,18,21,22,33,38,41,44],"ascension_level":12}