{"gold_per_floor":[110,129,55,55,55,55,68,68,68,88,88,100,100,22,22,122,172,188,188,113,113,13,30,30,30,30,42,42],"floor_reached":28,"playtime":1355,"items_purged":["Regret","Decay"],"score":231,"play_id":"4bb097f6-22e9-4e18-a6e9-e375695ac439","local_time":"20181016003003","is_ascension_mode":false,"campfire_choices":[{"data":"Dark Embrace","floor":6,"key":"SMITH"},{"data":"Infernal Blade","floor":8,"key":"SMITH"},{"data":"Bash","floor":11,"key":"SMITH"},{"data":"Armaments","floor":13,"key":"SMITH"},{"data":"Rampage","floor":15,"key":"SMITH"},{"data":"Flex","floor":24,"key":"SMITH"}],"neow_cost":"NONE","seed_source_timestamp":289688990614080,"circlet_count":0,"master_deck":["Strike_R+1","Strike_R","Strike_R","Strike_R","Strike_R","Defend_R","Defend_R","Defend_R","Defend_R","Bash+1","Dark Embrace+1","Shrug It Off","Battle Trance","Headbutt","Armaments+1","Rampage+1","Reaper","Flex+1","Anger","Shame"],"relics":["Burning Blood","Darkstone Periapt","Happy Flower","Kunai","Tiny House","Mummified Hand","Singing Bowl"],"potions_floor_usage":[16,16,18,28],"damage_taken":[{"damage":6,"enemies":"Cultist","floor":1,"turns":3},{"damage":10,"enemies":"Small Slimes","floor":2,"turns":4},{"damage":6,"enemies":"Jaw Worm","floor":7,"turns":3},{"damage":6,"enemies":"Blue Slaver","floor":10,"turns":4},{"damage":19,"enemies":"3 Louse","floor":12,"turns":4},{"damage":61,"enemies":"The Guardian","floor":16,"turns":9},{"damage":60,"enemies":"3 Byrds","floor":18,"turns":7},{"damage":28,"enemies":"Chosen","floor":23,"turns":6},{"damage":48,"enemies":"3 Cultists","floor":27,"turns":6},{"damage":46,"enemies":"Book of Stabbing","floor":28,"turns":4}],"seed_played":"-3666547798101024505","potions_obtained":[{"floor":1,"key":"Swift Potion"},{"floor":10,"key":"FairyPotion"},{"floor":12,"key":"EssenceOfSteel"},{"floor":17,"key":"Ancient Potion"},{"floor":27,"key":"Strength Potion"}],"is_trial":false,"path_per_floor":["M","M","$","?","?","R","M","R","T","M","R","M","R","$","R","B",null,"M","?","$","?","$","M","R","?","T","M"],"character_chosen":"IRONCLAD","items_purchased":["Battle Trance","Rampage"],"campfire_rested":0,"item_purchase_floors":[3,14],"current_hp_per_floor":[80,76,76,69,75,75,75,75,75,75,75,62,62,62,62,7,91,39,39,39,45,45,27,27,33,33,24,0],"gold":42,"neow_bonus":"ONE_RANDOM_RARE_CARD","is_prod":false,"is_daily":false,"chose_seed":false,"campfire_upgraded":6,"win_rate":0,"timestamp":1539667803,"path_taken":["M","M","$","?","?","R","M","R","T","M","R","M","R","$","R","BOSS","M","?","$","?","$","M","R","?","T","M","E"],"build_version":"2018-10-11","purchased_purges":2,"victory":false,"max_hp_per_floor":[80,80,80,80,86,86,86,86,86,86,86,86,86,86,86,86,91,91,91,91,97,97,97,97,103,103,105,105],"card_choices":[{"not_picked":["Feel No Pain","Anger"],"picked":"Infernal Blade","floor":1},{"not_picked":["Combust","Whirlwind"],"picked":"Shrug It Off","floor":2},{"not_picked":["Heavy Blade","Carnage"],"picked":"Headbutt","floor":7},{"not_picked":["Thunderclap","Heavy Blade","Cleave"],"picked":"SKIP","floor":10},{"not_picked":["Sword Boomerang","Body Slam"],"picked":"Armaments","floor":12},{"not_picked":["Berserk","Immolate"],"picked":"Reaper","floor":16},{"not_picked":["Uppercut","Combust"],"picked":"Flex","floor":17},{"not_picked":["Iron Wave","Heavy Blade","Sentinel"],"picked":"SKIP","floor":18},{"not_picked":["Warcry","Perfected Strike"],"picked":"Anger","floor":23},{"not_picked":["Shockwave","Pommel Strike","Demon Form"],"picked":"Singing Bowl","floor":27}],"player_experience":78819,"relics_obtained":[{"floor":9,"key":"Kunai"},{"floor":26,"key":"Singing Bowl"}],"event_choices":[{"event_name":"Scrap Ooze","player_choice":"success","floor":4,"damage_taken":7},{"event_name":"Big Fish","player_choice":"Box","floor":5,"damage_taken":0},{"event_name":"Back to Basics","player_choice":"Elegance","floor":19,"damage_taken":0},{"event_name":"Forgotten Altar","player_choice":"Smashed Altar","floor":21,"damage_taken":0},{"event_name":"Addict","player_choice":"Stole Relic","floor":25,"damage_taken":0}],"is_beta":false,"boss_relics":[{"not_picked":["Runic Dome","Ectoplasm"],"picked":"Tiny House"}],"items_purged_floors":[20,22],"is_endless":false,"potions_floor_spawned":[1,10,12,27],"killed_by":"Book of Stabbing","ascension_level":0}