{"gold_per_floor":[113,123,97,97,26,26,26,52,52,69,69,69,82,82,82,185,185,196,214,214,228,228,228,19,44,44,44,44,44,44,143,143,143],"floor_reached":33,"playtime":1534,"items_purged":[],"score":272,"play_id":"7ffed5b7-58cb-4902-96df-87cfa8bdcdcd","local_time":"20181017125217","is_ascension_mode":true,"campfire_choices":[{"data":"Rebound","floor":6,"key":"SMITH"},{"data":"Dualcast","floor":11,"key":"SMITH"},{"floor":15,"key":"REST"},{"data":"All For One","floor":23,"key":"SMITH"},{"floor":27,"key":"REST"},{"floor":29,"key":"REST"},{"data":"Echo Form","floor":32,"key":"SMITH"}],"neow_cost":"","seed_source_timestamp":420442788164800,"circlet_count":0,"master_deck":["Strike_B","Strike_B","Strike_B","Defend_B","Defend_B","Defend_B","Defend_B","Zap+1","Dualcast+1","Compile Driver","Gash","Glacier","All For One+1","Ball Lightning","Echo Form+1","Steam+1","Streamline+1","Writhe","Streamline","Gash","Redo+1"],"relics":["FrozenCore","Centennial Puzzle","Dead Branch","Kunai","Juzu Bracelet","DollysMirror","Oddly Smooth Stone","Potion Belt"],"potions_floor_usage":[16,16,21,33,33],"damage_taken":[{"damage":2,"enemies":"2 Louse","floor":1,"turns":2},{"damage":0,"enemies":"Cultist","floor":2,"turns":3},{"damage":22,"enemies":"3 Sentries","floor":8,"turns":8},{"damage":11,"enemies":"Jaw Worm","floor":10,"turns":2},{"damage":0,"enemies":"Looter","floor":13,"turns":2},{"damage":33,"enemies":"The Guardian","floor":16,"turns":8},{"damage":0,"enemies":"Spheric Guardian","floor":18,"turns":3},{"damage":5,"enemies":"3 Byrds","floor":19,"turns":5},{"damage":26,"enemies":"Snake Plant","floor":21,"turns":5},{"damage":38,"enemies":"Slavers","floor":25,"turns":5},{"damage":50,"enemies":"Automaton","floor":33,"turns":10}],"seed_played":"-7617545410330856396","potions_obtained":[{"floor":2,"key":"Weak Potion"},{"floor":13,"key":"Poison Potion"},{"floor":16,"key":"Energy Potion"},{"floor":18,"key":"FearPotion"},{"floor":21,"key":"Ancient Potion"},{"floor":25,"key":"SkillPotion"}],"is_trial":false,"path_per_floor":["M","M","$","?","$","R","?","E","T","M","R","$","M","?","R","B",null,"M","M","?","M","?","R","$","E","T","R","?","R","$","?","R"],"character_chosen":"DEFECT","items_purchased":["Gash","Glacier","DollysMirror"],"campfire_rested":3,"item_purchase_floors":[3,5,24],"current_hp_per_floor":[73,73,73,73,73,73,73,51,51,40,40,40,40,28,50,17,75,75,70,70,44,44,44,44,6,6,28,14,38,38,38,38,0],"gold":143,"neow_bonus":"","is_prod":false,"is_daily":false,"chose_seed":false,"campfire_upgraded":4,"win_rate":0,"timestamp":1539798737,"path_taken":["M","M","$","?","$","R","?","E","T","M","R","?","M","?","R","BOSS","M","M","?","?","?","R","?","E","T","R","?","R","$","?","R","BOSS"],"build_version":"2018-10-11","purchased_purges":0,"victory":false,"max_hp_per_floor":[75,75,75,75,75,75,75,75,75,75,75,75,75,75,75,75,75,75,75,75,75,75,75,75,75,75,75,80,80,80,80,80,80],"card_choices":[{"not_picked":["Barrage","Sunder"],"picked":"Rebound","floor":1},{"not_picked":["Beam Cell","Sweeping Beam"],"picked":"Compile Driver","floor":2},{"not_picked":["Loop","Doom and Gloom"],"picked":"All For One","floor":8},{"not_picked":["Streamline","Ball Lightning","Blizzard"],"picked":"SKIP","floor":10},{"not_picked":["Aggregate","Turbo"],"picked":"Ball Lightning","floor":13},{"not_picked":["Amplify","Core Surge"],"picked":"Echo Form","floor":16},{"not_picked":["Turbo+1","Barrage+1"],"picked":"Steam+1","floor":18},{"not_picked":["Capacitor","Hologram"],"picked":"Streamline+1","floor":19},{"not_picked":["Coolheaded","Ball Lightning"],"picked":"Streamline","floor":21},{"not_picked":["Force Field","Ball Lightning"],"picked":"Redo+1","floor":25}],"player_experience":97419,"relics_obtained":[{"floor":8,"key":"Centennial Puzzle"},{"floor":9,"key":"Dead Branch"},{"floor":25,"key":"Oddly Smooth Stone"},{"floor":26,"key":"Potion Belt"}],"event_choices":[{"event_name":"Accursed Blacksmith","player_choice":"Forge","floor":4,"damage_taken":0},{"event_name":"Living Wall","player_choice":"Forget","floor":7,"damage_taken":0},{"event_name":"Scrap Ooze","player_choice":"unsuccessful","floor":14,"damage_taken":12},{"event_name":"The Mausoleum","player_choice":"Yes","floor":20,"damage_taken":0},{"event_name":"WeMeetAgain","player_choice":"Card","floor":22,"damage_taken":0},{"event_name":"Forgotten Altar","player_choice":"Shed Blood","floor":28,"damage_taken":0},{"event_name":"Nest","player_choice":"Stole From Cult","floor":31,"damage_taken":0}],"is_beta":false,"boss_relics":[{"not_picked":["Snecko Eye","Coffee Dripper"],"picked":"FrozenCore"}],"items_purged_floors":[],"is_endless":false,"potions_floor_spawned":[2,13,16,18,21,25],"killed_by":"Automaton","ascension_level":1}