{"gold_per_floor":[115,125,142,152,166,198,209,209],"floor_reached":8,"playtime":541,"items_purged":[],"score":74,"play_id":"49648452-b16f-4dce-b273-87628ab41ef5","local_time":"20190401214139","is_ascension_mode":true,"campfire_choices":[],"neow_cost":"NONE","seed_source_timestamp":203123781150781,"circlet_count":0,"master_deck":["Strike_B","Strike_B","Strike_B","Strike_B","Defend_B","Defend_B","Defend_B","Defend_B","Zap+1","Dualcast","Darkness","Conserve Battery","Genetic Algorithm","Steam","Streamline","Multi-Cast","Glacier"],"relics":["Cracked Core","Mummified Hand"],"potions_floor_usage":[6,6,8],"damage_taken":[{"damage":7,"enemies":"Jaw Worm","floor":1,"turns":2},{"damage":3,"enemies":"Small Slimes","floor":2,"turns":2},{"damage":0,"enemies":"Cultist","floor":3,"turns":3},{"damage":8,"enemies":"2 Fungi Beasts","floor":4,"turns":4},{"damage":2,"enemies":"Blue Slaver","floor":5,"turns":4},{"damage":14,"enemies":"Lagavulin","floor":6,"turns":7},{"damage":26,"enemies":"Gremlin Gang","floor":7,"turns":4},{"damage":18,"enemies":"Gremlin Nob","floor":8,"turns":2}],"seed_played":"-2334689023085235400","potions_obtained":[{"floor":1,"key":"Strength Potion"},{"floor":4,"key":"EssenceOfSteel"},{"floor":5,"key":"Dexterity Potion"}],"is_trial":false,"path_per_floor":["M","M","M","M","M","E","M","E"],"character_chosen":"DEFECT","items_purchased":[],"campfire_rested":0,"item_purchase_floors":[],"current_hp_per_floor":[68,65,65,57,55,41,15,0],"gold":209,"neow_bonus":"UPGRADE_CARD","is_prod":false,"is_daily":false,"chose_seed":false,"campfire_upgraded":0,"win_rate":0,"timestamp":1554180099,"path_taken":["M","M","M","M","M","E","M","E"],"build_version":"2019-01-23","purchased_purges":0,"victory":false,"max_hp_per_floor":[75,75,75,75,75,75,75,75],"card_choices":[{"not_picked":["Beam Cell","Rebound"],"picked":"Darkness","floor":1},{"not_picked":["Doom and Gloom","Auto Shields"],"picked":"Conserve Battery","floor":2},{"not_picked":["Beam Cell","Hologram"],"picked":"Genetic Algorithm","floor":3},{"not_picked":["Coolheaded","Ball Lightning"],"picked":"Steam","floor":4},{"not_picked":["Sweeping Beam","Chaos"],"picked":"Streamline","floor":5},{"not_picked":["Steam","Streamline"],"picked":"Multi-Cast","floor":6},{"not_picked":["Sunder","Rebound"],"picked":"Glacier","floor":7}],"player_experience":242943,"relics_obtained":[{"floor":6,"key":"Mummified Hand"}],"event_choices":[],"is_beta":false,"boss_relics":[],"items_purged_floors":[],"is_endless":false,"potions_floor_spawned":[1,4,5],"killed_by":"Gremlin Nob","ascension_level":4}