{"gold_per_floor":[116,135,26,26,26,54,67,98,153,186,206,233,245,259,259,360,360,379,379,390,406,417,450,450,483,506,533,553,553,553,586,586,688,688,700,477,494,494,510,542,542,575,575,594,123,123,123,157,157,157],"floor_reached":50,"playtime":3136,"items_purged":["Strike_B","Defend_B","Defend_B"],"score":1250,"play_id":"49426cfe-4e02-4395-89a0-e783eeed0dfc","local_time":"20180712061706","is_ascension_mode":true,"campfire_choices":[{"data":"Zap","floor":15,"key":"SMITH"},{"data":"Fission","floor":24,"key":"SMITH"},{"floor":32,"key":"REST"},{"data":"Defragment","floor":41,"key":"SMITH"},{"data":"Seek","floor":46,"key":"SMITH"},{"data":"Capacitor","floor":49,"key":"SMITH"}],"neow_cost":"NONE","seed_source_timestamp":296193925339106,"circlet_count":0,"master_deck":["Defend_B","Zap+1","Dualcast","AscendersBane","Electrodynamics+1","Buffer+1","Glacier+1","Ball Lightning","Coolheaded","Defragment+1","Conserve Battery","Steam","Ball Lightning","Reinforced Body","Steam","Turbo","Echo Form","Cold Snap","Fission+1","Steam+1","Force Field+1","White Noise+1","Force Field","Chill","Blizzard+1","Seek+1","Amplify","Rainbow","Capacitor+1","Conserve Battery","Go for the Eyes","Consume+1","Madness","Madness","Redo+1","Defragment+1","Cold Snap","Leap+1","Turbo","Echo Form","Rainbow"],"relics":["Astrolabe","Smiling Mask","Potion Belt","Orichalcum","Pen Nib","Ornamental Fan","Nuclear Battery","DataDisk","Happy Flower","Juzu Bracelet","Omamori","Ancient Tea Set","Letter Opener","Sozu","Bronze Scales","Gambling Chip","Kunai","Meat on the Bone","Singing Bowl"],"potions_floor_usage":[8,18,18,20,21,31,39,50],"damage_taken":[{"damage":0,"enemies":"Jaw Worm","floor":1,"turns":5},{"damage":0,"enemies":"Small Slimes","floor":2,"turns":3},{"damage":0,"enemies":"Lagavulin","floor":6,"turns":8},{"damage":0,"enemies":"2 Louse","floor":7,"turns":3},{"damage":5,"enemies":"Gremlin Nob","floor":8,"turns":5},{"damage":5,"enemies":"Lagavulin","floor":10,"turns":6},{"damage":4,"enemies":"Lots of Slimes","floor":11,"turns":2},{"damage":2,"enemies":"3 Sentries","floor":12,"turns":3},{"damage":0,"enemies":"2 Fungi Beasts","floor":13,"turns":3},{"damage":0,"enemies":"Exordium Thugs","floor":14,"turns":4},{"damage":0,"enemies":"The Guardian","floor":16,"turns":10},{"damage":9,"enemies":"2 Thieves","floor":18,"turns":4},{"damage":0,"enemies":"Shell Parasite","floor":20,"turns":8},{"damage":13,"enemies":"Cultist and Chosen","floor":21,"turns":7},{"damage":0,"enemies":"Centurion and Healer","floor":22,"turns":5},{"damage":8,"enemies":"Book of Stabbing","floor":23,"turns":7},{"damage":14,"enemies":"Gremlin Leader","floor":25,"turns":8},{"damage":14,"enemies":"Slavers","floor":27,"turns":6},{"damage":1,"enemies":"Snecko","floor":28,"turns":10},{"damage":9,"enemies":"Book of Stabbing","floor":31,"turns":8},{"damage":0,"enemies":"Champ","floor":33,"turns":11},{"damage":19,"enemies":"Flame Bruiser 1 Orb","floor":35,"turns":5},{"damage":0,"enemies":"3 Shapes","floor":37,"turns":2},{"damage":0,"enemies":"Sphere and 2 Shapes","floor":39,"turns":3},{"damage":5,"enemies":"Giant Head","floor":40,"turns":8},{"damage":4,"enemies":"2 Orb Walkers","floor":42,"turns":3},{"damage":0,"enemies":"4 Shapes","floor":44,"turns":2},{"damage":0,"enemies":"Nemesis","floor":48,"turns":9},{"damage":66,"enemies":"Time Eater","floor":50,"turns":5}],"seed_played":"-2357493788261395922","potions_obtained":[{"floor":1,"key":"FearPotion"},{"floor":6,"key":"Poison Potion"},{"floor":11,"key":"GamblersBrew"},{"floor":12,"key":"Regen Potion"},{"floor":18,"key":"Weak Potion"},{"floor":21,"key":"Strength Potion"},{"floor":27,"key":"SpeedPotion"},{"floor":31,"key":"AttackPotion"}],"is_trial":false,"path_per_floor":["M","M","$","?","?","E","M","E","T","E","M","E","M","M","R","B",null,"M","?","M","M","M","E","R","E","T","E","M","?","?","E","R","B",null,"M","$","M","?","M","E","R","E","T","M","$","R","?","E","R"],"character_chosen":"DEFECT","items_purchased":["Defragment","Capacitor","Conserve Battery","Go for the Eyes","Turbo","Echo Form","Meat on the Bone"],"campfire_rested":1,"item_purchase_floors":[3,36,36,36,45,45,45],"current_hp_per_floor":[68,68,68,53,46,46,46,41,41,36,32,30,30,30,30,30,64,55,55,55,47,47,39,39,32,32,18,17,17,17,8,30,30,64,45,45,45,36,36,31,31,27,27,27,27,27,66,66,66,0],"gold":157,"neow_bonus":"BOSS_RELIC","is_prod":false,"is_daily":false,"chose_seed":false,"campfire_upgraded":5,"win_rate":0,"timestamp":1531401426,"path_taken":["M","M","$","?","?","E","M","E","T","E","M","E","M","M","R","BOSS","M","?","M","M","M","E","R","E","T","E","M","?","?","E","R","BOSS","M","$","M","?","M","E","R","E","T","M","$","R","?","E","R","BOSS"],"build_version":"2018-07-11","purchased_purges":3,"victory":false,"max_hp_per_floor":[75,75,75,75,75,75,75,75,75,75,75,75,75,75,75,75,75,75,75,75,75,75,75,75,75,75,75,75,75,75,75,75,75,75,75,75,75,75,75,75,75,75,75,75,75,75,66,66,66,66],"card_choices":[{"not_picked":["White Noise","Redo"],"picked":"Ball Lightning","floor":1},{"not_picked":["Reinforced Body","Genetic Algorithm"],"picked":"Coolheaded","floor":2},{"not_picked":["Force Field","Rebound"],"picked":"Conserve Battery","floor":6},{"not_picked":["Recycle","Streamline"],"picked":"Steam","floor":7},{"not_picked":["Force Field","Beam Cell"],"picked":"Ball Lightning","floor":8},{"not_picked":["Sweeping Beam","Darkness"],"picked":"Reinforced Body","floor":10},{"not_picked":["Gash","Sweeping Beam"],"picked":"Steam","floor":11},{"not_picked":["Redo","Static Discharge"],"picked":"Turbo","floor":12},{"not_picked":["Redo","BootSequence"],"picked":"Echo Form","floor":13},{"not_picked":["Redo","Sweeping Beam"],"picked":"Cold Snap","floor":14},{"not_picked":["Multi-Cast","Electrodynamics"],"picked":"Fission","floor":16},{"not_picked":["Leap","Redo"],"picked":"Steam+1","floor":18},{"not_picked":["Aggregate","Steam Power+1","Streamline"],"picked":"SKIP","floor":20},{"not_picked":["Aggregate","Barrage"],"picked":"Force Field+1","floor":21},{"not_picked":["Sweeping Beam+1","Turbo+1"],"picked":"White Noise+1","floor":22},{"not_picked":["Sweeping Beam+1","Gash","Beam Cell+1"],"picked":"SKIP","floor":23},{"not_picked":["Lockon+1","Fusion"],"picked":"Force Field","floor":25},{"not_picked":["Hologram","Genetic Algorithm"],"picked":"Chill","floor":27},{"not_picked":["Ball Lightning","Redo"],"picked":"Blizzard+1","floor":28},{"not_picked":["Streamline","Stack"],"picked":"Amplify","floor":31},{"not_picked":["Buffer","Fission"],"picked":"Rainbow","floor":33},{"not_picked":["Steam","Beam Cell","Streamline"],"picked":"SKIP","floor":35},{"not_picked":["Storm+1","Force Field"],"picked":"Consume+1","floor":37},{"not_picked":["Reinforced Body+1","Genetic Algorithm+1"],"picked":"Redo+1","floor":39},{"not_picked":["Go for the Eyes+1","Turbo"],"picked":"Defragment","floor":40},{"not_picked":["Amplify","Beam Cell+1"],"picked":"Cold Snap","floor":42},{"not_picked":["Double Energy+1","Rebound+1"],"picked":"Leap+1","floor":44},{"not_picked":["Gash+1","Go for the Eyes"],"picked":"Rainbow","floor":48}],"player_experience":297088,"relics_obtained":[{"floor":6,"key":"Smiling Mask"},{"floor":8,"key":"Potion Belt"},{"floor":9,"key":"Orichalcum"},{"floor":10,"key":"Pen Nib"},{"floor":12,"key":"Ornamental Fan"},{"floor":23,"key":"Happy Flower"},{"floor":25,"key":"Juzu Bracelet"},{"floor":26,"key":"Omamori"},{"floor":27,"key":"Ancient Tea Set"},{"floor":31,"key":"Letter Opener"},{"floor":40,"key":"Bronze Scales"},{"floor":42,"key":"Gambling Chip"},{"floor":43,"key":"Kunai"},{"floor":48,"key":"Singing Bowl"}],"event_choices":[{"event_name":"Shining Light","player_choice":"Entered Light","floor":4,"damage_taken":0},{"event_name":"Wheel of Change","player_choice":"Damage","floor":5,"damage_taken":0},{"event_name":"The Mausoleum","player_choice":"Yes","floor":19,"damage_taken":0},{"event_name":"Drug Dealer","player_choice":"Ignored","floor":29,"damage_taken":0},{"event_name":"Transmorgrifier","player_choice":"Transform","floor":30,"damage_taken":0},{"event_name":"Winding Halls","player_choice":"Embrace Madness","floor":38,"damage_taken":0},{"event_name":"The Moai Head","player_choice":"Heal","floor":47,"damage_taken":0}],"boss_relics":[{"not_picked":["White Beast Statue","Calling Bell"],"picked":"Nuclear Battery"},{"not_picked":["Runic Pyramid","Cursed Key"],"picked":"Sozu"}],"items_purged_floors":[3,36,45],"is_endless":false,"potions_floor_spawned":[1,6,11,12,18,21,27,31,39,40,42],"killed_by":"Time Eater","ascension_level":11}