{"gold_per_floor":[13,24,38,38,38,38,57,57,107,176,176,191,204,223,223,352,352,370,370,370,370,102,102,143,167,167,167,182,182,107,122,122,122],"floor_reached":33,"playtime":1694,"items_purged":["Strike_R"],"score":267,"play_id":"f9568a50-9f4d-4cb6-a1e6-ed954abf32a9","local_time":"20190326200432","is_ascension_mode":false,"campfire_choices":[{"data":"Evolve","floor":6.0,"key":"SMITH"},{"data":"True Grit","floor":8.0,"key":"SMITH"},{"data":"Immolate","floor":11.0,"key":"SMITH"},{"floor":15.0,"key":"REST"},{"data":"Wild Strike","floor":23.0,"key":"SMITH"},{"data":"True Grit","floor":27.0,"key":"SMITH"},{"floor":29.0,"key":"REST"},{"data":"Armaments","floor":32.0,"key":"SMITH"}],"neow_cost":"NO_GOLD","seed_source_timestamp":0,"circlet_count":0,"master_deck":["Strike_R","Strike_R","Strike_R","Defend_R","Defend_R","Defend_R","Defend_R","Bash","Immolate+1","Power Through","Evolve+1","Shrug It Off","True Grit+1","Dark Embrace","Iron Wave","Sentinel","Flex","Spot Weakness","RitualDagger","Wild Strike+1","Thunderclap+1","True Grit+1","Heavy Blade","Armaments+1"],"special_seed":0,"relics":["Burning Blood","Golden Idol","Art of War","Tiny Chest","Lizard Tail","Bag of Preparation","Anchor","Shuriken"],"potions_floor_usage":[33,33],"damage_taken":[{"damage":4.0,"enemies":"Small Slimes","floor":1.0,"turns":3.0},{"damage":0.0,"enemies":"2 Louse","floor":2.0,"turns":2.0},{"damage":6.0,"enemies":"Cultist","floor":3.0,"turns":3.0},{"damage":7.0,"enemies":"Blue Slaver","floor":7.0,"turns":4.0},{"damage":27.0,"enemies":"Gremlin Nob","floor":10.0,"turns":5.0},{"damage":0.0,"enemies":"2 Fungi Beasts","floor":12.0,"turns":1.0},{"damage":1.0,"enemies":"Exordium Thugs","floor":13.0,"turns":4.0},{"damage":1.0,"enemies":"Exordium Wildlife","floor":14.0,"turns":4.0},{"damage":43.0,"enemies":"The Guardian","floor":16.0,"turns":14.0},{"damage":18.0,"enemies":"2 Thieves","floor":18.0,"turns":4.0},{"damage":34.0,"enemies":"Gremlin Leader","floor":24.0,"turns":8.0},{"damage":18.0,"enemies":"Spheric Guardian","floor":25.0,"turns":5.0},{"damage":5.0,"enemies":"Centurion and Healer","floor":28.0,"turns":5.0},{"damage":30.0,"enemies":"3 Cultists","floor":31.0,"turns":4.0},{"damage":121,"enemies":"Automaton","floor":33,"turns":14}],"seed_played":"823877984829532618","potions_obtained":[{"floor":1.0,"key":"SkillPotion"},{"floor":7.0,"key":"Dexterity Potion"},{"floor":10.0,"key":"Ancient Potion"},{"floor":12.0,"key":"PowerPotion"},{"floor":24.0,"key":"SpeedPotion"},{"floor":28.0,"key":"PowerPotion"}],"is_trial":false,"path_per_floor":["M","M","M","?","?","R","M","R","T","E","R","M","M","M","R","B",null,"M","?","?","?","$","R","E","M","T","R","M","R","?","M","R","B"],"character_chosen":"IRONCLAD","items_purchased":["Wild Strike","Bag of Preparation"],"campfire_rested":2,"item_purchase_floors":[22,22],"current_hp_per_floor":[80,80,80,60,65,65,64,64,64,43,43,49,54,59,84,47,85,73,73,67,67,67,67,39,27,27,27,28,53,53,29,29,0],"gold":122,"neow_bonus":"THREE_RARE_CARDS","is_prod":false,"is_daily":false,"chose_seed":false,"campfire_upgraded":6,"win_rate":0,"timestamp":1553652272,"path_taken":["M","M","M","?","?","R","M","R","T","E","R","M","M","M","R","BOSS","M","?","?","?","$","R","E","?","T","R","M","R","?","M","R","BOSS"],"build_version":"2019-01-23","purchased_purges":1,"victory":false,"max_hp_per_floor":[80,80,80,80,85,85,85,85,85,85,85,85,85,85,85,85,85,85,85,85,85,85,85,85,85,85,85,85,85,85,85,85,85],"card_choices":[{"not_picked":["Brutality","Exhume"],"picked":"Immolate","floor":0.0},{"not_picked":["Clothesline","Cleave"],"picked":"Power Through","floor":1.0},{"not_picked":["Havoc","Flame Barrier"],"picked":"Evolve","floor":2.0},{"not_picked":["Flex","Pummel"],"picked":"Shrug It Off","floor":3.0},{"not_picked":["Evolve","Rupture"],"picked":"True Grit","floor":7.0},{"not_picked":["Clash","Whirlwind","Carnage"],"picked":"SKIP","floor":10.0},{"not_picked":["Heavy Blade","Clothesline"],"picked":"Dark Embrace","floor":12.0},{"not_picked":["Pommel Strike","Body Slam"],"picked":"Iron Wave","floor":13.0},{"not_picked":["Twin Strike","Cleave"],"picked":"Sentinel","floor":14.0},{"not_picked":["Clash","Second Wind"],"picked":"Flex","floor":18.0},{"not_picked":["Feel No Pain","Infernal Blade"],"picked":"Thunderclap+1","floor":24.0},{"not_picked":["Spot Weakness","Iron Wave"],"picked":"True Grit","floor":25.0},{"not_picked":["Heavy Blade","Spot Weakness","Clash"],"picked":"SKIP","floor":28.0},{"not_picked":["Spot Weakness","Clash"],"picked":"Heavy Blade","floor":28.0},{"not_picked":["Warcry","Sword Boomerang"],"picked":"Armaments","floor":31.0}],"player_experience":141648,"relics_obtained":[{"floor":9.0,"key":"Art of War"},{"floor":10.0,"key":"Tiny Chest"},{"floor":24.0,"key":"Anchor"},{"floor":26.0,"key":"Shuriken"}],"event_choices":[{"damage_healed":0.0,"max_hp_gain":0.0,"max_hp_loss":0.0,"gold_gain":0.0,"event_name":"Golden Idol","player_choice":"Take Damage","floor":4.0,"gold_loss":0.0,"damage_taken":20.0,"relics_obtained":["Golden Idol"]},{"damage_healed":0.0,"max_hp_gain":5.0,"max_hp_loss":0.0,"gold_gain":0.0,"event_name":"Big Fish","player_choice":"Donut","floor":5.0,"gold_loss":0.0,"damage_taken":0.0},{"damage_healed":0.0,"max_hp_gain":0.0,"max_hp_loss":0.0,"gold_gain":0.0,"event_name":"The Library","player_choice":"Read","floor":19.0,"gold_loss":0.0,"damage_taken":0.0,"cards_obtained":["Spot Weakness"]},{"damage_healed":0.0,"max_hp_gain":0.0,"max_hp_loss":0.0,"gold_gain":0.0,"event_name":"Nest","player_choice":"Joined the Cult","floor":20.0,"gold_loss":0.0,"damage_taken":6.0,"cards_obtained":["RitualDagger"]},{"damage_healed":0.0,"max_hp_gain":0.0,"max_hp_loss":0.0,"gold_gain":0.0,"event_name":"NoteForYourself","player_choice":"Ignored","floor":21.0,"gold_loss":0.0,"damage_taken":0.0},{"cards_removed":["Strike_R"],"damage_healed":0.0,"max_hp_gain":0.0,"max_hp_loss":0.0,"gold_gain":0.0,"event_name":"Beggar","player_choice":"Gave Gold","floor":30.0,"gold_loss":75.0,"damage_taken":0.0}],"is_beta":false,"boss_relics":[{"not_picked":["White Beast Statue","Eternal Feather"],"picked":"Lizard Tail"}],"items_purged_floors":[22],"is_endless":false,"potions_floor_spawned":[1,7,10,12,24,28],"killed_by":"Automaton","ascension_level":0}