{"gold_per_floor":[115,115,215,238,259,294,330,365,377,389,401],"floor_reached":11,"playtime":789,"items_purged":[],"score":79,"play_id":"c8b68ca7-5e71-4c4b-9fb4-e63656c2d897","local_time":"20190414005815","is_ascension_mode":true,"campfire_choices":[],"neow_cost":"NONE","seed_source_timestamp":13892804299976,"circlet_count":0,"master_deck":["Strike_R","Strike_R","Strike_R","Strike_R","Strike_R","Defend_R","Defend_R","Defend_R","Defend_R","Bash","Sword Boomerang","Dropkick","Double Tap"],"relics":["Burning Blood","NeowsBlessing","Golden Idol","MawBank","FossilizedHelix"],"potions_floor_usage":[8],"damage_taken":[{"damage":0,"enemies":"Small Slimes","floor":1,"turns":1},{"damage":0,"enemies":"2 Louse","floor":4,"turns":1},{"damage":0,"enemies":"Cultist","floor":5,"turns":1},{"damage":36,"enemies":"Gremlin Nob","floor":6,"turns":5},{"damage":32,"enemies":"Large Slime","floor":7,"turns":8},{"damage":18,"enemies":"3 Louse","floor":8,"turns":6},{"damage":13,"enemies":"Lagavulin","floor":11,"turns":3}],"seed_played":"2946159590661774294","potions_obtained":[{"floor":6,"key":"BloodPotion"},{"floor":8,"key":"PowerPotion"}],"is_trial":false,"path_per_floor":["M","?","?","M","M","E","M","M","T","?","E"],"character_chosen":"IRONCLAD","items_purchased":[],"campfire_rested":0,"item_purchase_floors":[],"current_hp_per_floor":[80,60,60,66,72,42,16,12,12,12,0],"gold":401,"neow_bonus":"THREE_ENEMY_KILL","is_prod":false,"is_daily":false,"chose_seed":false,"campfire_upgraded":0,"win_rate":0,"timestamp":1555196295,"path_taken":["M","?","?","?","M","E","M","M","T","?","E"],"build_version":"2019-01-23","purchased_purges":0,"victory":false,"max_hp_per_floor":[80,80,80,80,80,80,80,80,80,80,80],"card_choices":[{"not_picked":["Havoc","Body Slam"],"picked":"Sword Boomerang","floor":1},{"not_picked":["Metallicize","Burning Pact"],"picked":"Dropkick","floor":4},{"not_picked":["Perfected Strike","Bloodletting","Anger"],"picked":"SKIP","floor":5},{"not_picked":["Clothesline","Entrench","Bloodletting"],"picked":"SKIP","floor":6},{"not_picked":["Combust","Wild Strike","Flex"],"picked":"SKIP","floor":7},{"not_picked":["Power Through","Headbutt"],"picked":"Double Tap","floor":8}],"player_experience":168231,"relics_obtained":[{"floor":6,"key":"MawBank"},{"floor":9,"key":"FossilizedHelix"}],"event_choices":[{"damage_healed":0,"gold_gain":0,"player_choice":"Take Damage","damage_taken":20,"relics_obtained":["Golden Idol"],"max_hp_gain":0,"max_hp_loss":0,"event_name":"Golden Idol","floor":2,"gold_loss":0},{"damage_healed":0,"gold_gain":100,"player_choice":"Pray","damage_taken":0,"max_hp_gain":0,"max_hp_loss":0,"event_name":"Golden Shrine","floor":3,"gold_loss":0},{"damage_healed":0,"gold_gain":0,"player_choice":"Ignored","damage_taken":0,"max_hp_gain":0,"max_hp_loss":0,"event_name":"Shining Light","floor":10,"gold_loss":0}],"is_beta":false,"boss_relics":[],"items_purged_floors":[],"is_endless":false,"potions_floor_spawned":[6,8],"killed_by":"Lagavulin","ascension_level":1}