{"gold_per_floor":[111,111,111,123,123,123,153,153,153,185,185,202,202,237,237,334,384,396,321,338,75,85,85,31,63,115,115,115,130,142,57,57,158,158,178,38,38,48,68,68,68,68,68,68,100,114,126,140,140,140],"floor_reached":51,"playtime":2942,"items_purged":["Defend_R"],"score":775,"play_id":"e797730f-1f62-46f4-983c-8b0b9946bb84","local_time":"20181016012225","is_ascension_mode":true,"campfire_choices":[{"data":"Flex","floor":6,"key":"SMITH"},{"data":"Bash","floor":8,"key":"SMITH"},{"floor":11,"key":"REST"},{"data":"Offering","floor":13,"key":"SMITH"},{"floor":15,"key":"REST"},{"data":"Inflame","floor":23,"key":"SMITH"},{"floor":28,"key":"REST"},{"data":"Limit Break","floor":32,"key":"SMITH"},{"floor":40,"key":"REST"},{"floor":42,"key":"REST"},{"floor":49,"key":"REST"}],"neow_cost":"NONE","seed_source_timestamp":291094485707200,"circlet_count":0,"master_deck":["Strike_R","Strike_R","Strike_R+1","Defend_R","Defend_R","Defend_R","Bash+1","Flex+1","Offering+1","Reckless Charge+1","Inflame+1","Limit Break+1","Battle Trance","Evolve","Violence","Battle Trance+1","Flex","Headbutt+1","Inflame+1","Limit Break","Double Tap","Heavy Blade+1","Inflame+1","Feed+1","Bloodletting+1","Rupture+1"],"relics":["Burning Blood","CultistMask","Molten Egg 2","Shuriken","Question Card","FossilizedHelix","Tiny House","Ornamental Fan","Dream Catcher","Bronze Scales","Orrery","Nunchaku","Shovel","Thread and Needle"],"potions_floor_usage":[1,4,7,16,18,18,33,35,45,50],"damage_taken":[{"damage":0,"enemies":"Small Slimes","floor":1,"turns":5},{"damage":5,"enemies":"2 Louse","floor":4,"turns":3},{"damage":31,"enemies":"Gremlin Nob","floor":7,"turns":4},{"damage":27,"enemies":"Lagavulin","floor":10,"turns":5},{"damage":6,"enemies":"Cultist","floor":12,"turns":3},{"damage":17,"enemies":"Gremlin Nob","floor":14,"turns":3},{"damage":43,"enemies":"The Guardian","floor":16,"turns":5},{"damage":0,"enemies":"2 Thieves","floor":18,"turns":3},{"damage":37,"enemies":"3 Byrds","floor":20,"turns":6},{"damage":5,"enemies":"Snecko","floor":22,"turns":3},{"damage":12,"enemies":"Book of Stabbing","floor":25,"turns":2},{"damage":15,"enemies":"Chosen and Byrds","floor":29,"turns":5},{"damage":12,"enemies":"3 Cultists","floor":30,"turns":3},{"damage":8,"enemies":"Automaton","floor":33,"turns":4},{"damage":13,"enemies":"3 Darklings","floor":35,"turns":4},{"damage":9,"enemies":"3 Shapes","floor":37,"turns":5},{"damage":6,"enemies":"Maw","floor":38,"turns":4},{"damage":23,"enemies":"Spire Growth","floor":39,"turns":3},{"damage":27,"enemies":"Mind Bloom Boss Battle","floor":44,"turns":3},{"damage":15,"enemies":"Giant Head","floor":45,"turns":4},{"damage":9,"enemies":"Transient","floor":46,"turns":5},{"damage":9,"enemies":"Maw","floor":47,"turns":4},{"damage":14,"enemies":"Reptomancer","floor":48,"turns":2},{"damage":64,"enemies":"Time Eater","floor":50,"turns":4}],"seed_played":"4464868843543054607","potions_obtained":[{"floor":0,"key":"SneckoOil"},{"floor":0,"key":"Fire Potion"},{"floor":0,"key":"LiquidBronze"},{"floor":14,"key":"Swift Potion"},{"floor":16,"key":"Energy Potion"},{"floor":17,"key":"Block Potion"},{"floor":20,"key":"Fire Potion"},{"floor":25,"key":"Regen Potion"},{"floor":29,"key":"Energy Potion"},{"floor":39,"key":"SpeedPotion"},{"floor":45,"key":"FearPotion"},{"floor":47,"key":"SpeedPotion"}],"is_trial":false,"path_per_floor":["M","?","?","M","?","R","E","R","T","E","R","M","R","E","R","B",null,"M","?","M","$","M","R","$","E","T","?","R","M","M","?","R","B",null,"M","$","M","M","M","R","?","R","T","?","E","M","M","M","R","B"],"character_chosen":"IRONCLAD","items_purchased":["Violence","Flex","Feed+1"],"campfire_rested":6,"item_purchase_floors":[21,24,36],"current_hp_per_floor":[80,73,80,80,80,80,55,55,55,34,58,58,58,47,71,34,85,85,85,54,54,55,55,55,49,49,49,74,65,59,59,59,57,85,78,78,79,83,66,93,93,93,93,72,75,72,73,69,99,41],"gold":140,"neow_bonus":"THREE_SMALL_POTIONS","is_prod":false,"is_daily":false,"chose_seed":false,"campfire_upgraded":5,"win_rate":0,"timestamp":1539670945,"path_taken":["M","?","?","M","?","R","E","R","T","E","R","?","R","E","R","BOSS","M","?","M","$","M","R","$","E","T","?","R","M","M","?","R","BOSS","M","$","M","M","M","R","?","R","T","?","E","M","M","M","R","BOSS"],"build_version":"2018-10-11","purchased_purges":1,"victory":true,"max_hp_per_floor":[80,80,80,80,80,80,80,80,80,80,80,80,80,80,80,80,85,85,85,85,85,85,85,85,85,85,85,85,85,85,85,85,85,85,85,85,89,93,93,93,93,93,93,93,93,93,97,101,101,101],"card_choices":[{"not_picked":["Intimidate","Armaments"],"picked":"Disarm","floor":1},{"not_picked":["Sever Soul","Headbutt"],"picked":"Flex","floor":4},{"not_picked":["Bludgeon","Spot Weakness"],"picked":"Offering","floor":7},{"not_picked":["Armaments","Sentinel"],"picked":"Reckless Charge+1","floor":10},{"not_picked":["Clash+1","Flame Barrier","Second Wind"],"picked":"Anger+1","floor":12},{"not_picked":["Sword Boomerang+1","Heavy Blade+1","Whirlwind+1"],"picked":"Inflame","floor":14},{"not_picked":["Immolate+1","Impervious","Demon Form"],"picked":"Limit Break","floor":16},{"not_picked":["Hemokinesis+1","True Grit+1","Clash+1"],"picked":"Battle Trance","floor":18},{"not_picked":["Heavy Blade+1","Shrug It Off","True Grit+1"],"picked":"Evolve","floor":20},{"not_picked":["Ghostly Armor","Intimidate","Thunderclap+1"],"picked":"Battle Trance+1","floor":22},{"not_picked":["Metallicize","Burning Pact","Infernal Blade","Demon Form"],"picked":"SKIP","floor":25},{"not_picked":["Combust","Feel No Pain","Twin Strike+1"],"picked":"Inflame+1","floor":29},{"not_picked":["Seeing Red","Havoc","Flex","Twin Strike+1"],"picked":"SKIP","floor":30},{"not_picked":["Brutality","Offering","Exhume"],"picked":"Limit Break","floor":33},{"not_picked":["Burning Pact","Entrench","Uppercut+1"],"picked":"Double Tap","floor":34},{"not_picked":["Rage","Intimidate","Headbutt+1"],"picked":"Heavy Blade+1","floor":34},{"not_picked":["Twin Strike+1","Sword Boomerang+1","Clothesline+1"],"picked":"Inflame+1","floor":35},{"not_picked":["Intimidate+1","Cleave+1","Pummel+1","Dark Embrace"],"picked":"SKIP","floor":37},{"not_picked":["Armaments","Headbutt+1","Twin Strike+1","Sever Soul+1"],"picked":"SKIP","floor":38},{"not_picked":["Inflame+1","Metallicize","Armaments"],"picked":"Bloodletting+1","floor":39},{"not_picked":["Bloodletting","Perfected Strike+1","Sword Boomerang+1"],"picked":"Rupture+1","floor":42},{"not_picked":["Pommel Strike+1","Bludgeon+1","Disarm","Rage+1"],"picked":"SKIP","floor":45},{"not_picked":["Fire Breathing","Warcry","Searing Blow+2","Thunderclap+1"],"picked":"SKIP","floor":46},{"not_picked":["Twin Strike+1","True Grit+1","Perfected Strike+1","Ghostly Armor+1"],"picked":"SKIP","floor":47},{"not_picked":["Spot Weakness","Fire Breathing","Thunderclap+1","Seeing Red"],"picked":"SKIP","floor":48}],"player_experience":80174,"relics_obtained":[{"floor":7,"key":"Molten Egg 2"},{"floor":9,"key":"Shuriken"},{"floor":10,"key":"Question Card"},{"floor":14,"key":"FossilizedHelix"},{"floor":25,"key":"Ornamental Fan"},{"floor":26,"key":"Dream Catcher"},{"floor":43,"key":"Nunchaku"},{"floor":44,"key":"Shovel"},{"floor":45,"key":"Thread and Needle"}],"event_choices":[{"event_name":"Golden Wing","player_choice":"Card Removal","floor":2,"damage_taken":0},{"event_name":"Bonfire Elementals","player_choice":"UNCOMMON","floor":3,"damage_taken":0},{"event_name":"FaceTrader","player_choice":"Trade","floor":5,"damage_taken":0},{"event_name":"Beggar","player_choice":"Gave Gold","floor":19,"damage_taken":0},{"event_name":"The Library","player_choice":"Read","floor":27,"damage_taken":0},{"event_name":"Addict","player_choice":"Obtained Relic","floor":31,"damage_taken":0},{"event_name":"Falling","player_choice":"Removed Attack","floor":41,"damage_taken":0},{"event_name":"MindBloom","player_choice":"Fight","floor":44,"damage_taken":0}],"is_beta":false,"boss_relics":[{"not_picked":["Sozu","Velvet Choker"],"picked":"Tiny House"},{"not_picked":["Eternal Feather","Black Star"],"picked":"Orrery"}],"items_purged_floors":[21],"is_endless":false,"potions_floor_spawned":[14,16,20,25,29,39,45,47],"ascension_level":1}