{"gold_per_floor":[118,118,130,145,7,32,46,77,77,77,94,94],"floor_reached":12,"playtime":684,"items_purged":[],"score":135,"play_id":"835327de-ee63-4bc6-8ca9-619b1230f29c","local_time":"20190405152622","is_ascension_mode":true,"campfire_choices":[],"neow_cost":"PERCENT_DAMAGE","seed_source_timestamp":0,"circlet_count":0,"master_deck":["AscendersBane","Strike_B","Strike_B","Strike_B","Defend_B","Defend_B","Defend_B","Defend_B","Zap","Dualcast","Cold Snap","Capacitor","Cold Snap","All For One","Glacier","Go for the Eyes","White Noise"],"special_seed":0,"relics":["Cracked Core","Torii","Centennial Puzzle","Regal Pillow","Dodecahedron"],"potions_floor_usage":[6,8],"damage_taken":[{"damage":2.0,"enemies":"2 Louse","floor":1.0,"turns":3.0},{"damage":0.0,"enemies":"Cultist","floor":3.0,"turns":4.0},{"damage":0,"enemies":"Jaw Worm","floor":4,"turns":4},{"damage":14,"enemies":"3 Sentries","floor":6,"turns":11},{"damage":2,"enemies":"2 Fungi Beasts","floor":7,"turns":4},{"damage":14,"enemies":"Gremlin Nob","floor":8,"turns":5},{"damage":7,"enemies":"Blue Slaver","floor":11,"turns":5}],"seed_played":"-703719188209551676","potions_obtained":[{"floor":1.0,"key":"Energy Potion"},{"floor":6,"key":"PowerPotion"}],"is_trial":false,"path_per_floor":["M","?","M","M","$","E","M","E","T","?","M","?"],"character_chosen":"DEFECT","items_purchased":["All For One"],"campfire_rested":0,"item_purchase_floors":[5],"current_hp_per_floor":[48,48,48,48,48,34,32,18,18,18,11,0],"gold":94,"neow_bonus":"ONE_RARE_RELIC","is_prod":false,"is_daily":false,"chose_seed":false,"campfire_upgraded":0,"win_rate":0,"timestamp":1554495982,"path_taken":["M","?","M","M","?","E","?","E","T","?","M","?"],"build_version":"2019-01-23","purchased_purges":0,"victory":false,"max_hp_per_floor":[75,75,75,75,75,75,75,75,75,75,75,75],"card_choices":[{"not_picked":["Loop","Coolheaded"],"picked":"Cold Snap","floor":1.0},{"not_picked":["Stack","Streamline"],"picked":"Capacitor","floor":3},{"not_picked":["Beam Cell","Coolheaded"],"picked":"Cold Snap","floor":4},{"not_picked":["Lockon","Undo","Leap"],"picked":"SKIP","floor":6},{"not_picked":["Chaos","Streamline"],"picked":"Glacier","floor":7},{"not_picked":["Turbo","Streamline"],"picked":"Go for the Eyes","floor":8},{"not_picked":["Turbo","Rainbow"],"picked":"White Noise","floor":11}],"player_experience":246663,"relics_obtained":[{"floor":6,"key":"Centennial Puzzle"},{"floor":8,"key":"Regal Pillow"},{"floor":9,"key":"Dodecahedron"}],"event_choices":[{"cards_removed":["Strike_B"],"damage_healed":0.0,"max_hp_gain":0.0,"max_hp_loss":0.0,"gold_gain":0.0,"event_name":"Bonfire Elementals","player_choice":"Offered Basic","floor":2.0,"gold_loss":0.0,"damage_taken":0.0},{"damage_healed":0,"gold_gain":0,"player_choice":"Ignored","damage_taken":0,"max_hp_gain":0,"max_hp_loss":0,"event_name":"Liars Game","floor":10,"gold_loss":0}],"is_beta":false,"boss_relics":[],"items_purged_floors":[],"is_endless":false,"potions_floor_spawned":[1,6],"ascension_level":10}