{"gold_per_floor":[116,135,235,246,246,246,259,334,407,421,421,454,454],"floor_reached":13,"playtime":393,"items_purged":[],"score":85,"play_id":"03b031e8-c3ca-4536-b4b2-0696833da335","local_time":"20180629165133","is_ascension_mode":false,"campfire_choices":[{"data":"Echo Form","floor":6,"key":"SMITH"},{"floor":11,"key":"REST"}],"neow_cost":"CURSE","seed_source_timestamp":768721330958088,"circlet_count":0,"master_deck":["Strike_B","Strike_B","Strike_B","Strike_B","Defend_B","Defend_B","Defend_B","Defend_B","Zap","Dualcast","Regret","Echo Form+1","Sweeping Beam","Redo","Stack","Ball Lightning","Redo","Conserve Battery"],"relics":["Cracked Core","Oddly Smooth Stone","Centennial Puzzle","Ice Cream"],"potions_floor_usage":[12,12],"damage_taken":[{"damage":8,"enemies":"2 Louse","floor":1,"turns":3},{"damage":7,"enemies":"Cultist","floor":2,"turns":5},{"damage":13,"enemies":"Small Slimes","floor":4,"turns":2},{"damage":13,"enemies":"Exordium Wildlife","floor":7,"turns":3},{"damage":20,"enemies":"Looter","floor":10,"turns":3},{"damage":21,"enemies":"Lagavulin","floor":12,"turns":6},{"damage":10,"enemies":"Blue Slaver","floor":13,"turns":3}],"seed_played":"3328564605496086148","potions_obtained":[{"floor":2,"key":"FearPotion"},{"floor":10,"key":"LiquidBronze"},{"floor":12,"key":"Poison Potion"}],"is_trial":false,"path_per_floor":["M","M","?","M","T","R","M","?","T","M","R","E"],"character_chosen":"DEFECT","items_purchased":[],"campfire_rested":1,"item_purchase_floors":[],"current_hp_per_floor":[67,60,60,47,47,47,34,23,23,3,25,4,0],"gold":454,"neow_bonus":"THREE_RARE_CARDS","is_prod":false,"is_daily":false,"chose_seed":false,"campfire_upgraded":1,"win_rate":0.0,"timestamp":1530312693,"path_taken":["M","M","?","M","?","R","M","?","T","M","R","E","?"],"build_version":"2018-06-28","purchased_purges":0,"victory":false,"max_hp_per_floor":[75,75,75,75,75,75,75,75,75,75,75,75,75],"card_choices":[{"not_picked":["Multi-Cast","Fission"],"picked":"Echo Form","floor":0},{"not_picked":["Leap","Stack"],"picked":"Sweeping Beam","floor":1},{"not_picked":["Barrage","Rebound"],"picked":"Redo","floor":2},{"not_picked":["Sweeping Beam","Compile Driver"],"picked":"Stack","floor":4},{"not_picked":["Hologram","Stack"],"picked":"Ball Lightning","floor":7},{"not_picked":["Storm","Rebound"],"picked":"Redo","floor":10},{"not_picked":["Coolheaded","Darkness"],"picked":"Conserve Battery","floor":12}],"player_experience":34290,"relics_obtained":[{"floor":5,"key":"Oddly Smooth Stone"},{"floor":9,"key":"Centennial Puzzle"},{"floor":12,"key":"Ice Cream"}],"event_choices":[{"event_name":"Golden Shrine","player_choice":"Pray","floor":3,"damage_taken":0},{"event_name":"World of Goop","player_choice":"Gather Gold","floor":8,"damage_taken":0}],"boss_relics":[],"items_purged_floors":[],"is_endless":false,"potions_floor_spawned":[2,10,12],"killed_by":"Blue Slaver","ascension_level":0}