{"gold_per_floor":[365,365,540,615,371,371,396,396,396,117,135,135,149,149,149,149],"floor_reached":16,"playtime":398,"items_purged":["Doubt","Strike_R"],"score":163,"play_id":"1e064faa-61d3-40c7-8053-71d8c098d846","local_time":"20190412131025","is_ascension_mode":true,"campfire_choices":[{"data":"Searing Blow","floor":6,"key":"SMITH"},{"floor":8,"key":"REST"},{"floor":12,"key":"REST"},{"data":"Searing Blow+1","floor":15,"key":"SMITH"}],"neow_cost":"PERCENT_DAMAGE","seed_source_timestamp":94299456340722,"circlet_count":0,"master_deck":["AscendersBane","Strike_R+1","Strike_R","Strike_R","Strike_R","Defend_R","Defend_R","Defend_R","Defend_R","Bash","Whirlwind","Searing Blow+2","Good Instincts","Intimidate","Flame Barrier+1","Pommel Strike"],"relics":["Burning Blood","Bag of Preparation","The Courier","Matryoshka"],"potions_floor_usage":[7,16],"damage_taken":[{"damage":11,"enemies":"Jaw Worm","floor":1,"turns":5},{"damage":58,"enemies":"Lagavulin","floor":7,"turns":9},{"damage":4,"enemies":"2 Louse","floor":11,"turns":3},{"damage":0,"enemies":"Small Slimes","floor":13,"turns":3},{"damage":46,"enemies":"Slime Boss","floor":16,"turns":10}],"seed_played":"5765823256459510159","potions_obtained":[{"floor":1,"key":"SpeedPotion"},{"floor":13,"key":"Weak Potion"}],"is_trial":false,"path_per_floor":["M","?","?","?","$","R","E","R","T","$","M","R","M","?","R","B"],"character_chosen":"IRONCLAD","items_purchased":["Searing Blow","Good Instincts","Matryoshka"],"campfire_rested":2,"item_purchase_floors":[5,5,10],"current_hp_per_floor":[45,70,70,59,59,59,7,29,29,29,31,53,59,44,44,0],"gold":149,"neow_bonus":"TWO_FIFTY_GOLD","is_prod":false,"is_daily":false,"chose_seed":false,"campfire_upgraded":2,"win_rate":0,"timestamp":1555063825,"path_taken":["M","?","?","?","$","R","E","R","T","?","M","R","M","?","R","BOSS"],"build_version":"2019-01-23","purchased_purges":2,"victory":false,"max_hp_per_floor":[75,75,75,75,75,75,75,75,75,75,75,75,75,75,75,75],"card_choices":[{"not_picked":["Headbutt","Second Wind"],"picked":"Whirlwind","floor":1},{"not_picked":["Carnage","Exhume"],"picked":"Intimidate","floor":7},{"not_picked":["Pommel Strike","Seeing Red"],"picked":"Flame Barrier","floor":11},{"not_picked":["Rage","Sword Boomerang"],"picked":"Pommel Strike","floor":13}],"player_experience":860848,"relics_obtained":[{"floor":7,"key":"Bag of Preparation"},{"floor":9,"key":"The Courier"}],"event_choices":[{"damage_healed":25,"gold_gain":0,"player_choice":"Banana","damage_taken":0,"max_hp_gain":0,"max_hp_loss":0,"event_name":"Big Fish","floor":2,"gold_loss":0},{"damage_healed":0,"gold_gain":175,"player_choice":"AGREE","damage_taken":0,"max_hp_gain":0,"max_hp_loss":0,"event_name":"Liars Game","floor":3,"gold_loss":0,"cards_obtained":["Doubt"]},{"damage_healed":0,"gold_gain":75,"player_choice":"Gather Gold","damage_taken":11,"max_hp_gain":0,"max_hp_loss":0,"event_name":"World of Goop","floor":4,"gold_loss":0},{"damage_healed":0,"gold_gain":0,"player_choice":"Entered Light","damage_taken":15,"max_hp_gain":0,"max_hp_loss":0,"event_name":"Shining Light","floor":14,"gold_loss":0,"cards_upgraded":["Strike_R","Flame Barrier"]}],"is_beta":false,"boss_relics":[],"items_purged_floors":[5,10],"is_endless":false,"potions_floor_spawned":[1,13],"killed_by":"Slime Boss","ascension_level":14}