{"gold_per_floor":[114,127,141,52,127,127,127,127,127,127,145,155,178,194,194,266,266,186,186,186,186],"floor_reached":21,"playtime":677,"items_purged":[],"score":326,"play_id":"c77a6ae6-755d-4ed7-a23b-734633544ffb","local_time":"20190329004227","is_ascension_mode":true,"campfire_choices":[{"floor":6,"key":"REST"},{"data":"Crystallizer","floor":8,"key":"SMITH"},{"data":"BasicCrystalCard","floor":10,"key":"SMITH"},{"floor":15,"key":"REST"}],"neow_cost":"NONE","seed_source_timestamp":703730743724726,"circlet_count":0,"master_deck":["AscendersBane","Strike_B","Strike_B","Strike_B","Defend_B","Defend_B","Defend_B","Defend_B","Zap","Dualcast","BasicCrystalCard+1","Redo","Rebound","Crystallizer+1","Cold Snap","Reinforced Body"],"special_seed":0,"relics":["Sozu","Singing Bowl","Odd Mushroom","Ring of Chaos"],"potions_floor_usage":[],"damage_taken":[{"damage":2.0,"enemies":"Jaw Worm","floor":1.0,"turns":3.0},{"damage":10.0,"enemies":"Small Slimes","floor":2.0,"turns":4.0},{"damage":6.0,"enemies":"Cultist","floor":3.0,"turns":4.0},{"damage":12,"enemies":"Looter","floor":11,"turns":4},{"damage":15,"enemies":"2 Fungi Beasts","floor":12,"turns":4},{"damage":25,"enemies":"The Mushroom Lair","floor":13,"turns":4},{"damage":17,"enemies":"Lots of Slimes","floor":14,"turns":5},{"damage":16,"enemies":"The Guardian","floor":16,"turns":13},{"damage":29,"enemies":"2 Thieves","floor":18,"turns":4},{"damage":27,"enemies":"Colosseum Slavers","floor":19,"turns":6},{"damage":10,"enemies":"3 Byrds","floor":21,"turns":1}],"seed_played":"-6730550409716631736","potions_obtained":[],"is_trial":false,"path_per_floor":["M","M","M","$","?","R","?","R","T","R","M","M","?","M","R","B",null,"M","?","?","M"],"character_chosen":"DEFECT","items_purchased":["Crystallizer"],"campfire_rested":2,"item_purchase_floors":[4],"current_hp_per_floor":[62,52,46,46,35,56,71,71,71,71,59,46,23,8,31,17,64,37,10,10,0],"gold":186,"neow_bonus":"BOSS_RELIC","is_prod":false,"is_daily":false,"chose_seed":false,"campfire_upgraded":2,"win_rate":0,"timestamp":1553838147,"path_taken":["M","M","M","$","?","R","?","R","T","R","M","M","?","M","R","BOSS","M","?","?","M"],"build_version":"2019-01-23","purchased_purges":0,"victory":false,"max_hp_per_floor":[71,71,71,71,71,71,71,71,71,71,71,73,75,77,77,79,79,81,81,81,81],"card_choices":[{"not_picked":["Melter","Heatsinks"],"picked":"BasicCrystalCard","floor":1.0},{"not_picked":["Hello World","Leap"],"picked":"Redo","floor":2.0},{"not_picked":["Go for the Eyes","Reprogram"],"picked":"Rebound","floor":3.0},{"not_picked":["Loop","Redo"],"picked":"Cold Snap","floor":11},{"not_picked":["Cold Snap","Steam","Multi-Cast"],"picked":"Singing Bowl","floor":12},{"not_picked":["ReplayTheSpireMod:Reroute Power","ReplaySort","Stack"],"picked":"Singing Bowl","floor":13},{"not_picked":["Fusion","White Noise","Streamline"],"picked":"Singing Bowl","floor":14},{"not_picked":["Fission","Reboot","Hyperbeam"],"picked":"Singing Bowl","floor":16},{"not_picked":["Double Energy","Beam Cell","Redo"],"picked":"Singing Bowl","floor":18}],"player_experience":864962,"relics_obtained":[{"floor":9,"key":"Singing Bowl"},{"floor":13,"key":"Odd Mushroom"}],"event_choices":[{"damage_healed":0.0,"max_hp_gain":0.0,"max_hp_loss":0.0,"gold_gain":75.0,"event_name":"World of Goop","player_choice":"Gather Gold","floor":5.0,"gold_loss":0.0,"damage_taken":11.0},{"damage_healed":23,"gold_gain":0,"player_choice":"Banana","damage_taken":0,"max_hp_gain":0,"max_hp_loss":0,"event_name":"Big Fish","floor":7,"gold_loss":0},{"damage_healed":0,"gold_gain":0,"player_choice":"Fought Mushrooms","damage_taken":0,"max_hp_gain":0,"max_hp_loss":0,"event_name":"Mushrooms","floor":13,"gold_loss":0},{"damage_healed":0,"gold_gain":0,"player_choice":"Fight","damage_taken":0,"max_hp_gain":0,"max_hp_loss":0,"event_name":"Colosseum","floor":19,"gold_loss":0},{"damage_healed":0,"gold_gain":0,"player_choice":"Fled From Nobs","damage_taken":0,"max_hp_gain":0,"max_hp_loss":0,"event_name":"Colosseum","floor":19,"gold_loss":0},{"damage_healed":0,"gold_gain":0,"cards_transformed":["Strike_B"],"player_choice":"Transformed","damage_taken":0,"max_hp_gain":0,"max_hp_loss":0,"event_name":"Transmorgrifier","floor":20,"gold_loss":0,"cards_obtained":["Reinforced Body"]}],"is_beta":false,"boss_relics":[{"not_picked":["ReplayTheSpireMod:Onyx Gauntlets","Busted Crown"],"picked":"Ring of Chaos"}],"items_purged_floors":[],"is_endless":false,"potions_floor_spawned":[1,11,13,16],"killed_by":"3 Byrds","ascension_level":19}