{"path_per_floor":["M","?","M","?","$","E","$","?","T","M","M","?","M","M","R","B",null,"M","?","$","M","?","E","M","?","T","R","E","R","M"],"character_chosen":"DEFECT","items_purchased":["Defragment","Go for the Eyes","Cold Snap","Mind Blast","Beam Cell"],"gold_per_floor":[119,119,136,136,15,50,0,0,26,42,66,66,85,108,108,227,227,246,169,45,59,29,60,79,79,102,102,132,132,147,147],"floor_reached":31,"campfire_rested":1,"playtime":1113,"item_purchase_floors":[5,5,7,20,20],"current_hp_per_floor":[59,59,58,43,43,26,26,26,26,25,23,23,23,12,49,44,67,67,67,67,59,59,54,53,53,58,58,53,53,50,0],"items_purged":[],"gold":147,"score":385,"play_id":"ac67de44-2b75-415e-bb0c-0b2317935e3e","local_time":"20180530024619","is_prod":false,"is_daily":false,"chose_seed":false,"is_ascension_mode":true,"campfire_upgraded":2,"win_rate":0,"timestamp":1527641179,"campfire_choices":[{"floor":15,"key":"REST"},{"data":"Mind Blast","floor":27,"key":"SMITH"},{"data":"Self Repair","floor":29,"key":"SMITH"}],"path_taken":["M","?","M","?","$","E","$","?","T","M","M","?","M","M","R","BOSS","M","?","$","M","?","E","M","?","T","R","E","R","M","M"],"build_version":"2018-05-28","seed_source_timestamp":169416248420741,"purchased_purges":0,"victory":false,"master_deck":["Strike_B","Strike_B+1","Strike_B","Strike_B","Defend_B","Defend_B","Defend_B","Defend_B+1","Zap","Dualcast","Coolheaded","Beam Cell","Defragment+1","Go for the Eyes","Cold Snap","Injury","Coolheaded","Auto Shields","Self Repair+1","All For One","Cold Snap","Beam Cell","Gash","Loop","J.A.X.","Mind Blast+1","Beam Cell","Compile Driver+1","Sweeping Beam+1","Capacitor"],"max_hp_per_floor":[75,75,75,75,75,75,75,75,75,75,75,75,75,75,75,75,75,75,75,75,75,75,75,75,75,75,75,75,75,75,75],"relics":["Cracked Core","Vajra","Bloody Idol","Regal Pillow","Orrery","Matryoshka","Oddly Smooth Stone","DataDisk","Juzu Bracelet"],"card_choices":[{"not_picked":["Barrage","Fusion"],"picked":"Coolheaded","floor":1},{"not_picked":["Barrage","Streamline"],"picked":"Beam Cell","floor":3},{"not_picked":["Stack","Barrage","Ball Lightning"],"picked":"SKIP","floor":6},{"not_picked":["Skim","Barrage"],"picked":"Coolheaded","floor":10},{"not_picked":["Fusion","Sunder","Chaos"],"picked":"SKIP","floor":11},{"not_picked":["Steam","Go for the Eyes"],"picked":"Auto Shields","floor":13},{"not_picked":["Skim","Sweeping Beam"],"picked":"Self Repair","floor":14},{"not_picked":["Electrodynamics","Hyperbeam"],"picked":"All For One","floor":16},{"not_picked":["Aggregate","Barrage"],"picked":"Cold Snap","floor":17},{"not_picked":["Redo","Compile Driver"],"picked":"Beam Cell","floor":17},{"not_picked":["Melter","Auto Shields"],"picked":"Gash","floor":17},{"not_picked":["Beam Cell+1","Redo"],"picked":"Loop","floor":18},{"not_picked":["Turbo","Doom and Gloom","Skim"],"picked":"SKIP","floor":21},{"not_picked":["Storm","Barrage"],"picked":"Compile Driver+1","floor":23},{"not_picked":["Redo","Stack"],"picked":"Sweeping Beam+1","floor":24},{"not_picked":["Loop","Tempest+1"],"picked":"Capacitor","floor":28},{"not_picked":["Ball Lightning","Beam Cell","Conserve Battery"],"picked":"SKIP","floor":30}],"player_experience":118095,"potions_floor_usage":[6,16,16,16,21,23,23,23,28],"damage_taken":[{"damage":9,"enemies":"Jaw Worm","floor":1,"turns":3},{"damage":1,"enemies":"Cultist","floor":3,"turns":5},{"damage":17,"enemies":"Lagavulin","floor":6,"turns":7},{"damage":1,"enemies":"2 Louse","floor":10,"turns":3},{"damage":2,"enemies":"Blue Slaver","floor":11,"turns":3},{"damage":0,"enemies":"Looter","floor":13,"turns":3},{"damage":11,"enemies":"Large Slime","floor":14,"turns":7},{"damage":27,"enemies":"The Guardian","floor":16,"turns":15},{"damage":7,"enemies":"Chosen","floor":18,"turns":4},{"damage":15,"enemies":"Shell Parasite","floor":21,"turns":5},{"damage":27,"enemies":"Book of Stabbing","floor":23,"turns":7},{"damage":8,"enemies":"Centurion and Healer","floor":24,"turns":6},{"damage":17,"enemies":"Gremlin Leader","floor":28,"turns":9},{"damage":18,"enemies":"Sentry and Sphere","floor":30,"turns":4},{"damage":56,"enemies":"Chosen and Byrds","floor":31,"turns":6}],"relics_obtained":[{"floor":6,"key":"Vajra"},{"floor":9,"key":"Regal Pillow"},{"floor":23,"key":"Matryoshka"},{"floor":26,"key":"Oddly Smooth Stone"},{"floor":26,"key":"DataDisk"},{"floor":28,"key":"Juzu Bracelet"}],"event_choices":[{"event_name":"The Lab","player_choice":"Got Potions","floor":2,"damage_taken":0},{"event_name":"Shining Light","player_choice":"Entered Light","floor":4,"damage_taken":0},{"event_name":"Golden Idol","player_choice":"Take Wound","floor":8,"damage_taken":0},{"event_name":"Living Wall","player_choice":"Grow","floor":12,"damage_taken":0},{"event_name":"Drug Dealer","player_choice":"Got JAXXED","floor":19,"damage_taken":0},{"event_name":"The Woman in Blue","player_choice":"Bought 2 Potions","floor":22,"damage_taken":0},{"event_name":"Forgotten Altar","player_choice":"Gave Idol","floor":25,"damage_taken":0}],"boss_relics":[{"not_picked":["Velvet Choker","Lizard Tail"],"picked":"Orrery"}],"items_purged_floors":[],"potions_floor_spawned":[3,6,11,16,21,23,24],"seed_played":"4156714019782878329","killed_by":"Chosen and Byrds","ascension_level":8,"potions_obtained":[{"floor":2,"key":"PowerPotion"},{"floor":2,"key":"Explosive Potion"},{"floor":2,"key":"SneckoOil"},{"floor":3,"key":"Explosive Potion"},{"floor":6,"key":"Energy Potion"},{"floor":11,"key":"Regen Potion"},{"floor":16,"key":"Poison Potion"},{"floor":21,"key":"Regen Potion"},{"floor":22,"key":"Weak Potion"},{"floor":22,"key":"Strength Potion"},{"floor":23,"key":"Explosive Potion"},{"floor":24,"key":"SneckoOil"}],"is_trial":false}