{"gold_per_floor":[114,124,140,73,91,119,119,131,131,141,141,66,66,81,81,185,185,165,165,181,25,25,55,55],"floor_reached":24,"playtime":1124,"items_purged":["Defend_B"],"score":283,"play_id":"c59a2504-94db-46d9-be09-2cb3eeb9b0ba","local_time":"20181112061824","is_ascension_mode":true,"campfire_choices":[{"data":"Chill","floor":7,"key":"SMITH"},{"data":"Chaos","floor":11,"key":"SMITH"},{"data":"Blizzard","floor":13,"key":"SMITH"},{"floor":15,"key":"REST"}],"neow_cost":"NONE","seed_source_timestamp":872354519527568,"circlet_count":0,"master_deck":["Strike_B","Strike_B+1","Defend_B","Defend_B","Zap","Dualcast","Chill+1","Conserve Battery","Go for the Eyes","Capacitor","Hologram","Cold Snap+1","Fusion","Blizzard+1","Defragment","Chaos+1","Conserve Battery","Hello World+1","Reboot+1","Creative AI+1","Compile Driver+1","Cold Snap","Zap+1","Conserve Battery+1","Glacier"],"relics":["Orrery","WingedGreaves","Meat on the Bone","Astrolabe","Whetstone","StoneCalendar"],"potions_floor_usage":[6,10,16,23],"damage_taken":[{"damage":3,"enemies":"Cultist","floor":1,"turns":4},{"damage":6,"enemies":"2 Louse","floor":2,"turns":2},{"damage":0,"enemies":"Small Slimes","floor":3,"turns":4},{"damage":14,"enemies":"2 Fungi Beasts","floor":5,"turns":6},{"damage":21,"enemies":"Lagavulin","floor":6,"turns":9},{"damage":8,"enemies":"3 Louse","floor":8,"turns":4},{"damage":8,"enemies":"Gremlin Gang","floor":10,"turns":4},{"damage":17,"enemies":"Large Slime","floor":14,"turns":5},{"damage":21,"enemies":"Slime Boss","floor":16,"turns":13},{"damage":16,"enemies":"2 Thieves","floor":18,"turns":4},{"damage":7,"enemies":"Spheric Guardian","floor":20,"turns":5},{"damage":38,"enemies":"Gremlin Leader","floor":23,"turns":8},{"damage":28,"enemies":"Cultist and Chosen","floor":24,"turns":6}],"seed_played":"-6870088352841863733","potions_obtained":[{"floor":1,"key":"Regen Potion"},{"floor":3,"key":"Ancient Potion"},{"floor":5,"key":"SpeedPotion"},{"floor":6,"key":"Weak Potion"},{"floor":20,"key":"Block Potion"}],"is_trial":false,"path_per_floor":["M","M","M","$","M","E","R","M","T","M","R","$","R","M","R","B",null,"M","?","M","$","?","E","M"],"character_chosen":"DEFECT","items_purchased":["Blizzard","Whetstone"],"campfire_rested":1,"item_purchase_floors":[4,21],"current_hp_per_floor":[65,59,59,59,45,39,39,31,31,35,35,35,35,30,52,43,67,51,51,44,44,44,18,0],"gold":55,"neow_bonus":"BOSS_RELIC","is_prod":false,"is_daily":false,"chose_seed":false,"campfire_upgraded":3,"win_rate":0,"timestamp":1541999904,"path_taken":["M","M","?","$","?","E","R","M","T","M","R","?","R","M","R","BOSS","M","?","?","$","?","E","?"],"build_version":"2018-11-08","purchased_purges":1,"victory":false,"max_hp_per_floor":[75,75,75,75,75,75,75,75,75,75,75,75,75,75,75,75,75,75,75,75,75,75,75,75],"card_choices":[{"not_picked":["Reinforced Body","Conserve Battery"],"picked":"Chill","floor":0},{"not_picked":["Rebound","Barrage"],"picked":"Conserve Battery","floor":0},{"not_picked":["Consume","Tempest"],"picked":"Go for the Eyes","floor":0},{"not_picked":["Barrage","Machine Learning"],"picked":"Capacitor","floor":0},{"not_picked":["Heatsinks","Turbo"],"picked":"Hologram","floor":0},{"not_picked":["Capacitor","Recycle"],"picked":"Cold Snap","floor":1},{"not_picked":["Leap","Sweeping Beam","Hologram"],"picked":"SKIP","floor":2},{"not_picked":["Capacitor","Heatsinks"],"picked":"Fusion","floor":3},{"not_picked":["Recycle","Sweeping Beam"],"picked":"Defragment","floor":5},{"not_picked":["Barrage","Darkness"],"picked":"Chaos","floor":6},{"not_picked":["Stack","Barrage","Steam"],"picked":"SKIP","floor":8},{"not_picked":["Heatsinks","Meteor Strike","Static Discharge"],"picked":"SKIP","floor":10},{"not_picked":["Go for the Eyes","Stack"],"picked":"Conserve Battery","floor":14},{"not_picked":["Leap","Beam Cell"],"picked":"Compile Driver+1","floor":18},{"not_picked":["Go for the Eyes+1","Barrage"],"picked":"Conserve Battery+1","floor":20},{"not_picked":["Fusion+1","Compile Driver+1"],"picked":"Glacier","floor":23}],"player_experience":152414,"relics_obtained":[{"floor":6,"key":"WingedGreaves"},{"floor":9,"key":"Meat on the Bone"},{"floor":23,"key":"StoneCalendar"}],"event_choices":[{"damage_healed":0,"gold_gain":0,"player_choice":"2 cards matched","damage_taken":0,"max_hp_gain":0,"max_hp_loss":0,"event_name":"Match and Keep!","floor":19,"gold_loss":0,"cards_obtained":["Cold Snap","Zap"]},{"damage_healed":0,"gold_gain":0,"player_choice":"Forge","damage_taken":0,"max_hp_gain":0,"max_hp_loss":0,"event_name":"Accursed Blacksmith","floor":22,"gold_loss":0,"cards_upgraded":["Zap"]}],"is_beta":false,"boss_relics":[{"not_picked":["Cursed Key","Busted Crown"],"picked":"Astrolabe"}],"items_purged_floors":[12],"is_endless":false,"potions_floor_spawned":[1,3,5,6,8,20],"killed_by":"Cultist and Chosen","ascension_level":6}