{"gold_per_floor":[115,35,35,53,67,93,106,206,206,218,68,68,79,104,104,199,199,210,33,33,83,30,56,76,90,90,90,140,160,40,52,52,154,154,174,224,574,132,237,237,237],"floor_reached":41,"playtime":2087,"items_purged":["Strike_R","Defend_R","Defend_R","Decay"],"score":594,"play_id":"93cb66b5-5d98-4644-ab10-4031cdda8a79","local_time":"20180709180435","is_ascension_mode":false,"campfire_choices":[{"data":"Seeing Red","floor":15,"key":"SMITH"},{"data":"Defend_R","floor":27,"key":"PURGE"},{"data":"Strike_R","floor":32,"key":"PURGE"},{"floor":40,"key":"REST"}],"neow_cost":"TEN_PERCENT_HP_LOSS","seed_source_timestamp":665628182044927,"circlet_count":0,"master_deck":["Defend_R","Bash","Whirlwind+1","Seeing Red+1","Flame Barrier","Battle Trance","Metallicize","Double Tap","Body Slam","Battle Trance","Headbutt","Inflame","Pommel Strike","Seeing Red","Demon Form","Iron Wave","Offering","Whirlwind","Thunderclap+1","Spot Weakness","Pommel Strike+1","Flex","Disarm+1","Pommel Strike+1","Entrench+1","Intimidate+1"],"relics":["Burning Blood","Bronze Scales","Paper Frog","Peace Pipe","Cursed Key","SsserpentHead","Blood Vial","Molten Egg 2","Sozu","Old Coin","Red Skull","Magic Flower"],"potions_floor_usage":[16,23,33,33,33],"damage_taken":[{"damage":1,"enemies":"Cultist","floor":1,"turns":4},{"damage":0,"enemies":"2 Louse","floor":4,"turns":2},{"damage":0,"enemies":"Small Slimes","floor":5,"turns":3},{"damage":13,"enemies":"3 Sentries","floor":6,"turns":9},{"damage":6,"enemies":"Exordium Thugs","floor":7,"turns":5},{"damage":7,"enemies":"2 Fungi Beasts","floor":10,"turns":3},{"damage":1,"enemies":"Red Slaver","floor":13,"turns":4},{"damage":17,"enemies":"Lagavulin","floor":14,"turns":8},{"damage":37,"enemies":"Hexaghost","floor":16,"turns":10},{"damage":0,"enemies":"3 Byrds","floor":18,"turns":4},{"damage":15,"enemies":"Slavers","floor":23,"turns":3},{"damage":4,"enemies":"Spheric Guardian","floor":24,"turns":3},{"damage":0,"enemies":"Snake Plant","floor":25,"turns":2},{"damage":4,"enemies":"3 Cultists","floor":29,"turns":3},{"damage":17,"enemies":"Cultist and Chosen","floor":31,"turns":3},{"damage":56,"enemies":"Collector","floor":33,"turns":8},{"damage":24,"enemies":"3 Darklings","floor":35,"turns":3},{"damage":32,"floor":37,"turns":4},{"damage":27,"floor":39,"turns":2},{"damage":38,"enemies":"3 Shapes","floor":41,"turns":2}],"seed_played":"2192035356376146483","potions_obtained":[{"floor":4,"key":"PowerPotion"},{"floor":6,"key":"Explosive Potion"},{"floor":14,"key":"BloodPotion"},{"floor":16,"key":"Block Potion"},{"floor":23,"key":"Block Potion"},{"floor":24,"key":"Regen Potion"}],"is_trial":false,"path_per_floor":["M","$","?","M","M","E","M","?","T","M","$","?","M","E","R","B",null,"M","$","?","?","$","E","M","M","T","R","?","M","$","M","R","B",null,"M","?","?","$","?","R"],"character_chosen":"IRONCLAD","items_purchased":["Battle Trance","Inflame","Offering","Armaments","Flex","Red Skull"],"campfire_rested":1,"item_purchase_floors":[2,11,19,22,30,38],"current_hp_per_floor":[72,72,65,71,72,65,65,65,65,64,64,64,69,58,58,27,72,72,72,72,72,72,63,67,72,72,72,72,72,72,61,61,35,72,54,54,30,30,11,32,0],"gold":237,"neow_bonus":"TRANSFORM_TWO_CARDS","is_prod":false,"is_daily":false,"chose_seed":false,"campfire_upgraded":1,"win_rate":0,"timestamp":1531181075,"path_taken":["M","?","?","M","M","E","?","?","T","M","?","?","?","E","R","BOSS","M","$","?","?","$","E","M","M","T","R","?","M","?","M","R","BOSS","M","?","?","$","?","R","M"],"build_version":"2018-07-05","purchased_purges":4,"victory":false,"max_hp_per_floor":[72,72,72,72,72,72,72,72,72,72,72,72,72,72,72,72,72,72,72,72,72,72,72,72,72,72,72,72,72,72,72,72,72,72,72,72,72,72,72,72,72],"card_choices":[{"not_picked":["Warcry","Havoc"],"picked":"Flame Barrier","floor":1},{"not_picked":["Rampage","Body Slam"],"picked":"Metallicize","floor":4},{"not_picked":["Anger","Clothesline"],"picked":"Double Tap","floor":5},{"not_picked":["Double Tap","Heavy Blade"],"picked":"Body Slam","floor":6},{"not_picked":["Perfected Strike","Clash"],"picked":"Battle Trance","floor":7},{"not_picked":["Heavy Blade","Clothesline"],"picked":"Headbutt","floor":10},{"not_picked":["Anger","True Grit"],"picked":"Pommel Strike","floor":13},{"not_picked":["Flex","Limit Break"],"picked":"Seeing Red","floor":14},{"not_picked":["Bludgeon","Fiend Fire"],"picked":"Demon Form","floor":16},{"not_picked":["Seeing Red","Wild Strike+1"],"picked":"Iron Wave","floor":18},{"not_picked":["Havoc+1","Sentinel"],"picked":"Whirlwind","floor":23},{"not_picked":["Headbutt","Anger"],"picked":"Thunderclap+1","floor":24},{"not_picked":["Clash","Second Wind","Iron Wave"],"picked":"SKIP","floor":25},{"not_picked":["Iron Wave+1","Fiend Fire+1"],"picked":"Pommel Strike+1","floor":29},{"not_picked":["Havoc","Carnage+1"],"picked":"Disarm+1","floor":31},{"not_picked":["True Grit+1","Perfected Strike+1"],"picked":"Pommel Strike+1","floor":35},{"not_picked":["Headbutt+1","Thunderclap+1"],"picked":"Entrench+1","floor":37},{"not_picked":["True Grit","Iron Wave+1"],"picked":"Intimidate+1","floor":39}],"player_experience":84034,"relics_obtained":[{"floor":6,"key":"Bronze Scales"},{"floor":9,"key":"Paper Frog"},{"floor":14,"key":"Peace Pipe"},{"floor":23,"key":"Blood Vial"},{"floor":26,"key":"Molten Egg 2"},{"floor":37,"key":"Old Coin"},{"floor":39,"key":"Magic Flower"}],"event_choices":[{"event_name":"Golden Wing","player_choice":"Card Removal","floor":3,"damage_taken":0},{"event_name":"Golden Shrine","player_choice":"Pray","floor":8,"damage_taken":0},{"event_name":"Accursed Blacksmith","player_choice":"Forge","floor":12,"damage_taken":0},{"event_name":"FaceTrader","player_choice":"Trade","floor":20,"damage_taken":0},{"event_name":"Addict","player_choice":"Ignored","floor":21,"damage_taken":0},{"event_name":"The Library","player_choice":"Read","floor":28,"damage_taken":0},{"event_name":"Falling","player_choice":"Removed Skill","floor":36,"damage_taken":0},{"event_name":"MindBloom","player_choice":"Fight","floor":37,"damage_taken":0},{"event_name":"Mysterious Sphere","player_choice":"Fight","floor":39,"damage_taken":0}],"boss_relics":[{"not_picked":["Fusion Hammer","Runic Dome"],"picked":"Cursed Key"},{"not_picked":["Eternal Feather","Philosopher\u0027s Stone"],"picked":"Sozu"}],"items_purged_floors":[11,19,30,38],"is_endless":false,"potions_floor_spawned":[4,6,14,16,23,24,29,31],"killed_by":"3 Shapes","ascension_level":0}