{"gold_per_floor":[113,128,145,159,179,179,191,202,249,249,263,282,296,296,296,394,394,411,28,28,28,28,63,63,80,80,80,80],"floor_reached":28,"playtime":1141,"items_purged":["Strike_R"],"score":259,"play_id":"0cdc93bd-ee2e-4f4b-913a-08b36f377937","local_time":"20190409155727","is_ascension_mode":false,"campfire_choices":[{"data":"Combust","floor":6.0,"key":"SMITH"},{"data":"Flame Barrier","floor":10.0,"key":"SMITH"},{"floor":15.0,"key":"REST"},{"data":"Armaments","floor":24.0,"key":"SMITH"}],"neow_cost":"NONE","seed_source_timestamp":0,"circlet_count":0,"master_deck":["Defend_R","Defend_R","Defend_R","Defend_R","Bash","Impervious","Flame Barrier+1","Combust+1","Flex","Twin Strike","Armaments+1","Reaper","Cleave","Exhume","Headbutt+1","Bite","Bite","Bite","Bite","Bite","Dual Wield+1","Spot Weakness"],"special_seed":0,"relics":["Black Blood","Lantern","Thread and Needle","Ornamental Fan","Singing Bowl"],"potions_floor_usage":[28,28],"damage_taken":[{"damage":5.0,"enemies":"Cultist","floor":1.0,"turns":4.0},{"damage":2.0,"enemies":"Jaw Worm","floor":2.0,"turns":7.0},{"damage":2.0,"enemies":"2 Louse","floor":3.0,"turns":3.0},{"damage":17.0,"enemies":"Exordium Wildlife","floor":4.0,"turns":4.0},{"damage":7.0,"enemies":"3 Louse","floor":5.0,"turns":5.0},{"damage":6.0,"enemies":"Red Slaver","floor":7.0,"turns":6.0},{"damage":3.0,"enemies":"Blue Slaver","floor":8.0,"turns":3.0},{"damage":23.0,"enemies":"3 Louse","floor":11.0,"turns":2.0},{"damage":1.0,"enemies":"Looter","floor":12.0,"turns":2.0},{"damage":17.0,"enemies":"Red Slaver","floor":13.0,"turns":5.0},{"damage":33.0,"enemies":"Slime Boss","floor":16.0,"turns":10.0},{"damage":4.0,"enemies":"Chosen","floor":18.0,"turns":5.0},{"damage":31.0,"enemies":"Gremlin Leader","floor":23.0,"turns":8.0},{"damage":39.0,"enemies":"Spheric Guardian","floor":25.0,"turns":6.0},{"damage":48,"enemies":"Slavers","floor":28,"turns":4}],"seed_played":"-433193708201180913","potions_obtained":[{"floor":1.0,"key":"Weak Potion"},{"floor":2.0,"key":"FearPotion"},{"floor":5.0,"key":"LiquidBronze"},{"floor":18.0,"key":"FearPotion"}],"is_trial":false,"path_per_floor":["M","M","M","M","M","R","M","M","T","R","M","M","M","?","R","B",null,"M","$","?","?","?","E","R","M","T","?","E"],"character_chosen":"IRONCLAD","items_purchased":["Thread and Needle"],"campfire_rested":1,"item_purchase_floors":[19],"current_hp_per_floor":[80,80,80,69,68,68,68,71,71,71,54,59,48,41,65,38,80,80,80,56,56,56,56,56,34,34,34,0],"gold":80,"neow_bonus":"ONE_RANDOM_RARE_CARD","is_prod":false,"is_daily":false,"chose_seed":false,"campfire_upgraded":3,"win_rate":0,"timestamp":1554847047,"path_taken":["M","M","M","M","M","R","M","M","T","R","M","M","?","?","R","BOSS","M","$","?","?","?","E","R","?","T","?","E"],"build_version":"2019-01-23","purchased_purges":1,"victory":false,"max_hp_per_floor":[80,80,80,80,80,80,80,80,80,80,80,80,80,80,80,80,80,80,80,56,56,56,56,56,56,56,56,56],"card_choices":[{"not_picked":["Carnage","True Grit"],"picked":"Flame Barrier","floor":1.0},{"not_picked":["Clash","Sever Soul"],"picked":"Combust","floor":2.0},{"not_picked":["Warcry","Metallicize"],"picked":"Flex","floor":3.0},{"not_picked":["Bloodletting","Combust","Heavy Blade"],"picked":"SKIP","floor":4.0},{"not_picked":["Sever Soul","Heavy Blade"],"picked":"Twin Strike","floor":5.0},{"not_picked":["Havoc","Metallicize"],"picked":"Armaments","floor":7.0},{"not_picked":["Pummel","Armaments","Heavy Blade"],"picked":"SKIP","floor":8.0},{"not_picked":["Perfected Strike","Battle Trance"],"picked":"Reaper","floor":11.0},{"not_picked":["Clash","Flex","Armaments"],"picked":"SKIP","floor":12.0},{"not_picked":["Sword Boomerang","Wild Strike"],"picked":"Cleave","floor":13.0},{"not_picked":["Impervious","Barricade"],"picked":"Exhume","floor":16.0},{"not_picked":["Carnage","Thunderclap"],"picked":"Headbutt+1","floor":18.0},{"not_picked":["Anger","Shrug It Off"],"picked":"Dual Wield+1","floor":23.0},{"not_picked":["Havoc","Cleave"],"picked":"Spot Weakness","floor":25.0}],"player_experience":208136,"relics_obtained":[{"floor":9.0,"key":"Lantern"},{"floor":23.0,"key":"Ornamental Fan"},{"floor":26.0,"key":"Singing Bowl"}],"event_choices":[{"cards_removed":["Strike_R"],"damage_healed":0.0,"max_hp_gain":0.0,"max_hp_loss":0.0,"gold_gain":0.0,"event_name":"Golden Wing","player_choice":"Card Removal","floor":14.0,"gold_loss":0.0,"damage_taken":7.0},{"damage_healed":0.0,"max_hp_gain":0.0,"max_hp_loss":24.0,"gold_gain":0.0,"event_name":"Vampires","player_choice":"Became a vampire","floor":20.0,"gold_loss":0.0,"damage_taken":0.0,"cards_obtained":["Bite","Bite","Bite","Bite","Bite"]},{"damage_healed":0.0,"max_hp_gain":0.0,"max_hp_loss":0.0,"gold_gain":0.0,"event_name":"Beggar","player_choice":"Ignored","floor":21.0,"gold_loss":0.0,"damage_taken":0.0},{"damage_healed":0.0,"max_hp_gain":0.0,"max_hp_loss":0.0,"gold_gain":0.0,"event_name":"NoteForYourself","player_choice":"Ignored","floor":22.0,"gold_loss":0.0,"damage_taken":0.0},{"damage_healed":0.0,"max_hp_gain":0.0,"max_hp_loss":0.0,"gold_gain":0.0,"event_name":"Cursed Tome","player_choice":"Ignored","floor":27.0,"gold_loss":0.0,"damage_taken":0.0}],"is_beta":false,"boss_relics":[{"not_picked":["Cursed Key","Busted Crown"],"picked":"Black Blood"}],"items_purged_floors":[19],"is_endless":false,"potions_floor_spawned":[1,2,5,7,8,18],"killed_by":"Slavers","ascension_level":0}