{"gold_per_floor":[109,109,109,29,45,45,64,64,119,119,150,174,185,196,196,292,292,309,327,87,87,87,87,12,32,84,84,103,103],"floor_reached":29,"playtime":1381,"items_purged":["Decay"],"score":223,"play_id":"2f60cdaa-c057-4b89-ac2a-64dcd8a49227","local_time":"20190130014100","is_ascension_mode":false,"campfire_choices":[{"data":"Hologram","floor":6,"key":"SMITH"},{"data":"Zap","floor":8,"key":"SMITH"},{"floor":15,"key":"REST"},{"floor":23,"key":"REST"}],"neow_cost":"NONE","seed_source_timestamp":39977940726644,"circlet_count":0,"master_deck":["Strike_B","Strike_B","Strike_B","Defend_B","Defend_B","Defend_B","Defend_B","Zap+1","Dualcast","Loop","Capacitor","Hologram+1","Steam Power","Rainbow","Defragment","Ball Lightning","Seek","Reprogram","Hologram","Reboot","Loop","Undo","Stack"],"relics":["Cracked Core","Lantern","Peace Pipe","DataDisk","Anchor","Eternal Feather","Omamori"],"potions_floor_usage":[16,19,25,28],"damage_taken":[{"damage":1,"enemies":"Jaw Worm","floor":1,"turns":4},{"damage":3,"enemies":"Small Slimes","floor":5,"turns":3},{"damage":2,"enemies":"2 Louse","floor":7,"turns":2},{"damage":23,"enemies":"3 Sentries","floor":11,"turns":6},{"damage":5,"enemies":"2 Fungi Beasts","floor":13,"turns":3},{"damage":3,"enemies":"Large Slime","floor":14,"turns":5},{"damage":23,"enemies":"Slime Boss","floor":16,"turns":6},{"damage":16,"enemies":"Spheric Guardian","floor":18,"turns":4},{"damage":18,"enemies":"2 Thieves","floor":19,"turns":4},{"damage":26,"enemies":"Cultist and Chosen","floor":25,"turns":5},{"damage":40,"enemies":"Colosseum Slavers","floor":27,"turns":5},{"damage":3,"enemies":"Snecko","floor":28,"turns":5},{"damage":10,"enemies":"Centurion and Healer","floor":29,"turns":3}],"seed_played":"-29051761439236962","potions_obtained":[{"floor":1,"key":"GamblersBrew"},{"floor":11,"key":"Poison Potion"},{"floor":18,"key":"Ancient Potion"},{"floor":19,"key":"SpeedPotion"},{"floor":28,"key":"Ancient Potion"}],"is_trial":false,"path_per_floor":["M","?","?","$","M","R","M","R","T","?","E","T","M","M","R","B",null,"M","M","$","?","?","R","$","M","T","?","M","M"],"character_chosen":"DEFECT","items_purchased":["Capacitor","Reboot","Loop"],"campfire_rested":2,"item_purchase_floors":[4,20,20],"current_hp_per_floor":[74,67,67,67,64,64,62,62,62,59,36,36,31,28,50,27,75,59,41,41,41,41,75,75,49,49,9,6,0],"gold":103,"neow_bonus":"TRANSFORM_CARD","is_prod":false,"is_daily":false,"chose_seed":false,"campfire_upgraded":2,"win_rate":0,"timestamp":1548834060,"path_taken":["M","?","?","$","M","R","M","R","T","?","E","?","M","M","R","BOSS","M","M","$","?","?","R","$","M","T","?","?","M"],"build_version":"2019-01-23","purchased_purges":1,"victory":false,"max_hp_per_floor":[75,75,75,75,75,75,75,75,75,75,75,75,75,75,75,75,75,75,75,75,75,75,75,75,75,75,75,75,75],"card_choices":[{"not_picked":["Self Repair","Heatsinks"],"picked":"Loop","floor":1},{"not_picked":["Steam","FTL"],"picked":"Hologram","floor":5},{"not_picked":["Cold Snap","Beam Cell"],"picked":"Steam Power","floor":7},{"not_picked":["Conserve Battery","Doom and Gloom"],"picked":"Rainbow","floor":11},{"not_picked":["White Noise","Cold Snap"],"picked":"Defragment","floor":13},{"not_picked":["Gash","Rebound"],"picked":"Ball Lightning","floor":14},{"not_picked":["Multi-Cast","Machine Learning"],"picked":"Seek","floor":16},{"not_picked":["Go for the Eyes+1","Conserve Battery"],"picked":"Reprogram","floor":18},{"not_picked":["Cold Snap","Chill+1"],"picked":"Hologram","floor":19},{"not_picked":["Reprogram","Cold Snap+1"],"picked":"Undo","floor":25},{"not_picked":["White Noise","Turbo"],"picked":"Stack","floor":28}],"player_experience":405982,"relics_obtained":[{"floor":9,"key":"Lantern"},{"floor":11,"key":"DataDisk"},{"floor":12,"key":"Anchor"},{"floor":26,"key":"Omamori"}],"event_choices":[{"cards_removed":["Force Field"],"damage_healed":0,"gold_gain":0,"player_choice":"Card Removal","damage_taken":7,"max_hp_gain":0,"max_hp_loss":0,"event_name":"Golden Wing","floor":2,"gold_loss":0},{"damage_healed":0,"gold_gain":0,"player_choice":"Leave","damage_taken":0,"max_hp_gain":0,"max_hp_loss":0,"event_name":"The Cleric","floor":3,"gold_loss":0},{"damage_healed":0,"gold_gain":0,"player_choice":"Success","damage_taken":3,"relics_obtained":["Peace Pipe"],"max_hp_gain":0,"max_hp_loss":0,"event_name":"Scrap Ooze","floor":10,"gold_loss":0},{"damage_healed":0,"gold_gain":0,"player_choice":"Smashed Altar","damage_taken":0,"max_hp_gain":0,"max_hp_loss":0,"event_name":"Forgotten Altar","floor":21,"gold_loss":0,"cards_obtained":["Decay"]},{"damage_healed":0,"gold_gain":0,"player_choice":"Ignored","damage_taken":0,"max_hp_gain":0,"max_hp_loss":0,"event_name":"Ghosts","floor":22,"gold_loss":0},{"damage_healed":0,"gold_gain":0,"player_choice":"Fight","damage_taken":0,"max_hp_gain":0,"max_hp_loss":0,"event_name":"Colosseum","floor":27,"gold_loss":0},{"damage_healed":0,"gold_gain":0,"player_choice":"Fled From Nobs","damage_taken":0,"max_hp_gain":0,"max_hp_loss":0,"event_name":"Colosseum","floor":27,"gold_loss":0}],"is_beta":false,"boss_relics":[{"not_picked":["Sozu","Coffee Dripper"],"picked":"Eternal Feather"}],"items_purged_floors":[24],"is_endless":false,"potions_floor_spawned":[1,11,18,19,28],"killed_by":"Centurion and Healer","ascension_level":0}