{"gold_per_floor":[114,114,226,254,279,291,335,367,405,427,439,451,463,475,487,599,611,606,618,169,184,134,134,134,153,206,206,216,216,244,262,262,361,361,372,388,388,402,352,352,352],"floor_reached":41,"playtime":2967,"items_purged":["Defend_B","Strike_B","Strike_B"],"score":477,"play_id":"c0e11fa8-3bad-436f-88e2-1a8b4c9ba004","local_time":"20190324214301","is_ascension_mode":true,"campfire_choices":[{"data":"Glacier","floor":6,"key":"SMITH"},{"data":"Zap","floor":11,"key":"SMITH"},{"data":"Capacitor","floor":13,"key":"SMITH"},{"data":"Glacier","floor":15,"key":"SMITH"},{"data":"Rainbow","floor":23,"key":"SMITH"},{"data":"Rainbow","floor":27,"key":"SMITH"},{"data":"Blizzard","floor":29,"key":"SMITH"},{"floor":32,"key":"REST"},{"data":"Multi-Cast","floor":40,"key":"SMITH"}],"neow_cost":"NONE","seed_source_timestamp":24384983797485,"circlet_count":0,"master_deck":["Strike_B","Strike_B","Defend_B","Defend_B","Defend_B+1","Zap+1","Dualcast+1","Compile Driver","Glacier+1","Capacitor+1","Tempest+1","Glacier+1","Fusion","White Noise+1","Rainbow+1","White Noise","Rainbow+1","BootSequence+1","Blizzard+1","Multi-Cast+1","Leap+1","Creative AI","White Noise","White Noise"],"relics":["Cracked Core","MawBank","Smiling Mask","Sozu","Mummified Hand","War Paint","Nloth\u0027s Gift","Anchor","PreservedInsect","Busted Crown"],"potions_floor_usage":[16,16,16],"damage_taken":[{"damage":6,"enemies":"Jaw Worm","floor":1,"turns":5},{"damage":0,"enemies":"Small Slimes","floor":4,"turns":3},{"damage":3,"enemies":"Cultist","floor":5,"turns":5},{"damage":8,"enemies":"Lagavulin","floor":7,"turns":10},{"damage":0,"enemies":"Looter","floor":8,"turns":4},{"damage":0,"enemies":"Large Slime","floor":10,"turns":5},{"damage":10,"enemies":"Slime Boss","floor":16,"turns":7},{"damage":15,"enemies":"2 Thieves","floor":18,"turns":4},{"damage":0,"enemies":"Spheric Guardian","floor":21,"turns":3},{"damage":9,"enemies":"Centurion and Healer","floor":25,"turns":8},{"damage":6,"enemies":"Cultist and Chosen","floor":28,"turns":3},{"damage":27,"enemies":"Book of Stabbing","floor":30,"turns":6},{"damage":14,"enemies":"Sentry and Sphere","floor":31,"turns":6},{"damage":15,"enemies":"Champ","floor":33,"turns":10},{"damage":11,"enemies":"3 Shapes","floor":35,"turns":4},{"damage":11,"enemies":"3 Darklings","floor":36,"turns":7},{"damage":4,"enemies":"4 Shapes","floor":38,"turns":4},{"damage":56,"enemies":"Nemesis","floor":41,"turns":4}],"seed_played":"5853899669698485676","potions_obtained":[{"floor":1,"key":"Block Potion"},{"floor":4,"key":"Block Potion"},{"floor":5,"key":"Dexterity Potion"}],"is_trial":false,"path_per_floor":["M","?","?","M","M","R","E","M","T","M","R","?","R","?","R","B",null,"M","?","$","M","$","R","?","M","T","R","M","R","E","M","R","B",null,"M","M","?","M","$","R","E"],"character_chosen":"DEFECT","items_purchased":["Mummified Hand","War Paint"],"campfire_rested":1,"item_purchase_floors":[20,20],"current_hp_per_floor":[69,62,62,62,59,59,51,51,51,51,51,36,36,36,36,26,75,60,60,60,60,60,60,60,51,51,51,45,45,18,4,26,11,75,64,53,53,49,49,49,0],"gold":352,"neow_bonus":"THREE_CARDS","is_prod":false,"is_daily":false,"chose_seed":false,"campfire_upgraded":8,"win_rate":1,"timestamp":1553481781,"path_taken":["M","?","?","M","?","R","E","M","T","M","R","?","R","?","R","BOSS","M","?","$","M","?","R","?","M","T","R","M","R","E","M","R","BOSS","M","?","?","M","$","R","E"],"build_version":"2019-01-23","purchased_purges":3,"victory":false,"max_hp_per_floor":[75,75,75,75,75,75,75,75,75,75,75,75,75,75,75,75,75,75,75,75,75,75,75,75,75,75,75,75,75,75,75,75,75,75,75,75,75,75,75,75,75],"card_choices":[{"not_picked":["Stack","Gash"],"picked":"Compile Driver","floor":0},{"not_picked":["Skim","Double Energy"],"picked":"Glacier","floor":1},{"not_picked":["Glacier","Hello World"],"picked":"Capacitor","floor":4},{"not_picked":["Gash","Glacier"],"picked":"Tempest","floor":5},{"not_picked":["Streamline","Stack"],"picked":"Glacier","floor":7},{"not_picked":["Coolheaded","Compile Driver"],"picked":"Fusion","floor":8},{"not_picked":["Stack","BootSequence"],"picked":"White Noise","floor":10},{"not_picked":["All For One","Fission"],"picked":"Rainbow","floor":16},{"not_picked":["Go for the Eyes","Stack"],"picked":"White Noise","floor":18},{"not_picked":["Streamline","Rebound","Ball Lightning"],"picked":"SKIP","floor":21},{"not_picked":["Turbo+1","Go for the Eyes"],"picked":"BootSequence+1","floor":25},{"not_picked":["Compile Driver","Turbo"],"picked":"Blizzard","floor":28},{"not_picked":["Hologram","Leap"],"picked":"Multi-Cast","floor":30},{"not_picked":["Lockon","Aggregate"],"picked":"Leap+1","floor":31},{"not_picked":["Seek","Fission"],"picked":"Creative AI","floor":33},{"not_picked":["Rip and Tear"],"picked":"SKIP","floor":35},{"not_picked":[],"picked":"White Noise","floor":36},{"not_picked":[],"picked":"White Noise","floor":38}],"player_experience":65194,"relics_obtained":[{"floor":7,"key":"Smiling Mask"},{"floor":9,"key":"Bronze Scales"},{"floor":26,"key":"Anchor"},{"floor":30,"key":"PreservedInsect"}],"event_choices":[{"damage_healed":0,"gold_gain":0,"player_choice":"Success","damage_taken":7,"relics_obtained":["MawBank"],"max_hp_gain":0,"max_hp_loss":0,"event_name":"Scrap Ooze","floor":2,"gold_loss":0},{"damage_healed":0,"gold_gain":100,"player_choice":"Gold","damage_taken":0,"max_hp_gain":0,"max_hp_loss":0,"event_name":"Wheel of Change","floor":3,"gold_loss":0},{"damage_healed":0,"gold_gain":0,"player_choice":"Entered Light","damage_taken":15,"max_hp_gain":0,"max_hp_loss":0,"event_name":"Shining Light","floor":12,"gold_loss":0,"cards_upgraded":["Tempest","Dualcast"]},{"damage_healed":0,"gold_gain":0,"player_choice":"Ignored","damage_taken":0,"max_hp_gain":0,"max_hp_loss":0,"event_name":"Liars Game","floor":14,"gold_loss":0},{"damage_healed":0,"gold_gain":0,"player_choice":"Copied","damage_taken":0,"max_hp_gain":0,"max_hp_loss":0,"event_name":"Duplicator","floor":19,"gold_loss":0,"cards_obtained":["Rainbow"]},{"damage_healed":0,"gold_gain":0,"player_choice":"Traded Relic","damage_taken":0,"relics_obtained":["Nloth\u0027s Gift"],"max_hp_gain":0,"max_hp_loss":0,"event_name":"N\u0027loth","floor":24,"relics_lost":["Bronze Scales"],"gold_loss":0},{"damage_healed":0,"gold_gain":0,"player_choice":"Ignored","damage_taken":0,"max_hp_gain":0,"max_hp_loss":0,"event_name":"Tomb of Lord Red Mask","floor":37,"gold_loss":0}],"is_beta":false,"boss_relics":[{"not_picked":["White Beast Statue","Tiny House"],"picked":"Sozu"},{"not_picked":["Astrolabe","Snecko Eye"],"picked":"Busted Crown"}],"items_purged_floors":[20,22,39],"is_endless":false,"potions_floor_spawned":[1,4,5,7,25,35,36,38],"killed_by":"Nemesis","ascension_level":2}