{"gold_per_floor":[115,115,130,153,171,215,215,254,254,295,320,320,384,384,384,384],"floor_reached":16,"playtime":647,"items_purged":[],"score":169,"play_id":"f6d4a125-a0fd-49f0-acec-3b988d5b35e8","local_time":"20190224012050","is_ascension_mode":true,"campfire_choices":[{"floor":7,"key":"REST"},{"floor":12,"key":"REST"},{"floor":15,"key":"REST"}],"neow_cost":"NONE","seed_source_timestamp":520431415916372,"circlet_count":0,"master_deck":["Strike_B","Strike_B","Strike_B","Strike_B","Defend_B","Defend_B","Defend_B","Defend_B+1","Zap","Dualcast","Doom and Gloom","Doom and Gloom","Stack+1","Chaos","Steam","Buffer","Self Repair","Capacitor","Redo"],"relics":["Cracked Core","NeowsBlessing","Golden Idol","War Paint","Blood Vial","The Courier","Meat on the Bone","Tiny Chest","Sundial"],"potions_floor_usage":[6,9],"damage_taken":[{"damage":0,"enemies":"Jaw Worm","floor":1,"turns":1},{"damage":0,"enemies":"2 Louse","floor":3,"turns":1},{"damage":0,"enemies":"Small Slimes","floor":4,"turns":1},{"damage":14,"enemies":"Blue Slaver","floor":5,"turns":4},{"damage":25,"enemies":"Gremlin Nob","floor":6,"turns":4},{"damage":25,"enemies":"3 Sentries","floor":8,"turns":6},{"damage":16,"enemies":"Gremlin Nob","floor":10,"turns":5},{"damage":0,"enemies":"Large Slime","floor":11,"turns":6},{"damage":36,"enemies":"3 Sentries","floor":13,"turns":8},{"damage":62,"enemies":"Hexaghost","floor":16,"turns":9}],"seed_played":"7076717603035889943","potions_obtained":[{"floor":5,"key":"Poison Potion"},{"floor":6,"key":"Strength Potion"},{"floor":8,"key":"Fruit Juice"}],"is_trial":false,"path_per_floor":["M","?","M","M","M","E","R","E","T","E","M","R","E","T","R","B"],"character_chosen":"DEFECT","items_purchased":[],"campfire_rested":3,"item_purchase_floors":[],"current_hp_per_floor":[68,68,68,68,54,29,49,24,29,15,36,58,43,43,65,5],"gold":384,"neow_bonus":"THREE_ENEMY_KILL","is_prod":false,"is_daily":false,"chose_seed":false,"campfire_upgraded":0,"win_rate":0,"timestamp":1550992850,"path_taken":["M","?","M","M","M","E","R","E","T","E","M","R","E","?","R","BOSS"],"build_version":"2019-01-23","purchased_purges":0,"victory":false,"max_hp_per_floor":[75,69,69,69,69,69,69,69,74,74,74,74,74,74,74,74],"card_choices":[{"not_picked":["Leap","Redo"],"picked":"Doom and Gloom","floor":1},{"not_picked":["Beam Cell","Glacier"],"picked":"Doom and Gloom","floor":3},{"not_picked":["Recycle","BootSequence"],"picked":"Stack","floor":4},{"not_picked":["Barrage","Turbo"],"picked":"Chaos","floor":5},{"not_picked":["Turbo","Blizzard"],"picked":"Steam","floor":6},{"not_picked":["Reinforced Body","Compile Driver"],"picked":"Buffer","floor":8},{"not_picked":["Redo","Doom and Gloom"],"picked":"Self Repair","floor":10},{"not_picked":["Cold Snap","Compile Driver"],"picked":"Capacitor","floor":11},{"not_picked":["Biased Cognition","Leap"],"picked":"Redo","floor":13}],"player_experience":550271,"relics_obtained":[{"floor":6,"key":"War Paint"},{"floor":8,"key":"Blood Vial"},{"floor":9,"key":"The Courier"},{"floor":10,"key":"Meat on the Bone"},{"floor":13,"key":"Tiny Chest"},{"floor":14,"key":"Sundial"}],"event_choices":[{"damage_healed":0,"gold_gain":0,"player_choice":"Lose Max HP","damage_taken":0,"relics_obtained":["Golden Idol"],"max_hp_gain":0,"max_hp_loss":6,"event_name":"Golden Idol","floor":2,"gold_loss":0}],"is_beta":false,"boss_relics":[],"items_purged_floors":[],"is_endless":false,"potions_floor_spawned":[5,6,8],"killed_by":"Hexaghost","ascension_level":6}