{"gold_per_floor":[110,125,73,23,23,23,37,212,212,232,232,258,105,122,122,220,220,220],"floor_reached":18,"playtime":715,"items_purged":[],"score":160,"play_id":"9a35c948-7b2a-4cf5-a3b1-c3e4ae88e7a2","local_time":"20190316134024","is_ascension_mode":false,"campfire_choices":[{"data":"Neutralize","floor":6,"key":"SMITH"},{"data":"Adrenaline","floor":15,"key":"SMITH"}],"neow_cost":"NONE","seed_source_timestamp":154985592983562,"circlet_count":0,"master_deck":["Defend_G","Defend_G","Defend_G","Defend_G","Strike_G","Strike_G","Strike_G","Strike_G","Strike_G","Survivor","Neutralize+1","PiercingWail","PiercingWail","Doubt","Finisher+1","Regret","Flying Knee+1","Adrenaline+1","Bullet Time","Adrenaline"],"relics":["Ring of the Snake","NeowsBlessing","Molten Egg 2","Blue Candle","Bronze Scales","Philosopher\u0027s Stone"],"potions_floor_usage":[10,10,12,16,16],"damage_taken":[{"damage":0,"enemies":"Jaw Worm","floor":1,"turns":1},{"damage":0,"enemies":"Small Slimes","floor":2,"turns":1},{"damage":0,"enemies":"Cultist","floor":7,"turns":1},{"damage":7,"enemies":"Large Slime","floor":10,"turns":6},{"damage":20,"enemies":"Gremlin Nob","floor":12,"turns":5},{"damage":2,"enemies":"Exordium Thugs","floor":14,"turns":4},{"damage":24,"enemies":"Hexaghost","floor":16,"turns":11},{"damage":0,"enemies":"3 Byrds","floor":18,"turns":1}],"seed_played":"1732830940977669429","potions_obtained":[{"floor":7,"key":"Fire Potion"},{"floor":10,"key":"Poison Potion"},{"floor":12,"key":"Fire Potion"},{"floor":14,"key":"PowerPotion"}],"is_trial":false,"path_per_floor":["M","M","$","?","$","R","M","?","T","M","?","E","$","M","R","B",null,"M"],"character_chosen":"THE_SILENT","items_purchased":["SteroidPotion","Adrenaline"],"campfire_rested":0,"item_purchase_floors":[3,13],"current_hp_per_floor":[70,70,70,70,70,70,70,70,70,63,63,43,43,41,41,17,70,70],"gold":220,"neow_bonus":"THREE_ENEMY_KILL","is_prod":false,"is_daily":false,"chose_seed":false,"campfire_upgraded":2,"win_rate":0,"timestamp":1552768824,"path_taken":["M","M","$","?","$","R","M","?","T","M","?","E","?","?","R","BOSS","M"],"build_version":"2019-01-23","purchased_purges":0,"victory":false,"max_hp_per_floor":[70,70,70,70,70,70,70,70,70,70,70,70,70,70,70,70,70,70],"card_choices":[{"not_picked":["Choke","Flying Knee"],"picked":"PiercingWail","floor":1},{"not_picked":["Finisher","Distraction"],"picked":"PiercingWail","floor":2},{"not_picked":["Crippling Poison","Sucker Punch","Quick Slash"],"picked":"SKIP","floor":7},{"not_picked":["Bouncing Flask","Masterful Stab+1"],"picked":"Finisher+1","floor":10},{"not_picked":["Accuracy","Dodge and Roll"],"picked":"Flying Knee+1","floor":12},{"not_picked":["Distraction","Accuracy"],"picked":"Bullet Time","floor":14},{"not_picked":["Malaise","Storm of Steel"],"picked":"Adrenaline","floor":16}],"player_experience":196814,"relics_obtained":[{"floor":9,"key":"Molten Egg 2"},{"floor":12,"key":"Bronze Scales"}],"event_choices":[{"cards_removed":["Defend_G"],"damage_healed":0,"gold_gain":0,"player_choice":"Card Removal","damage_taken":0,"max_hp_gain":0,"max_hp_loss":0,"event_name":"The Cleric","floor":4,"gold_loss":50},{"damage_healed":0,"gold_gain":175,"player_choice":"AGREE","damage_taken":0,"max_hp_gain":0,"max_hp_loss":0,"event_name":"Liars Game","floor":8,"gold_loss":0,"cards_obtained":["Doubt"]},{"damage_healed":0,"gold_gain":0,"player_choice":"Box","damage_taken":0,"relics_obtained":["Blue Candle"],"max_hp_gain":0,"max_hp_loss":0,"event_name":"Big Fish","floor":11,"gold_loss":0,"cards_obtained":["Regret"]}],"is_beta":false,"boss_relics":[{"not_picked":["Runic Pyramid","Pandora\u0027s Box"],"picked":"Philosopher\u0027s Stone"}],"items_purged_floors":[],"is_endless":false,"potions_floor_spawned":[7,10,12,14],"killed_by":"3 Byrds","ascension_level":0}