{"gold_per_floor":[113,128,303,303,303,303,253,268,320,395,415,441,455,18,18,113,113,130,130,149,49,49,49,49,49,49,66,83,111,111,128,128,229,229,229],"floor_reached":35,"playtime":1685,"items_purged":["Evolve","Defend_R"],"score":438,"play_id":"b7ee9c54-d217-4068-9eea-55462cac4f3d","local_time":"20181017103832","is_ascension_mode":true,"campfire_choices":[{"data":"Bash","floor":6,"key":"SMITH"},{"floor":15,"key":"REST"},{"floor":23,"key":"REST"},{"floor":25,"key":"REST"},{"floor":30,"key":"REST"},{"data":"Mayhem","floor":32,"key":"SMITH"}],"neow_cost":"","seed_source_timestamp":412265287811200,"circlet_count":0,"master_deck":["Defend_R","Defend_R","Defend_R","Bash+1","Battle Trance","Anger+1","Burning Pact","Twin Strike","Headbutt","Battle Trance","Inflame","Mayhem+1","Offering","Clash","Fire Breathing+1","Bite","Bite","Bite","Bite","Bite","Flex","Anger","Demon Form","Parasite","Parasite","Injury"],"relics":["Burning Blood","Anchor","Mummified Hand","White Beast Statue","Regal Pillow","Mercury Hourglass","Vajra","Calling Bell","Blood Vial","Matryoshka","Ginger"],"potions_floor_usage":[12,27,28,29,33,33,33],"damage_taken":[{"damage":18,"enemies":"Small Slimes","floor":1,"turns":4},{"damage":9,"enemies":"Jaw Worm","floor":2,"turns":4},{"damage":6,"enemies":"2 Louse","floor":8,"turns":3},{"damage":10,"enemies":"2 Fungi Beasts","floor":11,"turns":4},{"damage":16,"enemies":"Gremlin Nob","floor":12,"turns":3},{"damage":4,"enemies":"Red Slaver","floor":13,"turns":5},{"damage":55,"enemies":"The Guardian","floor":16,"turns":6},{"damage":31,"enemies":"Shell Parasite","floor":18,"turns":4},{"damage":42,"enemies":"2 Thieves","floor":20,"turns":4},{"damage":15,"enemies":"Centurion and Healer","floor":27,"turns":3},{"damage":9,"enemies":"Cultist and Chosen","floor":28,"turns":4},{"damage":40,"enemies":"Book of Stabbing","floor":29,"turns":4},{"damage":6,"enemies":"Shelled Parasite and Fungi","floor":31,"turns":2},{"damage":33,"enemies":"Automaton","floor":33,"turns":6},{"damage":25,"enemies":"3 Darklings","floor":35,"turns":2}],"seed_played":"-7809006911799249702","potions_obtained":[{"floor":2,"key":"Weak Potion"},{"floor":8,"key":"Strength Potion"},{"floor":16,"key":"FairyPotion"},{"floor":18,"key":"FearPotion"},{"floor":20,"key":"AttackPotion"},{"floor":27,"key":"PowerPotion"},{"floor":28,"key":"SkillPotion"},{"floor":29,"key":"Explosive Potion"},{"floor":31,"key":"GamblersBrew"},{"floor":33,"key":"Energy Potion"}],"is_trial":false,"path_per_floor":["M","M","?","?","?","R","?","M","T","?","M","E","M","$","R","B",null,"M","?","M","$","?","R","?","R","T","M","M","E","R","M","R","B",null],"character_chosen":"IRONCLAD","items_purchased":["Battle Trance","Inflame","Mayhem"],"campfire_rested":4,"item_purchase_floors":[14,14,14],"current_hp_per_floor":[68,65,65,65,65,65,65,65,65,57,53,43,45,45,69,20,80,55,55,19,19,19,35,35,56,56,53,56,28,56,56,56,43,56,31],"gold":229,"neow_bonus":"","is_prod":false,"is_daily":false,"chose_seed":false,"campfire_upgraded":2,"win_rate":0,"timestamp":1539790712,"path_taken":["M","M","?","?","?","R","?","M","T","?","M","E","?","$","R","BOSS","M","?","M","$","?","R","?","R","T","M","M","E","R","M","R","BOSS","M"],"build_version":"2018-10-11","purchased_purges":2,"victory":false,"max_hp_per_floor":[80,80,80,80,80,80,80,80,80,80,80,80,80,80,80,80,80,80,80,80,80,56,56,56,56,56,56,56,56,56,56,56,56,56,56],"card_choices":[{"not_picked":["Perfected Strike","Sword Boomerang"],"picked":"Battle Trance","floor":1},{"not_picked":["Wild Strike","Ghostly Armor"],"picked":"Anger","floor":2},{"not_picked":["Warcry","True Grit"],"picked":"Evolve","floor":8},{"not_picked":["Twin Strike","Blood for Blood"],"picked":"Burning Pact","floor":11},{"not_picked":["Disarm","Havoc"],"picked":"Twin Strike","floor":12},{"not_picked":["Corruption","Metallicize"],"picked":"Headbutt","floor":13},{"not_picked":["Limit Break","Double Tap"],"picked":"Offering","floor":16},{"not_picked":["Hemokinesis","Iron Wave+1"],"picked":"Clash","floor":18},{"not_picked":["Clothesline+1","Intimidate"],"picked":"Fire Breathing+1","floor":20},{"not_picked":["Armaments","Wild Strike"],"picked":"Flex","floor":27},{"not_picked":["Shrug It Off","Wild Strike","Evolve"],"picked":"SKIP","floor":28},{"not_picked":["Body Slam","Intimidate","Shrug It Off"],"picked":"SKIP","floor":29},{"not_picked":["Hemokinesis","Sword Boomerang"],"picked":"Anger","floor":31},{"not_picked":["Double Tap","Dark Embrace"],"picked":"Demon Form","floor":33}],"player_experience":95673,"relics_obtained":[{"floor":9,"key":"Anchor"},{"floor":12,"key":"Mummified Hand"},{"floor":26,"key":"Mercury Hourglass"},{"floor":29,"key":"Vajra"},{"floor":34,"key":"Blood Vial"},{"floor":34,"key":"Matryoshka"},{"floor":34,"key":"Ginger"}],"event_choices":[{"event_name":"Liars Game","player_choice":"agreed","floor":3,"damage_taken":0},{"event_name":"Living Wall","player_choice":"Forget","floor":4,"damage_taken":0},{"event_name":"Accursed Blacksmith","player_choice":"Forge","floor":5,"damage_taken":0},{"event_name":"The Cleric","player_choice":"Card Removal","floor":7,"damage_taken":0},{"event_name":"FaceTrader","player_choice":"Touch","floor":10,"damage_taken":0},{"event_name":"Back to Basics","player_choice":"Elegance","floor":19,"damage_taken":0},{"event_name":"Vampires","player_choice":"Became a vampire","floor":22,"damage_taken":0},{"event_name":"WeMeetAgain","player_choice":"Potion","floor":24,"damage_taken":0}],"is_beta":false,"boss_relics":[{"not_picked":["Cursed Key","Sozu"],"picked":"White Beast Statue"},{"not_picked":["Runic Dome","Mark of Pain"],"picked":"Calling Bell"}],"items_purged_floors":[14,21],"is_endless":false,"potions_floor_spawned":[2,8,16,18,20,27,28,29,31,33],"killed_by":"3 Darklings","ascension_level":2}