{"gold_per_floor":[115,67,242,242,317,317,351,351,351,371,388,416,435,453,453,555,555,568,568,568,584,10,10],"floor_reached":23,"playtime":1246,"items_purged":["Defend_G"],"score":209,"play_id":"d5358bb0-3228-47cd-b3f3-5acbffd251e9","local_time":"20181024020427","is_ascension_mode":true,"campfire_choices":[{"data":"Dagger Spray","floor":6.0,"key":"SMITH"},{"data":"Neutralize","floor":8.0,"key":"SMITH"},{"data":"All Out Attack","floor":15.0,"key":"SMITH"}],"neow_cost":"NONE","seed_source_timestamp":0,"circlet_count":0,"master_deck":["Defend_G","Defend_G","Defend_G","Defend_G+1","Strike_G","Strike_G","Strike_G","Strike_G","Strike_G","Survivor","Neutralize+1","All Out Attack+1","Dagger Spray+1","Doppelganger","Dagger Throw","Deadly Poison","Deadly Poison","Acrobatics+1","Dagger Spray","Tools of the Trade","Acrobatics","Noxious Fumes","Blur+1"],"special_seed":0,"relics":["Ring of the Snake","Potion Belt","Meat on the Bone","Busted Crown","Nloth\u0027s Gift","Lantern","War Paint","Frozen Eye"],"potions_floor_usage":[],"damage_taken":[{"damage":2.0,"enemies":"Small Slimes","floor":1.0,"turns":4.0},{"damage":11.0,"enemies":"Lagavulin","floor":7.0,"turns":7.0},{"damage":3.0,"enemies":"Jaw Worm","floor":10.0,"turns":4.0},{"damage":1.0,"enemies":"2 Louse","floor":11.0,"turns":2.0},{"damage":13.0,"enemies":"3 Sentries","floor":12.0,"turns":5.0},{"damage":0.0,"enemies":"Exordium Wildlife","floor":13.0,"turns":2.0},{"damage":13.0,"enemies":"Red Slaver","floor":14.0,"turns":3.0},{"damage":18.0,"enemies":"Hexaghost","floor":16.0,"turns":10.0},{"damage":4.0,"enemies":"3 Byrds","floor":18.0,"turns":4.0},{"damage":37.0,"enemies":"2 Thieves","floor":21.0,"turns":4.0},{"damage":43,"enemies":"Book of Stabbing","floor":23,"turns":8}],"seed_played":"6965400186912179842","potions_obtained":[{"floor":0.0,"key":"Dexterity Potion"},{"floor":0.0,"key":"LiquidBronze"},{"floor":0.0,"key":"Poison Potion"},{"floor":7.0,"key":"FearPotion"},{"floor":12.0,"key":"Fire Potion"},{"floor":13.0,"key":"Ancient Potion"},{"floor":14.0,"key":"Dexterity Potion"}],"is_trial":false,"path_per_floor":["M","$","?","?","?","R","E","R","T","M","M","E","M","M","R","B",null,"M","?","?","M","$"],"character_chosen":"THE_SILENT","items_purchased":["Dagger Spray","Lantern","War Paint","Frozen Eye"],"campfire_rested":0,"item_purchase_floors":[2,22,22,22],"current_hp_per_floor":[68,68,68,68,61,61,50,50,50,47,46,45,45,44,44,38,70,66,66,66,41,41,0],"gold":10,"neow_bonus":"THREE_SMALL_POTIONS","is_prod":false,"is_daily":false,"chose_seed":false,"campfire_upgraded":3,"win_rate":0,"timestamp":1540364667,"path_taken":["M","$","?","?","?","R","E","R","T","M","M","E","M","M","R","BOSS","M","?","?","?","$","E"],"build_version":"2018-10-18","purchased_purges":1,"victory":false,"max_hp_per_floor":[70,70,70,70,70,70,70,70,70,70,70,70,70,70,70,70,70,70,70,70,70,70,70],"card_choices":[{"not_picked":["Bouncing Flask","Blade Dance"],"picked":"All Out Attack","floor":1.0},{"not_picked":["Prepared","Quick Slash"],"picked":"Doppelganger","floor":7.0},{"not_picked":["Terror","Quick Slash"],"picked":"Dagger Throw","floor":10.0},{"not_picked":["Deflect","Quick Slash"],"picked":"Deadly Poison","floor":11.0},{"not_picked":["Sucker Punch","Catalyst"],"picked":"Deadly Poison","floor":12.0},{"not_picked":["Outmaneuver","Endless Agony"],"picked":"Acrobatics","floor":13.0},{"not_picked":["Cloak And Dagger","Deflect"],"picked":"Dagger Spray","floor":14.0},{"not_picked":["Malaise","Bullet Time"],"picked":"Tools of the Trade","floor":16.0},{"not_picked":[],"picked":"Acrobatics","floor":18.0},{"not_picked":[],"picked":"Blur+1","floor":21.0}],"player_experience":174364,"relics_obtained":[{"floor":7.0,"key":"Potion Belt"},{"floor":9.0,"key":"Meat on the Bone"},{"floor":12.0,"key":"Du-Vu Doll"}],"event_choices":[{"damage_healed":0.0,"max_hp_gain":0.0,"max_hp_loss":0.0,"gold_gain":175.0,"event_name":"Liars Game","player_choice":"AGREE","floor":3.0,"gold_loss":0.0,"damage_taken":0.0,"cards_obtained":["Doubt"]},{"cards_removed":["Doubt"],"damage_healed":0.0,"max_hp_gain":0.0,"max_hp_loss":0.0,"gold_gain":0.0,"event_name":"Living Wall","player_choice":"Forget","floor":4.0,"gold_loss":0.0,"damage_taken":0.0},{"damage_healed":0.0,"max_hp_gain":0.0,"max_hp_loss":0.0,"gold_gain":75.0,"event_name":"FaceTrader","player_choice":"Touch","floor":5.0,"gold_loss":0.0,"damage_taken":7.0},{"damage_healed":0.0,"max_hp_gain":0.0,"max_hp_loss":0.0,"gold_gain":0.0,"event_name":"N\u0027loth","player_choice":"Traded Relic","floor":19.0,"relics_lost":["Du-Vu Doll"],"gold_loss":0.0,"damage_taken":0.0,"relics_obtained":["Nloth\u0027s Gift"]},{"damage_healed":0.0,"max_hp_gain":0.0,"max_hp_loss":0.0,"gold_gain":0.0,"event_name":"The Library","player_choice":"Read","floor":20.0,"gold_loss":0.0,"damage_taken":0.0,"cards_obtained":["Noxious Fumes"]}],"is_beta":false,"boss_relics":[{"not_picked":["Black Star","WristBlade"],"picked":"Busted Crown"}],"items_purged_floors":[22],"is_endless":false,"potions_floor_spawned":[7,12,13,14],"killed_by":"Book of Stabbing","ascension_level":1}