{"gold_per_floor":[16,16,16,91,91,124,124,2,26,42,42,54,72,90,90,185,185,199,17,17,36,55,55,55,65,65,65,65],"floor_reached":28,"playtime":1066,"items_purged":["Defend_R"],"score":218,"play_id":"08d3a998-79f0-4b51-b500-473f1dc71e1e","local_time":"20180923015321","is_ascension_mode":false,"campfire_choices":[{"floor":7,"key":"REST"},{"data":"Iron Wave","floor":11,"key":"SMITH"},{"floor":15,"key":"REST"},{"floor":23,"key":"REST"},{"data":"Limit Break","floor":27,"key":"SMITH"}],"neow_cost":"NO_GOLD","seed_source_timestamp":883624470647721,"circlet_count":0,"master_deck":["Strike_R","Strike_R","Strike_R","Strike_R","Defend_R","Defend_R","Defend_R","Bash","Iron Wave+1","Dropkick","Flex","Iron Wave","Clothesline","Armaments","Limit Break+1","Flex","Fire Breathing","Warcry+1"],"relics":["Black Blood","Bird Faced Urn","Du-Vu Doll","Orichalcum","Lantern","MutagenicStrength","Incense Burner","Pear"],"potions_floor_usage":[14,16,22,25,28],"damage_taken":[{"damage":10,"enemies":"Small Slimes","floor":1,"turns":4},{"damage":43,"enemies":"3 Sentries","floor":6,"turns":11},{"damage":0,"enemies":"2 Louse","floor":10,"turns":2},{"damage":7,"enemies":"Jaw Worm","floor":12,"turns":3},{"damage":3,"enemies":"Looter","floor":13,"turns":2},{"damage":24,"enemies":"Exordium Thugs","floor":14,"turns":5},{"damage":71,"enemies":"Hexaghost","floor":16,"turns":15},{"damage":26,"enemies":"Chosen","floor":18,"turns":7},{"damage":26,"enemies":"2 Thieves","floor":21,"turns":4},{"damage":43,"enemies":"Shelled Parasite and Fungi","floor":22,"turns":11},{"damage":11,"enemies":"Snecko","floor":25,"turns":5},{"damage":66,"enemies":"Masked Bandits","floor":28,"turns":5}],"seed_played":"-3986606792645892071","potions_obtained":[{"floor":10,"key":"Regen Potion"},{"floor":13,"key":"Regen Potion"},{"floor":16,"key":"Poison Potion"},{"floor":18,"key":"Energy Potion"},{"floor":22,"key":"Block Potion"}],"is_trial":false,"path_per_floor":["M","?","$","?","?","E","R","$","T","M","R","M","M","M","R","B",null,"M","$","?","M","M","R","?","M","T","R"],"character_chosen":"IRONCLAD","items_purchased":["Flex","Lantern","Flex"],"campfire_rested":3,"item_purchase_floors":[8,19,19],"current_hp_per_floor":[76,69,69,58,58,21,45,45,45,51,51,50,53,47,71,21,80,64,64,64,48,17,41,41,42,52,52,0],"gold":65,"neow_bonus":"ONE_RARE_RELIC","is_prod":false,"is_daily":false,"chose_seed":false,"campfire_upgraded":2,"win_rate":0.0,"timestamp":1537660401,"path_taken":["M","?","?","?","?","E","R","$","T","M","R","M","M","M","R","BOSS","M","$","?","M","M","R","?","M","T","R","?"],"build_version":"2018-09-20","purchased_purges":1,"victory":false,"max_hp_per_floor":[80,80,80,80,80,80,80,80,80,80,80,80,80,80,80,80,80,80,80,80,80,80,80,80,80,90,90,90],"card_choices":[{"not_picked":["Havoc","Rupture"],"picked":"Iron Wave","floor":1},{"not_picked":["Headbutt","Uppercut"],"picked":"Dropkick","floor":6},{"not_picked":["Burning Pact","True Grit"],"picked":"Iron Wave","floor":10},{"not_picked":["Burning Pact","Havoc"],"picked":"Clothesline","floor":12},{"not_picked":["Body Slam","Sever Soul"],"picked":"Armaments","floor":13},{"not_picked":["True Grit","Wild Strike","Clothesline"],"picked":"SKIP","floor":14},{"not_picked":["Barricade","Juggernaut"],"picked":"Limit Break","floor":16},{"not_picked":["Havoc+1","Wild Strike","Anger"],"picked":"SKIP","floor":18},{"not_picked":["Shockwave","Anger"],"picked":"Fire Breathing","floor":21},{"not_picked":["Evolve","Sword Boomerang","Anger"],"picked":"SKIP","floor":22},{"not_picked":["True Grit","Shrug It Off"],"picked":"Warcry+1","floor":25}],"player_experience":131277,"relics_obtained":[{"floor":6,"key":"Du-Vu Doll"},{"floor":9,"key":"Orichalcum"},{"floor":26,"key":"Pear"}],"event_choices":[{"event_name":"Golden Wing","player_choice":"Card Removal","floor":2,"damage_taken":0},{"event_name":"World of Goop","player_choice":"Gather Gold","floor":4,"damage_taken":0},{"event_name":"Liars Game","player_choice":"disagreed","floor":5,"damage_taken":0},{"event_name":"Drug Dealer","player_choice":"Inject Mutagens","floor":20,"damage_taken":0},{"event_name":"The Mausoleum","player_choice":"Yes","floor":24,"damage_taken":0},{"event_name":"Masked Bandits","player_choice":"Fought Bandits","floor":28,"damage_taken":0}],"is_beta":false,"boss_relics":[{"not_picked":["Tiny House","Orrery"],"picked":"Black Blood"}],"items_purged_floors":[8],"is_endless":false,"potions_floor_spawned":[10,13,16,18,22],"killed_by":"Masked Bandits","ascension_level":0}