{"path_per_floor":["M","M","M","?","$","E","R","E","T","?","?","R","?","E","R"],"character_chosen":"THE_SILENT","items_purchased":[],"gold_per_floor":[118,132,142,142,67,96,96,127,127,127,127,127,127,162,162],"floor_reached":16,"campfire_rested":0,"playtime":721,"current_hp_per_floor":[66,66,62,55,55,39,39,24,24,24,24,24,24,17,17],"items_purged":["Strike_G"],"gold":162,"score":128,"play_id":"6d9b402a-f1e2-4d2d-8171-71385395ffe2","local_time":"20180227235757","is_prod":false,"is_daily":false,"is_ascension_mode":true,"campfire_upgraded":3,"timestamp":1519804677,"path_taken":["M","M","M","?","$","E","R","E","T","?","?","R","?","E","R","BOSS"],"build_version":"2018-02-27-BETA1","purchased_purges":1,"victory":false,"master_deck":["Defend_G","Defend_G","Defend_G","Defend_G","Defend_G","Strike_G","Survivor","Neutralize+1","All Out Attack","Concentrate","Dash+1","Flying Knee","Noxious Fumes","Footwork+1","Leg Sweep+1"],"max_hp_per_floor":[70,70,70,70,70,70,70,70,70,70,70,70,70,70,70],"relics":["Philosopher\u0027s Stone","Orichalcum","Prayer Wheel","Torii","Bottled Flame"],"card_choices":[{"not_picked":["Poisoned Stab","Riddle With Holes"],"picked":"All Out Attack"},{"not_picked":["Prepared","Dagger Spray"],"picked":"Concentrate"},{"not_picked":["Caltrops","Backflip"],"picked":"Dash"},{"not_picked":["Setup","Dagger Throw"],"picked":"Flying Knee"},{"not_picked":["Masterful Stab","Poisoned Stab"],"picked":"Noxious Fumes"},{"not_picked":["Crippling Poison","Dagger Spray"],"picked":"Footwork"},{"not_picked":["Dodge and Roll","Noxious Fumes"],"picked":"Leg Sweep"}],"player_experience":121856,"potions_floor_usage":[6,16],"damage_taken":[{"damage":4,"enemies":"2 Louse","floor":1,"turns":3},{"damage":0,"enemies":"Small Slimes","floor":2,"turns":2},{"damage":4,"enemies":"Cultist","floor":3,"turns":4},{"damage":16,"enemies":"Gremlin Nob","floor":6,"turns":6},{"damage":15,"enemies":"3 Sentries","floor":8,"turns":7},{"damage":7,"enemies":"Lagavulin","floor":14,"turns":8},{"damage":27,"enemies":"Slime Boss","floor":16,"turns":9}],"event_choices":[{"event_name":"Golden Wing","player_choice":"Card Removal","floor":4,"damage_taken":0},{"event_name":"Bonfire Elementals","player_choice":"BASIC","floor":10,"damage_taken":0},{"event_name":"Upgrade Shrine","player_choice":"Upgraded","floor":11,"damage_taken":0},{"event_name":"Purifier","player_choice":"One Purge","floor":13,"damage_taken":0}],"boss_relics":[],"potions_floor_spawned":[3,14],"seed_played":"3370871524756806896","killed_by":"Slime Boss","ascension_level":2,"is_trial":false}