{"gold_per_floor":[110,110,12,28,41,41,17,46,71,71,221,51,86,106,106,182,182,170,170,200,227,241,241,156,156,156,167,167,167],"floor_reached":29,"playtime":1083,"items_purged":["Doubt"],"score":394,"play_id":"562bb4b2-3768-4e64-af56-cba3df04e730","local_time":"20190310153136","is_ascension_mode":true,"campfire_choices":[{"data":"Zap","floor":6.0,"key":"SMITH"},{"data":"Rainbow","floor":10.0,"key":"SMITH"},{"floor":15.0,"key":"REST"},{"data":"Buffer","floor":23.0,"key":"SMITH"},{"data":"Capacitor","floor":25.0,"key":"SMITH"}],"neow_cost":"NONE","seed_source_timestamp":291974787395016,"circlet_count":0,"master_deck":["AscendersBane","Strike_B","Strike_B","Strike_B","Strike_B","Defend_B","Defend_B","Defend_B","Defend_B","Zap+1","Dualcast","Leap","Finesse","Gash","Cold Snap","Rainbow+1","Capacitor+1","Coolheaded","FTL","Buffer+1","Cold Snap","Writhe","Coolheaded","Leap","Decay"],"special_seed":0,"relics":["Cracked Core","NeowsBlessing","Girya","Odd Mushroom","Anchor","Ornamental Fan","Inserter","Tiny Chest","DataDisk","Dodecahedron","Bag of Preparation"],"potions_floor_usage":[29],"damage_taken":[{"damage":0.0,"enemies":"Small Slimes","floor":1.0,"turns":1.0},{"damage":0.0,"enemies":"Cultist","floor":4.0,"turns":1.0},{"damage":0.0,"enemies":"Jaw Worm","floor":5.0,"turns":1.0},{"damage":2.0,"enemies":"The Mushroom Lair","floor":8.0,"turns":4.0},{"damage":16.0,"enemies":"3 Sentries","floor":13.0,"turns":8.0},{"damage":7.0,"enemies":"Looter","floor":14.0,"turns":3.0},{"damage":29.0,"enemies":"The Guardian","floor":16.0,"turns":14.0},{"damage":1.0,"enemies":"2 Thieves","floor":18.0,"turns":5.0},{"damage":13.0,"enemies":"3 Byrds","floor":22.0,"turns":5.0},{"damage":0,"enemies":"Cultist and Chosen","floor":27,"turns":7},{"damage":59,"enemies":"Gremlin Leader","floor":29,"turns":7}],"seed_played":"7417906859429571741","potions_obtained":[{"floor":1.0,"key":"GamblersBrew"},{"floor":4.0,"key":"LiquidBronze"},{"floor":14.0,"key":"Swift Potion"},{"floor":16.0,"key":"EssenceOfSteel"},{"floor":18.0,"key":"FocusPotion"},{"floor":27,"key":"AttackPotion"}],"is_trial":false,"path_per_floor":["M","?","$","M","M","R","$","?","T","R","?","$","E","M","R","B",null,"M","?","?","T","M","R","?","R","T","M","?","E"],"character_chosen":"DEFECT","items_purchased":["Finesse","Cold Snap","Capacitor","Coolheaded"],"campfire_rested":1,"item_purchase_floors":[3,7,12,12],"current_hp_per_floor":[64,64,64,64,64,64,64,62,62,62,62,62,46,39,60,31,61,60,60,60,60,47,47,47,47,47,47,47,0],"gold":167,"neow_bonus":"THREE_ENEMY_KILL","is_prod":false,"is_daily":false,"chose_seed":false,"campfire_upgraded":4,"win_rate":0,"timestamp":1552249896,"path_taken":["M","?","$","M","?","R","?","?","T","R","?","?","E","M","R","BOSS","M","?","?","?","M","R","?","R","T","?","?","E"],"build_version":"2019-01-23","purchased_purges":1,"victory":false,"max_hp_per_floor":[71,71,71,71,71,71,71,71,71,71,71,71,71,71,71,71,71,71,71,71,71,71,71,71,71,71,71,71,71],"card_choices":[{"not_picked":["Lockon","Fusion"],"picked":"Leap","floor":1.0},{"not_picked":["Beam Cell","Steam","Turbo"],"picked":"SKIP","floor":4.0},{"not_picked":["Go for the Eyes","Redo"],"picked":"Gash","floor":5.0},{"not_picked":["Rebound","Barrage"],"picked":"Rainbow","floor":8.0},{"not_picked":["Sweeping Beam","Double Energy"],"picked":"FTL","floor":13.0},{"not_picked":["Reprogram","Steam","Streamline"],"picked":"SKIP","floor":14.0},{"not_picked":["Meteor Strike","Rainbow"],"picked":"Buffer","floor":16.0},{"not_picked":["Turbo+1","Leap"],"picked":"Cold Snap","floor":18.0},{"not_picked":["Heatsinks","Hologram"],"picked":"Coolheaded","floor":22.0},{"not_picked":["Beam Cell","Heatsinks"],"picked":"Leap","floor":27}],"player_experience":675485,"relics_obtained":[{"floor":2.0,"key":"Girya"},{"floor":8.0,"key":"Odd Mushroom"},{"floor":9.0,"key":"Anchor"},{"floor":13.0,"key":"Ornamental Fan"},{"floor":21.0,"key":"DataDisk"},{"floor":26.0,"key":"Bag of Preparation"}],"event_choices":[{"damage_healed":0.0,"max_hp_gain":0.0,"max_hp_loss":0.0,"gold_gain":0.0,"event_name":"Wheel of Change","player_choice":"Relic","floor":2.0,"gold_loss":0.0,"damage_taken":0.0},{"damage_healed":0.0,"max_hp_gain":0.0,"max_hp_loss":0.0,"gold_gain":0.0,"event_name":"Mushrooms","player_choice":"Fought Mushrooms","floor":8.0,"gold_loss":0.0,"damage_taken":0.0},{"damage_healed":0.0,"max_hp_gain":0.0,"max_hp_loss":0.0,"gold_gain":150.0,"event_name":"Liars Game","player_choice":"AGREE","floor":11.0,"gold_loss":0.0,"damage_taken":0.0,"cards_obtained":["Doubt"]},{"damage_healed":0.0,"max_hp_gain":0.0,"max_hp_loss":0.0,"gold_gain":0.0,"event_name":"Cursed Tome","player_choice":"Ignored","floor":19.0,"gold_loss":0.0,"damage_taken":0.0},{"damage_healed":0.0,"max_hp_gain":0.0,"max_hp_loss":0.0,"gold_gain":0.0,"event_name":"The Mausoleum","player_choice":"Opened","floor":20.0,"gold_loss":0.0,"damage_taken":0.0,"relics_obtained":["Tiny Chest"],"cards_obtained":["Writhe"]},{"damage_healed":0.0,"max_hp_gain":0.0,"max_hp_loss":0.0,"gold_gain":0.0,"event_name":"Addict","player_choice":"Obtained Relic","floor":24.0,"gold_loss":85.0,"damage_taken":0.0,"relics_obtained":["Dodecahedron"]},{"damage_healed":0,"gold_gain":0,"player_choice":"Smashed Altar","damage_taken":0,"max_hp_gain":0,"max_hp_loss":0,"event_name":"Forgotten Altar","floor":28,"gold_loss":0,"cards_obtained":["Decay"]}],"is_beta":false,"boss_relics":[{"not_picked":["Black Star","Busted Crown"],"picked":"Inserter"}],"items_purged_floors":[12],"is_endless":false,"potions_floor_spawned":[1,4,14,16,18,27],"killed_by":"Gremlin Leader","ascension_level":16}