{"gold_per_floor":[114,64,79,99,114,114,389,389,413,443,443,460,471,489,489,590,590,605,256,231,231,99,99,116,116,116,116,132,148,148,167,167,266,266,282,282,282,0,15,15],"floor_reached":40,"playtime":3279,"items_purged":["Regret"],"score":415,"play_id":"0b7829e9-c6ea-4c17-81d5-9c40bfebd011","local_time":"20190410213211","is_ascension_mode":false,"campfire_choices":[{"data":"Rampage","floor":6.0,"key":"SMITH"},{"data":"Metallicize","floor":8.0,"key":"SMITH"},{"floor":11.0,"key":"REST"},{"data":"Uppercut","floor":15.0,"key":"SMITH"},{"floor":23,"key":"REST"},{"floor":32,"key":"REST"}],"neow_cost":"NONE","seed_source_timestamp":465396082266880,"circlet_count":0,"master_deck":["Strike_R","Strike_R","Strike_R","Strike_R","Defend_R","Defend_R","Defend_R","Defend_R","Bash","Rampage+1","Metallicize+1","Iron Wave","Uppercut+1","Infernal Blade","Spot Weakness","Thunderclap","Demon Form","Heavy Blade+1","Limit Break","Whirlwind","Inflame","Enlightenment","Hello World","Metallicize+1","Sweeping Beam","Dodge and Roll","Machine Learning","Thinking Ahead"],"special_seed":0,"relics":["Burning Blood","Bronze Scales","Potion Belt","White Beast Statue","PrismaticShard","MutagenicStrength","Shuriken","Runic Pyramid","Ginger","Red Mask"],"potions_floor_usage":[20,28,29,29,33,39,40,40,40],"damage_taken":[{"damage":2.0,"enemies":"Small Slimes","floor":1.0,"turns":4.0},{"damage":7.0,"enemies":"Jaw Worm","floor":3.0,"turns":5.0},{"damage":0.0,"enemies":"Cultist","floor":4.0,"turns":4.0},{"damage":4.0,"enemies":"Large Slime","floor":5.0,"turns":9.0},{"damage":33.0,"enemies":"Lagavulin","floor":10.0,"turns":8.0},{"damage":8.0,"enemies":"Exordium Thugs","floor":12.0,"turns":5.0},{"damage":9.0,"enemies":"Exordium Wildlife","floor":13.0,"turns":5.0},{"damage":7.0,"enemies":"Blue Slaver","floor":14.0,"turns":4.0},{"damage":75.0,"enemies":"Slime Boss","floor":16.0,"turns":18.0},{"damage":30,"enemies":"Chosen","floor":18,"turns":6},{"damage":29,"enemies":"2 Thieves","floor":20,"turns":5},{"damage":40,"enemies":"Centurion and Healer","floor":24,"turns":8},{"damage":18,"enemies":"Cultist and Chosen","floor":28,"turns":8},{"damage":19,"enemies":"3 Cultists","floor":29,"turns":6},{"damage":18,"enemies":"Centurion and Healer","floor":31,"turns":5},{"damage":15,"enemies":"Champ","floor":33,"turns":9},{"damage":64,"enemies":"3 Darklings","floor":35,"turns":8},{"damage":34,"enemies":"3 Shapes","floor":39,"turns":6},{"damage":21,"enemies":"Nemesis","floor":40,"turns":3}],"seed_played":"1082634438199742093","potions_obtained":[{"floor":1.0,"key":"Fruit Juice"},{"floor":3.0,"key":"Fire Potion"},{"floor":12.0,"key":"SpeedPotion"},{"floor":18,"key":"Explosive Potion"},{"floor":20,"key":"Weak Potion"},{"floor":24,"key":"Ancient Potion"},{"floor":28,"key":"FearPotion"},{"floor":29,"key":"Regen Potion"},{"floor":31,"key":"Swift Potion"},{"floor":33,"key":"FearPotion"},{"floor":35,"key":"Regen Potion"},{"floor":39,"key":"Block Potion"}],"is_trial":false,"path_per_floor":["M","?","M","M","M","R","?","R","T","E","R","M","M","M","R","B",null,"M","$","M","?","$","R","M","$","T","?","M","M","?","M","R","B",null,"M","?","T","?","M","E"],"character_chosen":"IRONCLAD","items_purchased":["Limit Break","PrismaticShard","Inflame","Enlightenment"],"campfire_rested":3,"item_purchase_floors":[19,19,22,22],"current_hp_per_floor":[93,93,92,93,93,93,93,93,93,66,93,91,88,87,87,18,93,69,69,46,46,46,73,39,39,39,39,27,14,45,33,60,66,93,35,35,35,35,21,0],"gold":15,"neow_bonus":"TEN_PERCENT_HP_BONUS","is_prod":false,"is_daily":false,"chose_seed":false,"campfire_upgraded":3,"win_rate":0.0,"timestamp":1554957131,"path_taken":["M","?","M","M","M","R","?","R","T","E","R","M","M","M","R","BOSS","M","?","M","?","$","R","M","$","T","?","?","M","?","M","R","BOSS","M","?","?","?","M","E"],"build_version":"2019-01-23","purchased_purges":1,"victory":false,"max_hp_per_floor":[93,93,93,93,93,93,93,93,93,93,93,93,93,93,93,93,93,93,93,93,93,93,93,93,93,93,93,93,93,93,93,93,93,93,93,93,93,93,93,93],"card_choices":[{"not_picked":["Uppercut","Armaments"],"picked":"Rampage","floor":1.0},{"not_picked":["Armaments","Pommel Strike"],"picked":"Metallicize","floor":3.0},{"not_picked":["Shrug It Off","Perfected Strike"],"picked":"Iron Wave","floor":4.0},{"not_picked":["Sword Boomerang","Flex"],"picked":"Uppercut","floor":5.0},{"not_picked":["Sword Boomerang","Perfected Strike"],"picked":"Infernal Blade","floor":10.0},{"not_picked":["Twin Strike","Clash"],"picked":"Spot Weakness","floor":12.0},{"not_picked":["Sword Boomerang","Berserk","Clothesline"],"picked":"SKIP","floor":13.0},{"not_picked":["Rupture","Body Slam"],"picked":"Thunderclap","floor":14.0},{"not_picked":["Brutality","Fiend Fire"],"picked":"Demon Form","floor":16.0},{"not_picked":["Perfected Strike","Iron Wave"],"picked":"Heavy Blade+1","floor":18},{"not_picked":["Anger","Blade Dance"],"picked":"Whirlwind","floor":20},{"not_picked":["Thunderclap","Quick Slash"],"picked":"Hello World","floor":24},{"not_picked":["Steam","Headbutt","Accuracy"],"picked":"SKIP","floor":28},{"not_picked":["Warcry+1","Bludgeon"],"picked":"Sweeping Beam","floor":29},{"not_picked":["Coolheaded","Cleave"],"picked":"Dodge and Roll","floor":31},{"not_picked":["Doppelganger","Reaper"],"picked":"Machine Learning","floor":33},{"not_picked":["PanicButton","Underhanded Strike","Sword Boomerang+1"],"picked":"SKIP","floor":35},{"not_picked":["Mayhem","Secret Weapon"],"picked":"Thinking Ahead","floor":36},{"not_picked":["Sweeping Beam","Poisoned Stab","Streamline"],"picked":"SKIP","floor":39}],"player_experience":29050,"relics_obtained":[{"floor":9.0,"key":"Bronze Scales"},{"floor":10.0,"key":"Potion Belt"},{"floor":26,"key":"Shuriken"},{"floor":37,"key":"Ginger"}],"event_choices":[{"cards_removed":["Strike_R"],"damage_healed":0.0,"max_hp_gain":0.0,"max_hp_loss":0.0,"gold_gain":0.0,"event_name":"The Cleric","player_choice":"Card Removal","floor":2.0,"gold_loss":50.0,"damage_taken":0.0},{"damage_healed":0.0,"max_hp_gain":0.0,"max_hp_loss":0.0,"gold_gain":275.0,"event_name":"Golden Shrine","player_choice":"Desecrate","floor":7.0,"gold_loss":0.0,"damage_taken":0.0,"cards_obtained":["Regret"]},{"damage_healed":0,"gold_gain":0,"player_choice":"Inject Mutagens","damage_taken":0,"relics_obtained":["MutagenicStrength"],"max_hp_gain":0,"max_hp_loss":0,"event_name":"Drug Dealer","floor":21,"gold_loss":0},{"damage_healed":0,"gold_gain":0,"player_choice":"Copied","damage_taken":0,"max_hp_gain":0,"max_hp_loss":0,"event_name":"Duplicator","floor":27,"gold_loss":0,"cards_obtained":["Metallicize"]},{"damage_healed":31,"gold_gain":0,"player_choice":"Heal","damage_taken":0,"max_hp_gain":0,"max_hp_loss":0,"event_name":"The Library","floor":30,"gold_loss":0},{"damage_healed":0,"gold_gain":0,"player_choice":"Memory 1","damage_taken":0,"max_hp_gain":0,"max_hp_loss":0,"event_name":"SensoryStone","floor":36,"gold_loss":0},{"damage_healed":0,"gold_gain":0,"player_choice":"Paid","damage_taken":0,"relics_obtained":["Red Mask"],"max_hp_gain":0,"max_hp_loss":0,"event_name":"Tomb of Lord Red Mask","floor":38,"gold_loss":282}],"is_beta":false,"boss_relics":[{"not_picked":["Black Blood","Tiny House"],"picked":"White Beast Statue"},{"not_picked":["Black Star","Philosopher\u0027s Stone"],"picked":"Runic Pyramid"}],"items_purged_floors":[19],"is_endless":false,"potions_floor_spawned":[1,3,12,18,20,24,28,29,31,33,35,39],"killed_by":"Nemesis","ascension_level":0}