{"gold_per_floor":[118,128,52,70,31,31,58,72,72,101,101,128,128,157,157,257,257,270,198,198,297,313,313,10,10,10,10,10,10,39,56,56,56],"floor_reached":33,"playtime":1590,"items_purged":[],"score":393,"play_id":"16572fff-ff9f-476c-87b4-6d1d0bce7301","local_time":"20181031214938","is_ascension_mode":true,"campfire_choices":[{"data":"White Noise","floor":6,"key":"SMITH"},{"floor":13,"key":"REST"},{"floor":15,"key":"REST"},{"floor":23,"key":"REST"},{"data":"Chaos","floor":25,"key":"SMITH"},{"data":"Loop","floor":27,"key":"SMITH"},{"data":"Storm","floor":29,"key":"SMITH"},{"floor":32,"key":"REST"}],"neow_cost":"NONE","seed_source_timestamp":242759431914465,"circlet_count":0,"master_deck":["Strike_B","Strike_B","Strike_B","Strike_B","Defend_B","Defend_B","Defend_B","Defend_B","Zap","Dualcast","Compile Driver","FTL","Storm+1","White Noise+1","Skim","Chaos+1","Coolheaded","Consume+1","Machine Learning","White Noise+1","Meteor Strike","Defragment","Loop+1","Necronomicurse","Doom and Gloom+1","Turbo+1","Recycle+1","Leap+1"],"relics":["Cracked Core","NeowsBlessing","Boot","Toxic Egg 2","FossilizedHelix","Sundial","Ancient Tea Set","Question Card","Inserter","Necronomicon","Symbiotic Virus","Matryoshka","Darkstone Periapt"],"potions_floor_usage":[7,7,10,18,30,30,33],"damage_taken":[{"damage":0,"enemies":"Cultist","floor":1,"turns":1},{"damage":0,"enemies":"Jaw Worm","floor":2,"turns":1},{"damage":0,"enemies":"2 Louse","floor":4,"turns":1},{"damage":0,"enemies":"Gremlin Nob","floor":7,"turns":3},{"damage":0,"enemies":"Exordium Wildlife","floor":8,"turns":4},{"damage":47,"enemies":"Lagavulin","floor":10,"turns":6},{"damage":20,"enemies":"3 Sentries","floor":12,"turns":6},{"damage":8,"enemies":"Gremlin Nob","floor":14,"turns":4},{"damage":8,"enemies":"The Guardian","floor":16,"turns":9},{"damage":6,"enemies":"Chosen","floor":18,"turns":4},{"damage":10,"enemies":"Shell Parasite","floor":22,"turns":6},{"damage":24,"enemies":"Slavers","floor":30,"turns":4},{"damage":26,"enemies":"Snake Plant","floor":31,"turns":4},{"damage":63,"enemies":"Automaton","floor":33,"turns":6}],"seed_played":"-5749856190790727383","potions_obtained":[{"floor":2,"key":"Fire Potion"},{"floor":4,"key":"LiquidBronze"},{"floor":8,"key":"LiquidBronze"},{"floor":14,"key":"Weak Potion"},{"floor":16,"key":"Fire Potion"},{"floor":22,"key":"Dexterity Potion"},{"floor":31,"key":"SpeedPotion"}],"is_trial":false,"path_per_floor":["M","M","$","M","$","R","E","M","T","E","T","E","R","E","R","B",null,"M","$","?","?","M","R","$","R","T","R","?","R","E","M","R"],"character_chosen":"DEFECT","items_purchased":["Storm","Skim","Loop","Turbo+1","Symbiotic Virus"],"campfire_rested":4,"item_purchase_floors":[3,5,19,24,24],"current_hp_per_floor":[75,75,75,75,75,75,75,75,75,28,28,8,30,22,44,36,65,59,59,43,43,33,55,55,55,55,55,55,55,31,5,27,0],"gold":56,"neow_bonus":"THREE_ENEMY_KILL","is_prod":false,"is_daily":false,"chose_seed":false,"campfire_upgraded":4,"win_rate":0,"timestamp":1541040578,"path_taken":["M","M","$","?","$","R","E","M","T","E","?","E","R","E","R","BOSS","M","$","?","?","M","R","$","R","T","R","?","R","E","M","R","BOSS"],"build_version":"2018-10-25v2","purchased_purges":0,"victory":false,"max_hp_per_floor":[75,75,75,75,75,75,75,75,75,75,75,75,75,75,75,75,75,75,75,75,75,75,75,75,75,75,75,75,75,75,75,75,75],"card_choices":[{"not_picked":["Consume","Steam"],"picked":"Compile Driver","floor":1},{"not_picked":["Go for the Eyes","Barrage"],"picked":"FTL","floor":2},{"not_picked":["Barrage","Leap"],"picked":"White Noise","floor":4},{"not_picked":["Stack","Go for the Eyes"],"picked":"Chaos","floor":7},{"not_picked":["Leap","Compile Driver"],"picked":"Coolheaded","floor":8},{"not_picked":["Scrape","Aggregate+1"],"picked":"Consume+1","floor":10},{"not_picked":["Hologram+1","Go for the Eyes"],"picked":"Machine Learning","floor":12},{"not_picked":["Genetic Algorithm+1","Skim+1"],"picked":"White Noise+1","floor":14},{"not_picked":["Core Surge","Thunder Strike","Reboot+1"],"picked":"Meteor Strike","floor":16},{"not_picked":["Ball Lightning","Cold Snap","Fusion+1"],"picked":"Defragment","floor":18},{"not_picked":["Gash","Steam Power+1","Rebound"],"picked":"Doom and Gloom+1","floor":22},{"not_picked":["Ball Lightning","Tempest+1","Hello World+1"],"picked":"Recycle+1","floor":30},{"not_picked":["Hello World","Auto Shields+1","Blizzard+1"],"picked":"Leap+1","floor":31}],"player_experience":248638,"relics_obtained":[{"floor":7,"key":"Boot"},{"floor":9,"key":"Toxic Egg 2"},{"floor":10,"key":"FossilizedHelix"},{"floor":11,"key":"Sundial"},{"floor":12,"key":"Ancient Tea Set"},{"floor":14,"key":"Question Card"},{"floor":20,"key":"Necronomicon"},{"floor":26,"key":"Matryoshka"},{"floor":30,"key":"Darkstone Periapt"}],"event_choices":[{"damage_healed":0,"gold_gain":0,"player_choice":"Obtained Book","damage_taken":16,"max_hp_gain":0,"max_hp_loss":0,"event_name":"Cursed Tome","floor":20,"gold_loss":0},{"damage_healed":0,"gold_gain":99,"player_choice":"Stole From Cult","damage_taken":0,"max_hp_gain":0,"max_hp_loss":0,"event_name":"Nest","floor":21,"gold_loss":0},{"damage_healed":0,"gold_gain":0,"player_choice":"Ignored","damage_taken":0,"max_hp_gain":0,"max_hp_loss":0,"event_name":"Beggar","floor":28,"gold_loss":0}],"is_beta":false,"boss_relics":[{"not_picked":["Lizard Tail","Cursed Key"],"picked":"Inserter"}],"items_purged_floors":[],"is_endless":false,"potions_floor_spawned":[2,4,8,14,16,22,31],"killed_by":"Automaton","ascension_level":5}