{"gold_per_floor":[111,59,59,59,74,101,115,115,115,146,146,159,175,193,193,288,288,305,2,19,32,32,32,58,58,58,70,82,82,114,124,124,225,225,237,253,253,0,100,132,145,145,226,245,260,295,313,30,30,30],"floor_reached":51,"playtime":6134,"items_purged":["Bash"],"score":848,"play_id":"43dedc9d-b305-485e-9f56-e26474ce12eb","local_time":"20190410205939","is_ascension_mode":true,"campfire_choices":[{"floor":8.0,"key":"REST"},{"floor":15.0,"key":"REST"},{"floor":23,"key":"REST"},{"floor":29,"key":"REST"},{"data":"Armaments","floor":32,"key":"SMITH"},{"floor":42,"key":"REST"},{"floor":49,"key":"REST"}],"neow_cost":"NONE","seed_source_timestamp":0,"circlet_count":0,"master_deck":["Strike_R+1","Strike_R+1","Strike_R","Strike_R+1","Strike_R","Defend_R","Defend_R","Defend_R","Defend_R+1","Shrug It Off","Clothesline","Warcry","Demon Form+1","Armaments+1","Warcry","Intimidate","Juggernaut","Inflame","Rampage","Shrug It Off","Inflame","Thunderclap+1","Body Slam+1","Pummel+1","Sword Boomerang+1","Impervious","Whirlwind+1","Rampage+1","Body Slam+1","Body Slam+1","Rage","Spot Weakness","Spot Weakness","Shockwave","Body Slam+1","Shrug It Off","Shrug It Off","Disarm"],"special_seed":0,"relics":["Burning Blood","Bronze Scales","The Courier","Champion Belt","Whetstone","Ancient Tea Set","Sozu","PreservedInsect","Vajra","Molten Egg 2","Bird Faced Urn","Dodecahedron","Runic Pyramid","Red Mask","Prayer Wheel","Shuriken","Bottled Lightning","Strawberry","DollysMirror"],"potions_floor_usage":[24,30,50],"damage_taken":[{"damage":1.0,"enemies":"Cultist","floor":1.0,"turns":4.0},{"damage":0.0,"enemies":"Small Slimes","floor":5.0,"turns":5.0},{"damage":34.0,"enemies":"Gremlin Nob","floor":6.0,"turns":5.0},{"damage":1.0,"enemies":"2 Louse","floor":7.0,"turns":3.0},{"damage":25.0,"enemies":"3 Sentries","floor":10.0,"turns":8.0},{"damage":12.0,"enemies":"Gremlin Gang","floor":12.0,"turns":4.0},{"damage":18.0,"enemies":"Exordium Thugs","floor":13.0,"turns":8.0},{"damage":3.0,"enemies":"Red Slaver","floor":14.0,"turns":4.0},{"damage":42.0,"enemies":"Hexaghost","floor":16.0,"turns":10.0},{"damage":7.0,"enemies":"Shell Parasite","floor":18.0,"turns":5.0},{"damage":22,"enemies":"2 Thieves","floor":20,"turns":5},{"damage":17,"enemies":"Chosen and Byrds","floor":21,"turns":7},{"damage":23,"enemies":"Slavers","floor":24,"turns":5},{"damage":22,"enemies":"Shelled Parasite and Fungi","floor":27,"turns":6},{"damage":24,"enemies":"3 Cultists","floor":28,"turns":5},{"damage":0,"enemies":"Gremlin Leader","floor":30,"turns":4},{"damage":16,"enemies":"Centurion and Healer","floor":31,"turns":6},{"damage":48,"enemies":"Champ","floor":33,"turns":10},{"damage":9,"enemies":"Orb Walker","floor":35,"turns":3},{"damage":28,"enemies":"3 Shapes","floor":36,"turns":5},{"damage":8,"enemies":"Mind Bloom Boss Battle","floor":39,"turns":7},{"damage":14,"enemies":"Reptomancer","floor":40,"turns":5},{"damage":33,"enemies":"Spire Growth","floor":41,"turns":5},{"damage":12,"enemies":"Writhing Mass","floor":44,"turns":4},{"damage":5,"enemies":"3 Darklings","floor":45,"turns":4},{"damage":12,"enemies":"Giant Head","floor":46,"turns":6},{"damage":13,"enemies":"Spire Growth","floor":47,"turns":4},{"damage":66,"enemies":"Time Eater","floor":50,"turns":9}],"seed_played":"-1022582904263067786","potions_obtained":[{"floor":1.0,"key":"Regen Potion"},{"floor":12.0,"key":"Fire Potion"},{"floor":14.0,"key":"FearPotion"},{"floor":16.0,"key":"Block Potion"}],"is_trial":false,"path_per_floor":["M","$","T","?","M","E","M","R","T","E","?","M","M","M","R","B",null,"M","$","M","M","?","R","E","$","T","M","M","R","E","M","R","B",null,"M","M","?","?","?","E","M","R","T","M","M","E","M","$","R","B",null],"character_chosen":"IRONCLAD","items_purchased":["Shrug It Off","PreservedInsect","Vajra","Rampage","DollysMirror","Disarm"],"campfire_rested":6,"item_purchase_floors":[2,19,19,19,48,48],"current_hp_per_floor":[80,80,80,64,70,42,47,71,71,66,66,60,48,51,75,39,80,79,79,63,52,52,76,59,59,59,51,39,63,75,69,69,35,80,77,59,59,59,65,61,36,60,60,58,61,66,61,61,87,31],"gold":30,"neow_bonus":"RANDOM_COMMON_RELIC","is_prod":false,"is_daily":false,"chose_seed":false,"campfire_upgraded":1,"win_rate":0,"timestamp":1554944379,"path_taken":["M","$","?","?","M","E","M","R","T","E","?","?","M","M","R","BOSS","M","$","M","M","?","R","E","?","T","M","?","R","E","M","R","BOSS","M","M","?","?","?","E","M","R","T","?","M","E","M","$","R","BOSS"],"build_version":"2019-01-23","purchased_purges":1,"victory":true,"max_hp_per_floor":[80,80,80,80,80,80,80,80,80,80,80,80,80,80,80,80,80,80,80,80,80,80,80,80,80,80,80,80,80,80,80,80,80,80,80,80,80,80,80,80,80,80,80,80,80,87,87,87,87,87],"card_choices":[{"not_picked":["Whirlwind","Twin Strike"],"picked":"Battle Trance","floor":1.0},{"not_picked":["Pummel","Clash","Sword Boomerang"],"picked":"SKIP","floor":5.0},{"not_picked":["Pommel Strike","Perfected Strike"],"picked":"Clothesline","floor":6.0},{"not_picked":["Clash","Iron Wave"],"picked":"Warcry","floor":7.0},{"not_picked":["Sever Soul","Warcry"],"picked":"Demon Form","floor":10.0},{"not_picked":["Perfected Strike","Spot Weakness"],"picked":"Armaments","floor":12.0},{"not_picked":["Body Slam","Combust"],"picked":"Warcry","floor":13.0},{"not_picked":["Whirlwind","Dropkick"],"picked":"Intimidate","floor":14.0},{"not_picked":["Reaper","Immolate"],"picked":"Juggernaut","floor":16.0},{"not_picked":["Havoc","Feel No Pain"],"picked":"Inflame","floor":18},{"not_picked":["Iron Wave","Havoc"],"picked":"Shrug It Off","floor":20},{"not_picked":["Wild Strike","Warcry"],"picked":"Inflame","floor":21},{"not_picked":["Armaments","Headbutt","Feed"],"picked":"SKIP","floor":24},{"not_picked":["Second Wind+1","Armaments+1"],"picked":"Thunderclap+1","floor":27},{"not_picked":["Clothesline+1","Power Through"],"picked":"Body Slam+1","floor":28},{"not_picked":["Warcry","Dropkick+1"],"picked":"Pummel+1","floor":30},{"not_picked":["Body Slam+1","Shrug It Off"],"picked":"Sword Boomerang+1","floor":31},{"not_picked":["Offering","Dark Embrace"],"picked":"Impervious","floor":33},{"not_picked":["Cleave+1","Sword Boomerang+1"],"picked":"Whirlwind+1","floor":35},{"not_picked":["Clothesline+1","Headbutt+1"],"picked":"Rampage+1","floor":36},{"not_picked":["Dual Wield","Carnage+1"],"picked":"Body Slam+1","floor":40},{"not_picked":["Armaments","Thunderclap+1"],"picked":"Body Slam+1","floor":41},{"not_picked":["Headbutt+1","Fire Breathing"],"picked":"Rage","floor":41},{"not_picked":["Feed+1","Flex+1"],"picked":"Spot Weakness","floor":44},{"not_picked":["Sword Boomerang+1","Shrug It Off","Armaments+1"],"picked":"SKIP","floor":44},{"not_picked":["Cleave+1","Reckless Charge+1"],"picked":"Spot Weakness","floor":45},{"not_picked":["Bloodletting+1","Twin Strike+1"],"picked":"Shockwave","floor":45},{"not_picked":["Seeing Red","Dropkick+1"],"picked":"Body Slam+1","floor":46},{"not_picked":["Pommel Strike+1","Spot Weakness"],"picked":"Shrug It Off","floor":47},{"not_picked":["Dual Wield","Havoc+1","Power Through+1"],"picked":"SKIP","floor":47},{"not_picked":["Dual Wield","Havoc+1","Power Through+1"],"picked":"SKIP","floor":47}],"player_experience":112186,"relics_obtained":[{"floor":3.0,"key":"The Courier"},{"floor":6.0,"key":"Champion Belt"},{"floor":9.0,"key":"Whetstone"},{"floor":10.0,"key":"Ancient Tea Set"},{"floor":24,"key":"Molten Egg 2"},{"floor":26,"key":"Bird Faced Urn"},{"floor":30,"key":"Dodecahedron"},{"floor":39,"key":"Prayer Wheel"},{"floor":40,"key":"Shuriken"},{"floor":43,"key":"Bottled Lightning"},{"floor":46,"key":"Strawberry"}],"event_choices":[{"damage_healed":0.0,"max_hp_gain":0.0,"max_hp_loss":0.0,"gold_gain":0.0,"event_name":"Shining Light","player_choice":"Entered Light","floor":4.0,"gold_loss":0.0,"damage_taken":16.0,"cards_upgraded":["Defend_R","Strike_R"]},{"damage_healed":0.0,"max_hp_gain":0.0,"max_hp_loss":0.0,"gold_gain":0.0,"event_name":"Accursed Blacksmith","player_choice":"Forge","floor":11.0,"gold_loss":0.0,"damage_taken":0.0,"cards_upgraded":["Demon Form"]},{"damage_healed":0,"gold_gain":0,"player_choice":"Ignored","damage_taken":0,"max_hp_gain":0,"max_hp_loss":0,"event_name":"The Mausoleum","floor":22,"gold_loss":0},{"cards_removed":["Battle Trance"],"damage_healed":0,"gold_gain":0,"player_choice":"Removed Skill","damage_taken":0,"max_hp_gain":0,"max_hp_loss":0,"event_name":"Falling","floor":37,"gold_loss":0},{"damage_healed":0,"gold_gain":0,"player_choice":"Paid","damage_taken":0,"relics_obtained":["Red Mask"],"max_hp_gain":0,"max_hp_loss":0,"event_name":"Tomb of Lord Red Mask","floor":38,"gold_loss":253},{"damage_healed":0,"gold_gain":0,"player_choice":"Fight","damage_taken":0,"max_hp_gain":0,"max_hp_loss":0,"event_name":"MindBloom","floor":39,"gold_loss":0}],"is_beta":false,"boss_relics":[{"not_picked":["Calling Bell","Black Star"],"picked":"Sozu"},{"not_picked":["Cursed Key","Snecko Eye"],"picked":"Runic Pyramid"}],"items_purged_floors":[48],"is_endless":false,"potions_floor_spawned":[1,12,14,16,24,27,33,35,40,41,44,46],"ascension_level":1}