{"gold_per_floor":[116,127,147,161,68,68,83,158,158,172,172,172,184,194,194,289,289,304,304,322,46,46],"floor_reached":22,"playtime":1173,"items_purged":["Strike_R"],"score":230,"play_id":"ffed4aac-4c20-46a5-8847-991079799e15","local_time":"20181127224829","is_ascension_mode":false,"campfire_choices":[{"data":"True Grit","floor":6,"key":"SMITH"},{"floor":12,"key":"REST"},{"floor":15,"key":"REST"}],"neow_cost":"NONE","seed_source_timestamp":944771861310531,"circlet_count":0,"master_deck":["Strike_R","Strike_R","Strike_R","Defend_R","Defend_R","Defend_R","Defend_R","Bash","Dark Embrace","Rage","Havoc","Feel No Pain","Thunderclap","Corruption","True Grit+1","Body Slam","Ghostly Armor","Pommel Strike","Corruption","Feed","Thunderclap","Havoc","Shrug It Off"],"relics":["Burning Blood","Dead Branch","Runic Pyramid","Bottled Tornado","Red Skull"],"potions_floor_usage":[16,20],"damage_taken":[{"damage":6,"enemies":"Cultist","floor":1,"turns":3},{"damage":5,"enemies":"Jaw Worm","floor":2,"turns":3},{"damage":0,"enemies":"2 Louse","floor":3,"turns":4},{"damage":8,"enemies":"Red Slaver","floor":4,"turns":5},{"damage":12,"enemies":"Lots of Slimes","floor":7,"turns":5},{"damage":52,"enemies":"Exordium Thugs","floor":10,"turns":7},{"damage":18,"enemies":"Gremlin Gang","floor":13,"turns":3},{"damage":0,"enemies":"Lots of Slimes","floor":14,"turns":5},{"damage":20,"enemies":"Slime Boss","floor":16,"turns":6},{"damage":63,"enemies":"Spheric Guardian","floor":18,"turns":8},{"damage":15,"enemies":"Shell Parasite","floor":20,"turns":7},{"damage":15,"enemies":"Snecko","floor":22,"turns":3}],"seed_played":"2318214540776013543","potions_obtained":[{"floor":3,"key":"SkillPotion"},{"floor":10,"key":"Block Potion"},{"floor":13,"key":"SteroidPotion"},{"floor":20,"key":"Poison Potion"}],"is_trial":false,"path_per_floor":["M","M","M","M","$","R","M","?","T","M","?","R","M","M","R","B",null,"M","T","M","$","M"],"character_chosen":"IRONCLAD","items_purchased":["Corruption","True Grit","Red Skull","Shrug It Off"],"campfire_rested":2,"item_purchase_floors":[5,5,21,21],"current_hp_per_floor":[80,80,80,78,78,78,72,61,61,15,15,39,27,33,57,43,80,23,23,14,14,0],"gold":46,"neow_bonus":"TRANSFORM_CARD","is_prod":false,"is_daily":false,"chose_seed":false,"campfire_upgraded":1,"win_rate":0.0,"timestamp":1543380509,"path_taken":["M","?","?","M","$","R","M","?","T","M","?","R","M","M","R","BOSS","M","?","M","$","?"],"build_version":"2018-11-15","purchased_purges":1,"victory":false,"max_hp_per_floor":[80,80,80,80,80,80,80,80,80,80,80,80,80,80,80,80,80,80,80,80,80,80],"card_choices":[{"not_picked":["Clothesline","Second Wind"],"picked":"Rage","floor":1},{"not_picked":["Clash","Headbutt"],"picked":"Havoc","floor":2},{"not_picked":["Sword Boomerang","Havoc"],"picked":"Feel No Pain","floor":3},{"not_picked":["Sword Boomerang","Dropkick"],"picked":"Thunderclap","floor":4},{"not_picked":["Searing Blow","Heavy Blade"],"picked":"Body Slam","floor":7},{"not_picked":["Cleave","Iron Wave"],"picked":"Ghostly Armor","floor":10},{"not_picked":["Uppercut","Brutality"],"picked":"Pommel Strike","floor":13},{"not_picked":["Dropkick","Clash"],"picked":"Corruption","floor":14},{"not_picked":["Brutality","Dark Embrace"],"picked":"Feed","floor":16},{"not_picked":["Warcry","Heavy Blade+1"],"picked":"Thunderclap","floor":18},{"not_picked":["True Grit","Clash"],"picked":"Havoc","floor":20}],"player_experience":78582,"relics_obtained":[{"floor":9,"key":"Dead Branch"},{"floor":19,"key":"Bottled Tornado"}],"event_choices":[{"damage_healed":0,"gold_gain":75,"player_choice":"Gather Gold","damage_taken":11,"max_hp_gain":0,"max_hp_loss":0,"event_name":"World of Goop","floor":8,"gold_loss":0},{"damage_healed":0,"gold_gain":0,"player_choice":"Bought 0 Potions","damage_taken":0,"max_hp_gain":0,"max_hp_loss":0,"event_name":"The Woman in Blue","floor":11,"gold_loss":0}],"is_beta":false,"boss_relics":[{"not_picked":["Busted Crown","Cursed Key"],"picked":"Runic Pyramid"}],"items_purged_floors":[21],"is_endless":false,"potions_floor_spawned":[3,10,13,14,20],"killed_by":"Snecko","ascension_level":0}