{"path_per_floor":["M","?","?","M","M","E","R","M","T","R","M","$","M","M","R","B",null,"M","?","$","?","M","R","?","R","T","?","M","?","E","?","R","B",null,"M","?","?","?"],"character_chosen":"IRONCLAD","items_purchased":["Pummel","Regen Potion","Regen Potion","Strength Potion"],"gold_per_floor":[114,114,114,129,140,165,165,179,203,203,223,63,83,103,103,203,203,223,223,24,24,35,35,35,35,62,62,72,72,97,97,97,194,194,209,209,259,359],"floor_reached":39,"campfire_rested":5,"playtime":2071,"current_hp_per_floor":[75,75,75,79,70,59,80,67,67,67,43,43,23,35,59,38,80,57,57,57,57,39,63,63,80,80,80,67,67,45,45,71,34,87,69,58,8,8],"items_purged":["Strike_R","Rupture"],"gold":359,"score":347,"play_id":"96fe8311-4779-49bb-8fb4-03c27218b5de","is_prod":false,"is_daily":false,"is_ascension_mode":false,"campfire_upgraded":1,"path_taken":["M","?","?","?","M","E","R","M","T","R","M","$","M","M","R","BOSS","M","?","$","?","M","R","?","R","T","?","M","?","E","?","R","BOSS","M","?","?","?","M"],"build_version":"2018-02-15-PROD1","purchased_purges":2,"victory":false,"master_deck":["Strike_R+1","Strike_R+1","Defend_R+1","Defend_R+1","Defend_R+1","Demon Form+1","Metallicize","Sword Boomerang","Intimidate+1","Pommel Strike","Pommel Strike","Pummel+1","Warcry","Offering","Spot Weakness+1","Whirlwind","Inflame","Berserk+1","Demon Form+1","Juggernaut+1","Dual Wield+1","Madness","Madness","Metallicize+1"],"max_hp_per_floor":[80,80,80,80,80,80,80,80,80,80,80,80,80,80,80,80,80,80,80,80,80,80,80,80,80,80,80,80,80,87,87,87,87,87,87,87,87,87],"relics":["Burning Blood","Omamori","Kunai","Juzu Bracelet","Black Star","War Paint","Whetstone","Strawberry","Bag of Preparation","Astrolabe","Sundial"],"card_choices":[{"not_picked":["Whirlwind","Dual Wield"],"picked":"Demon Form"},{"not_picked":["Rage","Heavy Blade"],"picked":"Sword Boomerang"},{"not_picked":["Cleave","Flex"],"picked":"Intimidate"},{"not_picked":["Juggernaut","Second Wind"],"picked":"Pommel Strike"},{"not_picked":["Power Through","Shockwave"],"picked":"Pommel Strike"},{"not_picked":["Dual Wield","Clothesline"],"picked":"Warcry"},{"not_picked":["Body Slam","Bloodletting"],"picked":"Rupture"},{"not_picked":["Double Tap","Brutality"],"picked":"Offering"},{"not_picked":["Heavy Blade","Perfected Strike"],"picked":"Spot Weakness"},{"not_picked":["Sever Soul","Combust"],"picked":"Whirlwind"},{"not_picked":["Metallicize","Dropkick"],"picked":"Inflame"},{"not_picked":["Reckless Charge","Battle Trance"],"picked":"Dual Wield"},{"not_picked":["Clothesline","Heavy Blade"],"picked":"Metallicize"}],"player_experience":15563,"potions_floor_usage":[6,6,14,14,14,22,30,30,37,37],"damage_taken":[{"damage":11,"enemies":"Jaw Worm","floor":1,"turns":2},{"damage":2,"enemies":"Small Slimes","floor":4,"turns":4},{"damage":15,"enemies":"Cultist","floor":5,"turns":4},{"damage":26,"enemies":"3 Sentries","floor":6,"turns":7},{"damage":19,"enemies":"2 Fungi Beasts","floor":8,"turns":4},{"damage":30,"enemies":"Exordium Wildlife","floor":11,"turns":4},{"damage":26,"enemies":"Lots of Slimes","floor":13,"turns":4},{"damage":21,"enemies":"Exordium Thugs","floor":14,"turns":11},{"damage":27,"enemies":"Hexaghost","floor":16,"turns":6},{"damage":29,"enemies":"Shell Parasite","floor":18,"turns":5},{"damage":24,"enemies":"2 Thieves","floor":22,"turns":3},{"damage":19,"enemies":"Snecko","floor":28,"turns":4},{"damage":47,"enemies":"Gremlin Leader","floor":30,"turns":6},{"damage":43,"enemies":"Automaton","floor":33,"turns":6},{"damage":24,"enemies":"Orb Walker","floor":35,"turns":3},{"damage":56,"enemies":"Mysterious Sphere","floor":37,"turns":6},{"damage":8,"enemies":"3 Darklings","floor":39,"turns":1}],"event_choices":[{"event_name":"Liars Game","player_choice":"disagreed","floor":2,"damage_taken":0},{"event_name":"Transmorgrifier","player_choice":"Transform","floor":3,"damage_taken":0},{"event_name":"Cursed Tome","player_choice":"Ignored","floor":19,"damage_taken":0},{"event_name":"The Mausoleum","player_choice":"Yes","floor":21,"damage_taken":0},{"event_name":"Upgrade Shrine","player_choice":"Upgraded","floor":24,"damage_taken":0},{"event_name":"Drug Dealer","player_choice":"Ignored","floor":27,"damage_taken":0},{"event_name":"Forgotten Altar","player_choice":"Smashed Altar","floor":29,"damage_taken":0},{"event_name":"Back to Basics","player_choice":"Simplicity","floor":31,"damage_taken":0},{"event_name":"Winding Halls","player_choice":"Embrace Madness","floor":36,"damage_taken":0},{"event_name":"Mysterious Sphere","player_choice":"Fight","floor":37,"damage_taken":0},{"event_name":"Golden Shrine","player_choice":"Pray","floor":38,"damage_taken":0}],"boss_relics":[{"not_picked":["Snecko Eye","Eternal Feather"],"picked":"Black Star"},{"not_picked":["Question Card","Runic Cube"],"picked":"Astrolabe"}],"potions_floor_spawned":[1,4,8,13,18,33,35],"seed_played":"5209759821036427735","killed_by":"3 Darklings","ascension_level":0,"is_trial":false}