{"gold_per_floor":[112,124,138,215,16,48,62,79,79,110,110,123,135,147,147,249,249,266,4,4,4,4,14,34,47,47,47,80,80,80,115,115,213,213,226,326,338,350,93,93,111,111,111,142,142,192,210,229,229,229,229,229,30,65,65],"floor_reached":56,"playtime":3384,"items_purged":["Strike_B"],"score":1331,"play_id":"e5d047b2-85da-4df4-8ea9-3e9e2ef19dab","local_time":"20190413020131","is_ascension_mode":false,"campfire_choices":[{"data":"Defragment","floor":11.0,"key":"SMITH"},{"floor":15.0,"key":"REST"},{"data":"Defragment","floor":27.0,"key":"SMITH"},{"floor":29.0,"key":"REST"},{"data":"Creative AI","floor":32,"key":"SMITH"},{"floor":40,"key":"RECALL"},{"data":"Chaos","floor":42,"key":"SMITH"},{"data":"Auto Shields","floor":45,"key":"SMITH"},{"data":"Coolheaded","floor":49,"key":"SMITH"},{"data":"Zap","floor":52,"key":"SMITH"}],"neow_cost":"NONE","seed_source_timestamp":0,"circlet_count":0,"master_deck":["Strike_B","Defend_B","Defend_B+1","Defend_B+1","Defend_B","Zap+1","Dualcast","Sunder","Cold Snap","Compile Driver","Ball Lightning","Seek","Ball Lightning","Sunder","Rebound","Defragment+1","Self Repair","Conserve Battery","Chaos+1","Creative AI+1","Auto Shields+1","Coolheaded+1","Conserve Battery","Defragment+1","Barrage+1","Consume+1","Beam Cell+1","Reinforced Body+1","Cold Snap+1","Electrodynamics","Capacitor","Chaos+1","Static Discharge+1","Chill+1","Shame","Stack+1","Loop+1","Turbo+1"],"special_seed":0,"relics":["Cracked Core","Gremlin Horn","FossilizedHelix","Black Star","Runic Capacitor","Nloth\u0027s Gift","Question Card","Bronze Scales","Pantograph","Ginger","Cursed Key","StoneCalendar","Kunai","Incense Burner","Shuriken","Du-Vu Doll","Gambling Chip","Vajra","Symbiotic Virus","Oddly Smooth Stone"],"potions_floor_usage":[33,44,48,54,55,55],"damage_taken":[{"damage":2.0,"enemies":"Small Slimes","floor":1.0,"turns":3.0},{"damage":1.0,"enemies":"Jaw Worm","floor":2.0,"turns":3.0},{"damage":1.0,"enemies":"2 Louse","floor":3.0,"turns":2.0},{"damage":24.0,"enemies":"Gremlin Nob","floor":6.0,"turns":4.0},{"damage":8.0,"enemies":"Lots of Slimes","floor":7.0,"turns":3.0},{"damage":0.0,"enemies":"2 Fungi Beasts","floor":8.0,"turns":1.0},{"damage":6.0,"enemies":"3 Sentries","floor":10.0,"turns":4.0},{"damage":0.0,"enemies":"Large Slime","floor":12.0,"turns":3.0},{"damage":0.0,"enemies":"Exordium Wildlife","floor":13.0,"turns":2.0},{"damage":0.0,"enemies":"Looter","floor":14.0,"turns":2.0},{"damage":17.0,"enemies":"Slime Boss","floor":16.0,"turns":9.0},{"damage":10.0,"enemies":"3 Byrds","floor":18.0,"turns":4.0},{"damage":0.0,"enemies":"Chosen","floor":23.0,"turns":5.0},{"damage":0.0,"enemies":"Snecko","floor":24.0,"turns":5.0},{"damage":0.0,"enemies":"Centurion and Healer","floor":25.0,"turns":5.0},{"damage":45.0,"enemies":"Slavers","floor":28.0,"turns":5.0},{"damage":0,"enemies":"Gremlin Leader","floor":31,"turns":7},{"damage":0,"enemies":"Automaton","floor":33,"turns":11},{"damage":0,"enemies":"Orb Walker","floor":35,"turns":4},{"damage":0,"enemies":"Mind Bloom Boss Battle","floor":36,"turns":7},{"damage":0,"enemies":"3 Shapes","floor":37,"turns":4},{"damage":18,"enemies":"Transient","floor":38,"turns":5},{"damage":14,"enemies":"Jaw Worm Horde","floor":41,"turns":5},{"damage":0,"enemies":"Nemesis","floor":44,"turns":7},{"damage":3,"enemies":"2 Orb Walkers","floor":46,"turns":4},{"damage":0,"enemies":"4 Shapes","floor":47,"turns":3},{"damage":10,"enemies":"Writhing Mass","floor":48,"turns":5},{"damage":60,"enemies":"Time Eater","floor":50,"turns":8},{"damage":6,"enemies":"Shield and Spear","floor":54,"turns":6},{"damage":32,"enemies":"The Heart","floor":55,"turns":8}],"seed_played":"3090512492882422138","potions_obtained":[{"floor":1.0,"key":"FearPotion"},{"floor":3.0,"key":"FocusPotion"},{"floor":7.0,"key":"Dexterity Potion"},{"floor":14.0,"key":"Poison Potion"},{"floor":18.0,"key":"FearPotion"},{"floor":23.0,"key":"SteroidPotion"},{"floor":33,"key":"Regen Potion"},{"floor":38,"key":"Ancient Potion"},{"floor":44,"key":"EssenceOfSteel"},{"floor":48,"key":"FearPotion"},{"floor":54,"key":"Poison Potion"}],"is_trial":false,"path_per_floor":["M","M","M","?","$","E","M","M","T","E","R","M","M","M","R","B",null,"M","$","?","?","?","M","M","M","T","R","E","R","?","E","R","B",null,"M","?","M","M","$","R","M","R","T","E","R","?","M","M","R","B",null,"R","$","E","B",null],"character_chosen":"DEFECT","items_purchased":["Ball Lightning","Seek","Runic Capacitor","Coolheaded","Conserve Battery","Kunai","Vajra","PowerPotion"],"campfire_rested":2,"item_purchase_floors":[5,5,19,19,19,39,53,53],"current_hp_per_floor":[73,72,71,71,71,47,39,39,39,33,33,33,33,33,55,45,75,65,65,65,65,65,72,75,75,75,75,37,59,59,66,66,75,75,75,75,75,64,64,64,50,50,50,72,72,69,75,65,65,22,75,75,75,75,43],"gold":65,"neow_bonus":"REMOVE_CARD","is_prod":false,"is_daily":false,"chose_seed":false,"campfire_upgraded":7,"win_rate":0,"timestamp":1555142491,"path_taken":["M","M","M","?","$","E","M","M","T","E","R","M","M","M","R","BOSS","M","$","?","?","?","M","?","M","T","R","E","R","?","E","R","BOSS","M","?","M","M","$","R","M","R","T","E","R","?","M","M","R","BOSS","R","$","E","BOSS"],"build_version":"2019-01-23","purchased_purges":1,"victory":true,"max_hp_per_floor":[75,75,75,75,75,75,75,75,75,75,75,75,75,75,75,75,75,75,75,75,75,75,75,75,75,75,75,75,75,75,75,75,75,75,75,75,75,75,75,75,75,75,75,75,75,75,75,75,75,75,75,75,75,75,75],"card_choices":[{"not_picked":["Stack","Leap"],"picked":"Sunder","floor":1.0},{"not_picked":["Sweeping Beam","BootSequence"],"picked":"Cold Snap","floor":2.0},{"not_picked":["Steam","Loop"],"picked":"Compile Driver","floor":3.0},{"not_picked":["Skim","FTL"],"picked":"Ball Lightning","floor":6.0},{"not_picked":["Scrape","Sweeping Beam"],"picked":"Sunder","floor":7.0},{"not_picked":["Steam Power","FTL"],"picked":"Rebound","floor":8.0},{"not_picked":["Leap","Coolheaded"],"picked":"Defragment","floor":10.0},{"not_picked":["Machine Learning","Blizzard"],"picked":"Self Repair","floor":12.0},{"not_picked":["Redo","Scrape"],"picked":"Conserve Battery","floor":13.0},{"not_picked":["Compile Driver","Rip and Tear"],"picked":"Chaos","floor":14.0},{"not_picked":["Seek","Fission"],"picked":"Creative AI","floor":16.0},{"not_picked":["Reprogram","Heatsinks"],"picked":"Auto Shields","floor":18.0},{"not_picked":["Sweeping Beam","Heatsinks"],"picked":"Barrage+1","floor":23.0},{"not_picked":["Genetic Algorithm","Ball Lightning+1"],"picked":"Consume+1","floor":24.0},{"not_picked":["Biased Cognition","Buffer"],"picked":"Beam Cell+1","floor":25.0},{"not_picked":["Barrage+1","Stack"],"picked":"Reinforced Body+1","floor":28.0},{"not_picked":["Barrage","Go for the Eyes+1","FTL"],"picked":"Cold Snap+1","floor":31},{"not_picked":["Meteor Strike","Rainbow","Creative AI"],"picked":"Electrodynamics","floor":33},{"not_picked":["Recycle","Compile Driver+1","Steam"],"picked":"Capacitor","floor":35},{"not_picked":["Turbo+1","Sunder+1","Rip and Tear+1"],"picked":"Chaos+1","floor":36},{"not_picked":["Beam Cell+1","Gash+1","Aggregate+1"],"picked":"Static Discharge+1","floor":37},{"not_picked":["Creative AI","Leap","Compile Driver+1","Ball Lightning+1"],"picked":"SKIP","floor":38},{"not_picked":["Turbo","Go for the Eyes","Sweeping Beam"],"picked":"Chill+1","floor":41},{"not_picked":["Redo","Biased Cognition","Hyperbeam","Echo Form"],"picked":"SKIP","floor":44},{"not_picked":["Barrage+1","Turbo","Cold Snap+1"],"picked":"Stack+1","floor":46},{"not_picked":["Static Discharge+1","Sweeping Beam","Redo","Compile Driver"],"picked":"SKIP","floor":47},{"not_picked":["Hyperbeam","Compile Driver+1","Leap+1"],"picked":"Loop+1","floor":48},{"not_picked":["Leap","Doom and Gloom+1","Gash+1"],"picked":"Turbo+1","floor":54}],"player_experience":226392,"relics_obtained":[{"floor":6.0,"key":"War Paint"},{"floor":9.0,"key":"Gremlin Horn"},{"floor":10.0,"key":"FossilizedHelix"},{"floor":28.0,"key":"Question Card"},{"floor":28.0,"key":"Bronze Scales"},{"floor":31,"key":"Pantograph"},{"floor":31,"key":"Ginger"},{"floor":36,"key":"StoneCalendar"},{"floor":43,"key":"Incense Burner"},{"floor":44,"key":"Shuriken"},{"floor":44,"key":"Du-Vu Doll"},{"floor":46,"key":"Gambling Chip"},{"floor":54,"key":"Symbiotic Virus"},{"floor":54,"key":"Oddly Smooth Stone"}],"event_choices":[{"damage_healed":0.0,"max_hp_gain":0.0,"max_hp_loss":0.0,"gold_gain":77.0,"event_name":"Golden Wing","player_choice":"Gained Gold","floor":4.0,"gold_loss":0.0,"damage_taken":0.0},{"damage_healed":0.0,"max_hp_gain":0.0,"max_hp_loss":0.0,"gold_gain":0.0,"event_name":"The Library","player_choice":"Read","floor":20.0,"gold_loss":0.0,"damage_taken":0.0,"cards_obtained":["Defragment"]},{"cards_removed":["Strike_B"],"damage_healed":0.0,"max_hp_gain":0.0,"max_hp_loss":0.0,"gold_gain":0.0,"event_name":"Back to Basics","player_choice":"Elegance","floor":21.0,"gold_loss":0.0,"damage_taken":0.0},{"damage_healed":0.0,"max_hp_gain":0.0,"max_hp_loss":0.0,"gold_gain":0.0,"event_name":"N\u0027loth","player_choice":"Traded Relic","floor":22.0,"relics_lost":["War Paint"],"gold_loss":0.0,"damage_taken":0.0,"relics_obtained":["Nloth\u0027s Gift"]},{"damage_healed":0.0,"max_hp_gain":0.0,"max_hp_loss":0.0,"gold_gain":0.0,"event_name":"Ghosts","player_choice":"Ignored","floor":30.0,"gold_loss":0.0,"damage_taken":0.0},{"damage_healed":0,"gold_gain":0,"player_choice":"Fight","damage_taken":0,"max_hp_gain":0,"max_hp_loss":0,"event_name":"MindBloom","floor":36,"gold_loss":0},{"damage_healed":0,"gold_gain":0,"player_choice":"Fight","damage_taken":0,"max_hp_gain":0,"max_hp_loss":0,"event_name":"Mysterious Sphere","floor":46,"gold_loss":0}],"is_beta":false,"boss_relics":[{"not_picked":["Snecko Eye","Pandora\u0027s Box"],"picked":"Black Star"},{"not_picked":["Coffee Dripper","Calling Bell"],"picked":"Cursed Key"}],"items_purged_floors":[5],"is_endless":false,"potions_floor_spawned":[1,3,7,14,18,23,25,33,38,44,46,48,54],"ascension_level":0}