{"gold_per_floor":[117,82,99,1,17,17,47,73,73,73,83,101,116,41,41,41],"floor_reached":16,"playtime":1375,"items_purged":["Defend_G"],"score":92,"play_id":"9df7d02f-bcb1-4a3f-ac1e-06174e9284b9","local_time":"20190409080436","is_ascension_mode":false,"campfire_choices":[{"floor":6,"key":"RECALL"},{"data":"Prepared","floor":15,"key":"SMITH"}],"neow_cost":"PERCENT_DAMAGE","seed_source_timestamp":6821580415199354,"circlet_count":0,"master_deck":["Defend_G","Defend_G","Defend_G","Strike_G","Strike_G","Strike_G","Strike_G","Survivor","Neutralize","Tactician","Blade Dance","Prepared+1","Acrobatics","Cloak And Dagger","Reflex","Well Laid Plans"],"relics":["Ring of the Snake","Orichalcum","Meat on the Bone"],"potions_floor_usage":[16,16,16],"damage_taken":[{"damage":3,"enemies":"2 Louse","floor":1,"turns":3},{"damage":0,"enemies":"Small Slimes","floor":3,"turns":3},{"damage":3,"enemies":"Jaw Worm","floor":5,"turns":3},{"damage":8,"enemies":"Exordium Thugs","floor":11,"turns":6},{"damage":3,"enemies":"Red Slaver","floor":12,"turns":4},{"damage":15,"enemies":"Large Slime","floor":13,"turns":7},{"damage":45,"enemies":"The Guardian","floor":16,"turns":15}],"seed_played":"1923156043737869464","potions_obtained":[{"floor":3,"key":"Fire Potion"},{"floor":11,"key":"GhostInAJar"},{"floor":13,"key":"Swift Potion"}],"is_trial":false,"path_per_floor":["M","?","M","$","M","R","?","T","T","$","M","M","M","$","R","B"],"character_chosen":"THE_SILENT","items_purchased":["Cloak And Dagger","Well Laid Plans"],"campfire_rested":0,"item_purchase_floors":[4,14],"current_hp_per_floor":[46,46,46,46,43,43,43,43,43,43,47,44,41,41,41,0],"gold":41,"neow_bonus":"TRANSFORM_TWO_CARDS","is_prod":false,"is_daily":false,"chose_seed":false,"campfire_upgraded":1,"win_rate":0,"timestamp":1554811476,"path_taken":["M","?","M","$","M","R","?","?","T","$","?","M","M","$","R","BOSS"],"build_version":"2019-01-23","purchased_purges":1,"victory":false,"max_hp_per_floor":[70,70,70,70,70,70,70,70,70,70,70,70,70,70,70,70],"card_choices":[{"not_picked":["Quick Slash","Deadly Poison"],"picked":"Prepared","floor":1},{"not_picked":["Poisoned Stab","Backflip"],"picked":"Acrobatics","floor":3},{"not_picked":["Leg Sweep","Deadly Poison","Dagger Spray"],"picked":"SKIP","floor":5},{"not_picked":["Bane","Concentrate"],"picked":"Reflex","floor":11},{"not_picked":["Cloak And Dagger","Dagger Spray","Burst"],"picked":"SKIP","floor":12},{"not_picked":["Deflect","Bane","Acrobatics"],"picked":"SKIP","floor":13}],"player_experience":252824,"relics_obtained":[{"floor":8,"key":"Orichalcum"},{"floor":9,"key":"Meat on the Bone"}],"event_choices":[{"damage_healed":0,"gold_gain":0,"player_choice":"Left Gold","damage_taken":0,"max_hp_gain":0,"max_hp_loss":0,"event_name":"World of Goop","floor":2,"gold_loss":35},{"damage_healed":0,"gold_gain":30,"player_choice":"Searched \u00272\u0027 times","damage_taken":0,"max_hp_gain":0,"max_hp_loss":0,"event_name":"Dead Adventurer","floor":7,"gold_loss":0}],"is_beta":false,"boss_relics":[],"items_purged_floors":[4],"is_endless":false,"potions_floor_spawned":[3,11,13],"killed_by":"The Guardian","ascension_level":0}