{"gold_per_floor":[368,385,396,406,422,422,452,452,452,472,24,24,37,49,49,152,152,92,92,17,17,34,34,34],"floor_reached":24,"playtime":1490,"items_purged":[],"score":198,"play_id":"cb0d29dc-233a-477b-b5b0-fe833fb8f509","local_time":"20180623204631","is_ascension_mode":false,"campfire_choices":[{"floor":6,"key":"REST"},{"floor":12,"key":"REST"},{"floor":15,"key":"REST"},{"floor":23,"key":"REST"}],"neow_cost":"FIFTY_PERCENT_DAMAGE","seed_source_timestamp":0,"circlet_count":0,"master_deck":["Strike_B","Strike_B","Strike_B","Defend_B","Defend_B","Defend_B","Defend_B","Zap","Dualcast","Cold Snap","Barrage","Darkness","Coolheaded","Chaos","Sweeping Beam","Glacier","Apotheosis","White Noise","Doom and Gloom","Dark Shackles","Cold Snap","Chill","Stack","All For One","Compile Driver","Streamline","Stack","Rip and Tear","Auto Shields","Melter","FTL"],"special_seed":0,"relics":["Cracked Core","Ornamental Fan","Ice Cream","Orrery"],"potions_floor_usage":[24],"damage_taken":[{"damage":0,"enemies":"Cultist","floor":1,"turns":4},{"damage":5,"enemies":"2 Louse","floor":2,"turns":3},{"damage":1,"enemies":"Jaw Worm","floor":3,"turns":3},{"damage":10,"enemies":"Looter","floor":4,"turns":3},{"damage":0,"enemies":"Large Slime","floor":5,"turns":5},{"damage":15,"enemies":"Gremlin Nob","floor":7,"turns":4},{"damage":6,"enemies":"Blue Slaver","floor":10,"turns":4},{"damage":17,"enemies":"Gremlin Gang","floor":13,"turns":3},{"damage":13,"enemies":"2 Fungi Beasts","floor":14,"turns":3},{"damage":21,"enemies":"Slime Boss","floor":16,"turns":8},{"damage":13,"enemies":"2 Thieves","floor":18,"turns":4},{"damage":16,"enemies":"Shell Parasite","floor":22,"turns":8},{"damage":63,"enemies":"3 Cultists","floor":24,"turns":7}],"seed_played":"2602154636786538187","potions_obtained":[{"floor":2,"key":"Ancient Potion"},{"floor":3,"key":"Strength Potion"},{"floor":13,"key":"Swift Potion"},{"floor":22,"key":"Dexterity Potion"}],"is_trial":false,"path_per_floor":["M","M","M","M","M","R","E","?","T","M","$","R","M","M","R","B",null,"M","?","?","$","M","R"],"character_chosen":"DEFECT","items_purchased":["Apotheosis","White Noise","Doom and Gloom","Dark Shackles","Cold Snap"],"campfire_rested":4,"item_purchase_floors":[11,11,11,11,11],"current_hp_per_floor":[38,33,32,22,22,44,29,54,54,48,48,70,53,40,62,41,75,62,48,48,48,32,56,0],"gold":34,"neow_bonus":"TWO_FIFTY_GOLD","is_prod":false,"is_daily":false,"chose_seed":false,"campfire_upgraded":0,"win_rate":0.0,"timestamp":1529808391,"path_taken":["M","M","?","M","M","R","E","?","T","M","$","R","M","?","R","BOSS","M","?","?","?","M","R","M"],"build_version":"2018-06-21v2","purchased_purges":0,"victory":false,"max_hp_per_floor":[75,75,75,75,75,75,75,75,75,75,75,75,75,75,75,75,75,75,80,80,80,80,80,80],"card_choices":[{"not_picked":["Barrage","Sweeping Beam"],"picked":"Cold Snap","floor":1},{"not_picked":["Steam Power","Redo"],"picked":"Barrage","floor":2},{"not_picked":["Cold Snap","Go for the Eyes"],"picked":"Darkness","floor":3},{"not_picked":["Barrage","Redo"],"picked":"Coolheaded","floor":4},{"not_picked":["Steam","Barrage"],"picked":"Chaos","floor":5},{"not_picked":["Double Energy","Go for the Eyes"],"picked":"Sweeping Beam","floor":7},{"not_picked":["Stack","Go for the Eyes"],"picked":"Glacier","floor":10},{"not_picked":["Barrage","Self Repair"],"picked":"Chill","floor":13},{"not_picked":["Beam Cell","Ball Lightning"],"picked":"Stack","floor":14},{"not_picked":["Machine Learning","Biased Cognition"],"picked":"All For One","floor":16},{"not_picked":["Sweeping Beam","Double Energy"],"picked":"Compile Driver","floor":17},{"not_picked":["Coolheaded","Gash"],"picked":"Streamline","floor":17},{"not_picked":["Hologram","Darkness"],"picked":"Stack","floor":17},{"not_picked":["Darkness","Gash"],"picked":"Rip and Tear","floor":17},{"not_picked":["Beam Cell","Buffer"],"picked":"Auto Shields","floor":17},{"not_picked":["Reprogram+1","Storm"],"picked":"Melter","floor":18},{"not_picked":["Streamline","Barrage+1"],"picked":"FTL","floor":22}],"player_experience":18429,"relics_obtained":[{"floor":7,"key":"Ornamental Fan"},{"floor":9,"key":"Ice Cream"}],"event_choices":[{"event_name":"Big Fish","player_choice":"Banana","floor":8,"damage_taken":0},{"event_name":"Forgotten Altar","player_choice":"Shed Blood","floor":19,"damage_taken":0},{"event_name":"Beggar","player_choice":"Gave Gold","floor":20,"damage_taken":0}],"boss_relics":[{"not_picked":["White Beast Statue","Runic Pyramid"],"picked":"Orrery"}],"items_purged_floors":[],"is_endless":false,"potions_floor_spawned":[2,3,13,22],"killed_by":"3 Cultists","ascension_level":0}