{"gold_per_floor":[112,112,32,52,67,67,67,67,67,67,67,108,126,126,126,247,247,268,268,284,304,229,263,276,276,301,321,321,10,10,26,26,26],"floor_reached":33,"playtime":1072,"items_purged":["Strike_B"],"score":345,"play_id":"9b9b6a75-2480-4079-a8fb-422bc1132c66","local_time":"20181118151025","is_ascension_mode":true,"campfire_choices":[{"floor":6,"key":"REST"},{"data":"Zap","floor":8,"key":"SMITH"},{"data":"Dualcast","floor":10,"key":"SMITH"},{"data":"Chill","floor":15,"key":"SMITH"},{"data":"Conserve Battery","floor":25,"key":"SMITH"},{"data":"Echo Form","floor":30,"key":"SMITH"},{"data":"Buffer","floor":32,"key":"SMITH"}],"neow_cost":"PERCENT_DAMAGE","seed_source_timestamp":213379736752315,"circlet_count":0,"master_deck":["Strike_B+1","Strike_B","Defend_B+1","Defend_B","Defend_B","Defend_B","Zap+1","Dualcast+1","Melter","Capacitor","Conserve Battery+1","Cold Snap","Blizzard","Chill+1","Echo Form+1","Go for the Eyes","Beam Cell+1","Buffer+1","Conserve Battery","Loop","Darkness+1"],"relics":["Cracked Core","Bird Faced Urn","Bronze Scales","The Courier","Golden Idol","Pantograph","Coffee Dripper","Mango","Pen Nib","Bottled Lightning"],"potions_floor_usage":[18,20,23,23,33],"damage_taken":[{"damage":0,"enemies":"Small Slimes","floor":1,"turns":3},{"damage":1,"enemies":"2 Louse","floor":4,"turns":2},{"damage":2,"enemies":"Jaw Worm","floor":5,"turns":4},{"damage":23,"enemies":"Lagavulin","floor":12,"turns":6},{"damage":0,"enemies":"2 Fungi Beasts","floor":13,"turns":2},{"damage":31,"enemies":"The Guardian","floor":16,"turns":10},{"damage":8,"enemies":"Chosen","floor":18,"turns":4},{"damage":18,"enemies":"2 Thieves","floor":20,"turns":4},{"damage":3,"enemies":"Snecko","floor":21,"turns":6},{"damage":41,"enemies":"Book of Stabbing","floor":23,"turns":5},{"damage":14,"enemies":"Shelled Parasite and Fungi","floor":24,"turns":5},{"damage":8,"enemies":"Chosen and Byrds","floor":27,"turns":6},{"damage":0,"enemies":"Sentry and Sphere","floor":31,"turns":4},{"damage":67,"enemies":"Collector","floor":33,"turns":9}],"seed_played":"5319877634189102457","potions_obtained":[{"floor":1,"key":"GamblersBrew"},{"floor":4,"key":"Fire Potion"},{"floor":18,"key":"LiquidBronze"},{"floor":20,"key":"Strength Potion"},{"floor":21,"key":"SteroidPotion"},{"floor":31,"key":"GamblersBrew"}],"is_trial":false,"path_per_floor":["M","?","$","M","M","R","?","R","T","R","?","E","M","?","R","B",null,"M","?","M","M","?","E","M","R","T","M","?","$","R","M","R","B"],"character_chosen":"DEFECT","items_purchased":["Capacitor","Loop","Bottled Lightning"],"campfire_rested":1,"item_purchase_floors":[3,29,29],"current_hp_per_floor":[50,43,43,44,44,66,51,51,51,51,51,30,32,37,37,33,64,58,74,56,57,57,32,26,26,26,24,24,24,24,32,32,0],"gold":26,"neow_bonus":"ONE_RARE_RELIC","is_prod":false,"is_daily":false,"chose_seed":false,"campfire_upgraded":6,"win_rate":0,"timestamp":1542550225,"path_taken":["M","?","$","M","M","R","?","R","T","R","?","E","?","?","R","BOSS","M","?","M","M","?","E","M","R","T","M","?","$","R","?","R","BOSS"],"build_version":"2018-11-15","purchased_purges":1,"victory":false,"max_hp_per_floor":[75,75,75,75,75,75,75,75,75,75,69,69,69,74,74,74,74,74,74,74,74,74,88,88,88,88,88,88,88,88,88,88,88],"card_choices":[{"not_picked":["Undo","Turbo"],"picked":"Melter","floor":1},{"not_picked":["Stack","Rebound"],"picked":"Conserve Battery","floor":4},{"not_picked":["Compile Driver","Reboot"],"picked":"Cold Snap","floor":5},{"not_picked":["Ball Lightning","Turbo"],"picked":"Blizzard","floor":12},{"not_picked":["Auto Shields","Beam Cell"],"picked":"Chill","floor":13},{"not_picked":["Reboot","Core Surge"],"picked":"Echo Form","floor":16},{"not_picked":["Sweeping Beam","Rebound+1"],"picked":"Go for the Eyes","floor":18},{"not_picked":["Skim","Streamline","Turbo+1"],"picked":"SKIP","floor":20},{"not_picked":["Undo","Turbo+1"],"picked":"Beam Cell+1","floor":21},{"not_picked":["BootSequence","Gash+1"],"picked":"Buffer","floor":23},{"not_picked":["Beam Cell","Hello World+1"],"picked":"Conserve Battery","floor":24},{"not_picked":["Beam Cell","Stack","Go for the Eyes"],"picked":"SKIP","floor":27},{"not_picked":["Conserve Battery","Barrage+1"],"picked":"Darkness+1","floor":31}],"player_experience":155774,"relics_obtained":[{"floor":9,"key":"The Courier"},{"floor":12,"key":"Pantograph"},{"floor":23,"key":"Mango"},{"floor":26,"key":"Pen Nib"}],"event_choices":[{"damage_healed":0,"gold_gain":0,"player_choice":"Success","damage_taken":7,"relics_obtained":["Bronze Scales"],"max_hp_gain":0,"max_hp_loss":0,"event_name":"Scrap Ooze","floor":2,"gold_loss":0},{"damage_healed":0,"gold_gain":0,"player_choice":"Entered Light","damage_taken":15,"max_hp_gain":0,"max_hp_loss":0,"event_name":"Shining Light","floor":7,"gold_loss":0,"cards_upgraded":["Strike_B","Defend_B"]},{"damage_healed":0,"gold_gain":0,"player_choice":"Lose Max HP","damage_taken":0,"relics_obtained":["Golden Idol"],"max_hp_gain":0,"max_hp_loss":6,"event_name":"Golden Idol","floor":11,"gold_loss":0},{"damage_healed":0,"gold_gain":0,"player_choice":"Donut","damage_taken":0,"max_hp_gain":5,"max_hp_loss":0,"event_name":"Big Fish","floor":14,"gold_loss":0},{"damage_healed":24,"gold_gain":0,"player_choice":"Heal","damage_taken":0,"max_hp_gain":0,"max_hp_loss":0,"event_name":"The Library","floor":19,"gold_loss":0},{"cards_removed":["Strike_B"],"damage_healed":0,"gold_gain":0,"player_choice":"Gave Gold","damage_taken":0,"max_hp_gain":0,"max_hp_loss":0,"event_name":"Beggar","floor":22,"gold_loss":75},{"damage_healed":0,"gold_gain":0,"player_choice":"Ignored","damage_taken":0,"max_hp_gain":0,"max_hp_loss":0,"event_name":"Ghosts","floor":28,"gold_loss":0}],"is_beta":false,"boss_relics":[{"not_picked":["Snecko Eye","Fusion Hammer"],"picked":"Coffee Dripper"}],"items_purged_floors":[29],"is_endless":false,"potions_floor_spawned":[1,4,18,20,21,31],"killed_by":"Collector","ascension_level":6}