{"gold_per_floor":[113,131,131,35,51,51,66,241,267,277,289,320,331,357,357,458,458,474,490,490,502,512,512,60,60,84,97,111,42,42,61,61,156,156,169,169,189,189,12,12,24,24,50,85,104,32,48,48],"floor_reached":48,"playtime":3265,"items_purged":["Hologram"],"score":646,"play_id":"a35295fb-513c-45a8-b389-1984714fc2c5","local_time":"20190218121420","is_ascension_mode":true,"campfire_choices":[{"data":"Barrage","floor":6.0,"key":"SMITH"},{"floor":15.0,"key":"REST"},{"floor":23.0,"key":"REST"},{"floor":32.0,"key":"REST"},{"floor":40.0,"key":"REST"},{"floor":42.0,"key":"RECALL"}],"neow_cost":"NONE","seed_source_timestamp":0,"circlet_count":0,"master_deck":["Strike_B","Strike_B","Strike_B","Defend_B","Defend_B","Defend_B","Defend_B","Zap","Dualcast","Barrage+1","Conserve Battery","Defragment","Coolheaded","Compile Driver","Doubt","Coolheaded","White Noise","Ball Lightning","Seek","Loop+1","Stack","Heatsinks+1","Tempest","Storm","Conserve Battery","Auto Shields","Darkness","Echo Form","Electrodynamics","Reprogram+1","Aggregate+1","Magnetism","Force Field+1","Doubt","Coolheaded+1","Force Field+1","Self Repair","Double Energy+1"],"special_seed":0,"relics":["Cracked Core","NeowsBlessing","Potion Belt","Du-Vu Doll","Nuclear Battery","Enchiridion","Symbiotic Virus","NlothsMask","MutagenicStrength","Cursed Key","DataDisk","Art of War"],"potions_floor_usage":[44],"damage_taken":[{"damage":0.0,"enemies":"Cultist","floor":1.0,"turns":1.0},{"damage":0.0,"enemies":"Small Slimes","floor":2.0,"turns":1.0},{"damage":0.0,"enemies":"2 Louse","floor":5.0,"turns":1.0},{"damage":6.0,"enemies":"Large Slime","floor":7.0,"turns":5.0},{"damage":15.0,"enemies":"Exordium Wildlife","floor":10.0,"turns":4.0},{"damage":1.0,"enemies":"Blue Slaver","floor":11.0,"turns":3.0},{"damage":14.0,"enemies":"Gremlin Nob","floor":12.0,"turns":4.0},{"damage":0.0,"enemies":"Large Slime","floor":13.0,"turns":5.0},{"damage":11.0,"enemies":"Lagavulin","floor":14.0,"turns":7.0},{"damage":37.0,"enemies":"The Guardian","floor":16.0,"turns":12.0},{"damage":3.0,"enemies":"Spheric Guardian","floor":18.0,"turns":4.0},{"damage":0.0,"enemies":"Chosen","floor":19.0,"turns":3.0},{"damage":0.0,"enemies":"Snecko","floor":21.0,"turns":4.0},{"damage":16.0,"enemies":"Shelled Parasite and Fungi","floor":22.0,"turns":7.0},{"damage":16.0,"enemies":"Snake Plant","floor":27.0,"turns":3.0},{"damage":5.0,"enemies":"Snecko","floor":28.0,"turns":3.0},{"damage":0.0,"enemies":"Centurion and Healer","floor":31.0,"turns":3.0},{"damage":33.0,"enemies":"Automaton","floor":33.0,"turns":9.0},{"damage":6.0,"enemies":"Orb Walker","floor":35.0,"turns":2.0},{"damage":24.0,"enemies":"3 Darklings","floor":37.0,"turns":2.0},{"damage":13.0,"enemies":"Spire Growth","floor":41.0,"turns":4.0},{"damage":34,"enemies":"Nemesis","floor":44,"turns":6},{"damage":2,"enemies":"Maw","floor":45,"turns":5},{"damage":0,"enemies":"4 Shapes","floor":47,"turns":3},{"damage":6,"enemies":"Giant Head","floor":48,"turns":1}],"seed_played":"-4316334245837434392","potions_obtained":[{"floor":10.0,"key":"Poison Potion"},{"floor":11.0,"key":"SteroidPotion"},{"floor":12.0,"key":"FearPotion"},{"floor":14.0,"key":"Ancient Potion"},{"floor":16.0,"key":"Ancient Potion"},{"floor":18.0,"key":"FocusPotion"},{"floor":28.0,"key":"FocusPotion"},{"floor":31.0,"key":"Fire Potion"},{"floor":41.0,"key":"Fire Potion"},{"floor":45,"key":"Energy Potion"}],"is_trial":false,"path_per_floor":["M","M","?","$","M","R","M","?","T","M","M","E","M","E","R","B",null,"M","M","?","M","M","R","$","?","T","M","M","$","?","M","R","B",null,"M","?","M","?","$","R","M","R","T","E","M","$","M","E"],"character_chosen":"DEFECT","items_purchased":["Defragment","Coolheaded","Storm","Symbiotic Virus","Conserve Battery","Darkness","Magnetism","Self Repair"],"campfire_rested":4,"item_purchase_floors":[4,4,24,24,24,29,39,46],"current_hp_per_floor":[68,68,68,68,68,68,62,62,62,47,46,32,32,21,43,6,58,55,55,39,39,23,45,45,45,45,29,24,24,24,24,46,13,60,54,54,30,30,30,52,39,39,39,5,3,3,3,0],"gold":48,"neow_bonus":"THREE_ENEMY_KILL","is_prod":false,"is_daily":false,"chose_seed":false,"campfire_upgraded":1,"win_rate":0,"timestamp":1550513660,"path_taken":["M","M","?","$","M","R","M","?","T","M","M","E","M","E","R","BOSS","M","M","?","M","M","R","$","?","T","?","M","?","?","M","R","BOSS","M","?","M","?","$","R","M","R","T","E","M","$","?","E"],"build_version":"2019-01-23","purchased_purges":1,"victory":false,"max_hp_per_floor":[75,75,75,75,75,75,75,75,75,75,75,75,75,75,75,75,75,75,75,75,75,75,75,75,75,75,75,75,75,75,75,75,75,75,75,75,75,75,75,75,75,75,75,75,75,75,75,75],"card_choices":[{"not_picked":["Double Energy","Chill"],"picked":"Hologram","floor":1.0},{"not_picked":["Streamline","Compile Driver"],"picked":"Barrage","floor":2.0},{"not_picked":["Reprogram","Scrape"],"picked":"Rebound","floor":5.0},{"not_picked":["Streamline","Sweeping Beam"],"picked":"Compile Driver","floor":7.0},{"not_picked":["Conserve Battery","Lockon"],"picked":"Coolheaded","floor":10.0},{"not_picked":["Streamline","Sweeping Beam","Double Energy"],"picked":"SKIP","floor":11.0},{"not_picked":["Meteor Strike","Turbo"],"picked":"White Noise","floor":12.0},{"not_picked":["Skim","Rebound"],"picked":"Ball Lightning","floor":13.0},{"not_picked":["Sweeping Beam","Fusion","Consume"],"picked":"SKIP","floor":14.0},{"not_picked":["Multi-Cast","All For One"],"picked":"Seek","floor":16.0},{"not_picked":["Gash","Hello World+1"],"picked":"Loop+1","floor":18.0},{"not_picked":["Recycle","Go for the Eyes"],"picked":"Stack","floor":19.0},{"not_picked":["Streamline","Steam"],"picked":"Heatsinks+1","floor":21.0},{"not_picked":["Glacier","Sweeping Beam"],"picked":"Tempest","floor":22.0},{"not_picked":["Leap","Steam"],"picked":"Auto Shields","floor":27.0},{"not_picked":["Beam Cell","Steam","Hello World"],"picked":"SKIP","floor":28.0},{"not_picked":["Self Repair+1","Coolheaded"],"picked":"Echo Form","floor":31.0},{"not_picked":["Creative AI","Meteor Strike"],"picked":"Electrodynamics","floor":33.0},{"not_picked":["Hologram+1","Leap"],"picked":"Reprogram+1","floor":35.0},{"not_picked":["Barrage","Redo+1"],"picked":"Aggregate+1","floor":37.0},{"not_picked":["Go for the Eyes","Sweeping Beam+1"],"picked":"Force Field+1","floor":41.0},{"not_picked":["Doom and Gloom","Darkness"],"picked":"Coolheaded+1","floor":44},{"not_picked":["Steam+1","Melter"],"picked":"Force Field+1","floor":45},{"not_picked":["Force Field+1","Melter"],"picked":"Double Energy+1","floor":47}],"player_experience":491062,"relics_obtained":[{"floor":12.0,"key":"Potion Belt"},{"floor":14.0,"key":"Du-Vu Doll"},{"floor":20.0,"key":"Enchiridion"},{"floor":43.0,"key":"DataDisk"},{"floor":44,"key":"Art of War"}],"event_choices":[{"damage_healed":0.0,"max_hp_gain":0.0,"max_hp_loss":0.0,"gold_gain":0.0,"cards_transformed":["Strike_B"],"event_name":"Living Wall","player_choice":"Change","floor":3.0,"gold_loss":0.0,"damage_taken":0.0,"cards_obtained":["Conserve Battery"]},{"damage_healed":0.0,"max_hp_gain":0.0,"max_hp_loss":0.0,"gold_gain":175.0,"event_name":"Liars Game","player_choice":"AGREE","floor":8.0,"gold_loss":0.0,"damage_taken":0.0,"cards_obtained":["Doubt"]},{"damage_healed":0.0,"max_hp_gain":0.0,"max_hp_loss":0.0,"gold_gain":0.0,"event_name":"Cursed Tome","player_choice":"Obtained Book","floor":20.0,"gold_loss":0.0,"damage_taken":16.0},{"damage_healed":0.0,"max_hp_gain":0.0,"max_hp_loss":0.0,"gold_gain":0.0,"event_name":"FaceTrader","player_choice":"Trade","floor":25.0,"gold_loss":0.0,"damage_taken":0.0,"relics_obtained":["NlothsMask"]},{"damage_healed":0.0,"max_hp_gain":0.0,"max_hp_loss":0.0,"gold_gain":0.0,"event_name":"Drug Dealer","player_choice":"Inject Mutagens","floor":30.0,"gold_loss":0.0,"damage_taken":0.0,"relics_obtained":["MutagenicStrength"]},{"cards_removed":["Rebound"],"damage_healed":0.0,"max_hp_gain":0.0,"max_hp_loss":0.0,"gold_gain":0.0,"event_name":"Falling","player_choice":"Removed Attack","floor":36.0,"gold_loss":0.0,"damage_taken":0.0},{"damage_healed":0.0,"max_hp_gain":0.0,"max_hp_loss":0.0,"gold_gain":0.0,"event_name":"Mysterious Sphere","player_choice":"Ignored","floor":38.0,"gold_loss":0.0,"damage_taken":0.0}],"is_beta":false,"boss_relics":[{"not_picked":["Fusion Hammer","Philosopher\u0027s Stone"],"picked":"Nuclear Battery"},{"not_picked":["Sozu","Snecko Eye"],"picked":"Cursed Key"}],"items_purged_floors":[24],"is_endless":false,"potions_floor_spawned":[10,11,12,14,16,18,28,31,41,45],"killed_by":"Giant Head","ascension_level":6}