{"path_per_floor":["M","M","?","$","M","E","R","E","T","M","M","?","?","M","R"],"character_chosen":"THE_SILENT","items_purchased":["Footwork"],"gold_per_floor":[213,224,224,76,91,124,124,153,228,245,262,262,262,280,280],"floor_reached":16,"campfire_rested":2,"playtime":958,"current_hp_per_floor":[69,67,67,67,60,32,55,18,18,18,15,15,15,15,38],"items_purged":["Strike_G"],"gold":280,"play_id":"d9d66ac8-f65d-4538-b924-3652a84e3be0","is_prod":false,"is_daily":false,"is_ascension_mode":false,"campfire_upgraded":0,"path_taken":["M","M","?","$","M","E","R","E","T","M","?","?","?","M","R","BOSS"],"build_version":"2018-02-01-PROD3","purchased_purges":1,"victory":false,"master_deck":["Defend_G","Defend_G","Defend_G","Defend_G","Strike_G","Strike_G","Strike_G","Strike_G","Survivor","Neutralize","Outmaneuver","Noxious Fumes","Footwork","Poisoned Stab","Dagger Throw","Dagger Throw","Outmaneuver","A Thousand Cuts","Slice"],"max_hp_per_floor":[70,70,70,70,70,77,77,77,77,77,77,77,77,77,77],"relics":["Ring of the Snake","Strawberry","Bag of Preparation","Centennial Puzzle"],"card_choices":[{"not_picked":["PiercingWail","Skewer"],"picked":"Outmaneuver"},{"not_picked":["Outmaneuver","Flying Knee"],"picked":"Noxious Fumes"},{"not_picked":["Dagger Throw","Unload"],"picked":"Poisoned Stab"},{"not_picked":["PiercingWail","Slice"],"picked":"Dagger Throw"},{"not_picked":["PiercingWail","Calculated Gamble"],"picked":"Dagger Throw"},{"not_picked":["Slice","PiercingWail"],"picked":"Outmaneuver"},{"not_picked":["Dodge and Roll","Dagger Spray"],"picked":"A Thousand Cuts"},{"not_picked":["Caltrops","Outmaneuver"],"picked":"Slice"}],"player_experience":52819,"potions_floor_usage":[6,6,8,14,16],"damage_taken":[{"damage":1,"enemies":"Cultist","floor":1,"turns":5},{"damage":2,"enemies":"Jaw Worm","floor":2,"turns":5},{"damage":7,"enemies":"Blue Slaver","floor":5,"turns":6},{"damage":35,"enemies":"Gremlin Nob","floor":6,"turns":6},{"damage":37,"enemies":"Lagavulin","floor":8,"turns":7},{"damage":0,"enemies":"Exordium Wildlife","floor":10,"turns":4},{"damage":3,"enemies":"Looter","floor":11,"turns":4},{"damage":0,"enemies":"2 Fungi Beasts","floor":14,"turns":3},{"damage":40,"enemies":"Hexaghost","floor":16,"turns":9}],"event_choices":[{"event_name":"The Lab","player_choice":"Got Potions","floor":3,"damage_taken":0},{"event_name":"Living Wall","player_choice":"Forget","floor":12,"damage_taken":0},{"event_name":"Shining Light","player_choice":"Ignored","floor":13,"damage_taken":0}],"boss_relics":[],"potions_floor_spawned":[2,5,11,14],"seed_played":"401087167195836914","killed_by":"Hexaghost","ascension_level":0,"is_trial":false}