{"path_per_floor":["M","$","M","$","M","R","E","M","T","E","R","M","M","$","R","B",null,"M","M","?","?","$","R","E","R","T","E","M","M","E","$","R","B",null,"M","?","M","M","$","E","R","E","T","R","?","R","E","M","R"],"character_chosen":"THE_SILENT","items_purchased":["Outmaneuver","Blur","Poisoned Stab","PiercingWail","Well Laid Plans","Blade Dance","Infinite Blades"],"gold_per_floor":[118,35,55,55,70,70,102,115,142,168,168,180,193,45,45,145,145,155,175,175,175,0,0,32,32,32,64,81,92,117,78,78,183,183,203,203,215,231,26,52,52,77,101,101,0,0,31,43,43],"floor_reached":50,"campfire_rested":4,"playtime":3913,"current_hp_per_floor":[70,70,69,69,69,69,41,39,39,35,35,30,20,20,20,20,80,70,70,54,61,61,61,46,46,46,38,32,9,6,6,32,11,87,69,69,51,39,39,43,43,24,24,50,50,76,26,26,52],"items_purged":["Strike_G","Strike_G","Strike_G"],"gold":43,"score":674,"play_id":"5c9eefea-3130-48a7-abde-31b727e34dbe","is_prod":false,"is_daily":false,"is_ascension_mode":false,"campfire_upgraded":6,"path_taken":["M","?","M","?","?","R","E","M","T","E","R","M","M","$","R","BOSS","M","M","?","?","?","R","E","R","T","E","?","M","E","$","R","BOSS","M","?","M","M","$","E","R","E","T","R","?","R","E","?","R","BOSS"],"build_version":"2018-02-08-BETA1","purchased_purges":3,"victory":false,"master_deck":["Defend_G","Defend_G","Defend_G","Defend_G","Defend_G","Strike_G","Survivor","Neutralize+1","Well Laid Plans","Outmaneuver+1","Blur","Caltrops","Dash","Outmaneuver+1","Flying Knee","Crippling Poison","Noxious Fumes+1","Flying Knee","Poisoned Stab","PiercingWail","A Thousand Cuts+1","Acrobatics+1","Blade Dance+1","Well Laid Plans","Footwork+1","Distraction+1","Slice+1","Outmaneuver+1","Flying Knee+1","Blade Dance+1","Adrenaline","Blur+1","Deflect+1","Flying Knee+1","Infinite Blades","Leg Sweep","Acrobatics+1","Escape Plan+1","Night Terror"],"max_hp_per_floor":[70,70,70,70,70,70,70,70,70,80,80,80,80,80,80,80,80,80,80,80,87,87,87,87,87,87,87,87,87,87,87,87,87,87,87,87,87,87,87,87,87,87,87,87,87,87,87,87,87],"relics":["Ring of the Snake","Omamori","Snake Skull","Pear","Sozu","Necronomicon","Strawberry","Bottled Tornado","Oddly Smooth Stone","Shuriken","Molten Egg 2","Lizard Tail","Darkstone Periapt","Vajra","War Paint","Red Mask","Orichalcum"],"card_choices":[{"not_picked":["Skewer","Finisher"],"picked":"Well Laid Plans"},{"not_picked":["Blade Dance","Blur"],"picked":"Caltrops"},{"not_picked":["Dagger Throw","Deadly Poison"],"picked":"Dash"},{"not_picked":["Glass Knife","Backstab"],"picked":"Outmaneuver"},{"not_picked":["Bane","Acrobatics"],"picked":"Flying Knee"},{"not_picked":["Underhanded Strike","Calculated Gamble"],"picked":"Crippling Poison"},{"not_picked":["Finisher","Catalyst"],"picked":"Noxious Fumes"},{"not_picked":["Catalyst","Sucker Punch"],"picked":"Flying Knee"},{"not_picked":["Bullet Time","Die Die Die"],"picked":"A Thousand Cuts"},{"not_picked":["Deflect","Predator"],"picked":"Acrobatics"},{"not_picked":["Dagger Spray","Slice"],"picked":"Blade Dance"},{"not_picked":["Dagger Spray","Bane"],"picked":"Footwork"},{"not_picked":["Sucker Punch","A Thousand Cuts"],"picked":"Distraction"},{"not_picked":["Sucker Punch","Dagger Spray"],"picked":"Slice"},{"not_picked":["Acrobatics","Dodge and Roll"],"picked":"Outmaneuver"},{"not_picked":["Quick Slash","Tools of the Trade"],"picked":"Flying Knee"},{"not_picked":["Corpse Explosion","Glass Knife"],"picked":"Adrenaline"},{"not_picked":["Outmaneuver","Well Laid Plans"],"picked":"Blur"},{"not_picked":["Poisoned Stab","Finisher"],"picked":"Deflect"},{"not_picked":["Cloak And Dagger","Expertise"],"picked":"Flying Knee"},{"not_picked":["Deflect","Poisoned Stab"],"picked":"Leg Sweep"},{"not_picked":["All Out Attack","Dagger Throw"],"picked":"Acrobatics"},{"not_picked":["Deadly Poison","Endless Agony"],"picked":"Escape Plan"},{"not_picked":["Heel Hook","Bane"],"picked":"Night Terror"}],"player_experience":81598,"potions_floor_usage":[7,10,10],"damage_taken":[{"damage":0,"enemies":"Blue Slaver","floor":1,"turns":7},{"damage":1,"enemies":"Cultist","floor":3,"turns":6},{"damage":0,"enemies":"Jaw Worm","floor":5,"turns":4},{"damage":28,"enemies":"Gremlin Nob","floor":7,"turns":5},{"damage":2,"enemies":"Large Slime","floor":8,"turns":11},{"damage":29,"enemies":"Lagavulin","floor":10,"turns":11},{"damage":5,"enemies":"Exordium Wildlife","floor":12,"turns":6},{"damage":10,"enemies":"Looter","floor":13,"turns":3},{"damage":0,"enemies":"Hexaghost","floor":16,"turns":9},{"damage":10,"enemies":"Chosen","floor":18,"turns":6},{"damage":0,"enemies":"3 Byrds","floor":19,"turns":4},{"damage":15,"enemies":"Gremlin Leader","floor":24,"turns":6},{"damage":8,"enemies":"Slavers","floor":27,"turns":5},{"damage":6,"enemies":"Snecko","floor":28,"turns":5},{"damage":23,"enemies":"Chosen and Byrds","floor":29,"turns":5},{"damage":3,"enemies":"Book of Stabbing","floor":30,"turns":5},{"damage":21,"enemies":"Collector","floor":33,"turns":8},{"damage":18,"enemies":"Orb Walker","floor":35,"turns":4},{"damage":18,"enemies":"3 Shapes","floor":37,"turns":7},{"damage":12,"enemies":"Spire Growth","floor":38,"turns":6},{"damage":43,"enemies":"2 Orb Walkers","floor":40,"turns":6},{"damage":19,"enemies":"Nemesis","floor":42,"turns":10},{"damage":50,"enemies":"2 Orb Walkers","floor":47,"turns":5},{"damage":0,"enemies":"3 Darklings","floor":48,"turns":4},{"damage":64,"enemies":"Awakened One","floor":50,"turns":10}],"event_choices":[{"event_name":"Cursed Tome","player_choice":"Obtained Book","floor":20,"damage_taken":0},{"event_name":"The Mausoleum","player_choice":"Yes","floor":21,"damage_taken":0},{"event_name":"Tomb of Lord Red Mask","player_choice":"Paid","floor":45,"damage_taken":0}],"boss_relics":[{"not_picked":["Snecko Eye","Runic Dome"],"picked":"Sozu"},{"not_picked":["White Beast Statue","Orrery"],"picked":"Lizard Tail"}],"potions_floor_spawned":[1,3,8,12,18,27,29,30,37,47],"seed_played":"-3109005186292088403","killed_by":"Awakened One","ascension_level":0,"is_trial":false}