{"path_per_floor":["M","?","?","$","M","R","E","R","T","M","M","E","M","M","R","B",null,"M","?","?","M","?"],"character_chosen":"DEFECT","items_purchased":["Jack Of All Trades"],"gold_per_floor":[115,190,190,17,29,29,56,56,106,122,142,168,184,197,197,300,300,288,288,288,307,230,230],"floor_reached":23,"campfire_rested":1,"playtime":859,"item_purchase_floors":[4],"current_hp_per_floor":[75,64,64,64,61,61,54,54,54,61,50,46,44,45,69,44,73,80,80,56,48,48,0],"items_purged":["Regret"],"gold":230,"score":281,"play_id":"35cdfb1e-c0d7-4e24-9e43-773b92b1213f","local_time":"20180530030048","is_prod":false,"is_daily":false,"chose_seed":false,"is_ascension_mode":true,"campfire_upgraded":2,"win_rate":0,"timestamp":1527642048,"campfire_choices":[{"data":"Jack Of All Trades","floor":6,"key":"SMITH"},{"data":"Zap","floor":8,"key":"SMITH"},{"floor":15,"key":"REST"}],"path_taken":["M","?","?","$","M","R","E","R","T","M","?","E","M","M","R","BOSS","M","?","?","M","?","E"],"build_version":"2018-05-28","seed_source_timestamp":170538538719228,"purchased_purges":1,"victory":false,"master_deck":["Strike_B","Strike_B","Strike_B","Strike_B","Defend_B","Defend_B","Defend_B","Defend_B","Zap+1","Dualcast","Self Repair","Jack Of All Trades+1","Glacier","Loop","Sunder","Cold Snap","Chill","Cold Snap","Fission","Hologram","Swift Strike","Trip","J.A.X."],"max_hp_per_floor":[82,82,82,82,82,82,82,82,82,82,82,82,82,82,82,82,82,82,82,82,82,82,82],"relics":["Cracked Core","Bag of Marbles","Oddly Smooth Stone","DataDisk","Ornamental Fan","Cursed Key"],"card_choices":[{"not_picked":["Hello World","Reinforced Body"],"picked":"Self Repair","floor":1},{"not_picked":["Leap","Storm"],"picked":"Glacier","floor":5},{"not_picked":["Turbo","Hologram"],"picked":"Loop","floor":7},{"not_picked":["Compile Driver","Streamline"],"picked":"Sunder","floor":10},{"not_picked":["Self Repair","Turbo"],"picked":"Cold Snap","floor":11},{"not_picked":["Darkness","Streamline"],"picked":"Chill","floor":12},{"not_picked":["Streamline","Turbo"],"picked":"Cold Snap","floor":13},{"not_picked":["Ball Lightning","Compile Driver","Undo"],"picked":"SKIP","floor":14},{"not_picked":["Thunder Strike","Meteor Strike"],"picked":"Fission","floor":16},{"not_picked":["Lockon+1","Go for the Eyes"],"picked":"Hologram","floor":18},{"not_picked":["Redo","Go for the Eyes","Turbo"],"picked":"SKIP","floor":21}],"player_experience":119208,"potions_floor_usage":[7,16,18,21],"damage_taken":[{"damage":0,"enemies":"Small Slimes","floor":1,"turns":2},{"damage":10,"enemies":"2 Louse","floor":5,"turns":3},{"damage":14,"enemies":"3 Sentries","floor":7,"turns":12},{"damage":0,"enemies":"Jaw Worm","floor":10,"turns":4},{"damage":11,"enemies":"Looter","floor":11,"turns":2},{"damage":11,"enemies":"Lagavulin","floor":12,"turns":8},{"damage":2,"enemies":"Exordium Wildlife","floor":13,"turns":2},{"damage":6,"enemies":"3 Louse","floor":14,"turns":3},{"damage":32,"enemies":"Hexaghost","floor":16,"turns":11},{"damage":0,"enemies":"2 Thieves","floor":18,"turns":4},{"damage":15,"enemies":"3 Byrds","floor":21,"turns":6},{"damage":49,"enemies":"Book of Stabbing","floor":23,"turns":8}],"relics_obtained":[{"floor":7,"key":"Oddly Smooth Stone"},{"floor":9,"key":"DataDisk"},{"floor":12,"key":"Ornamental Fan"}],"event_choices":[{"event_name":"World of Goop","player_choice":"Gather Gold","floor":2,"damage_taken":0},{"event_name":"Big Fish","player_choice":"Box","floor":3,"damage_taken":0},{"event_name":"Vampires","player_choice":"Ignored","floor":19,"damage_taken":0},{"event_name":"Knowing Skull","player_choice":"CARD CARD ","floor":20,"damage_taken":0},{"event_name":"Drug Dealer","player_choice":"Got JAXXED","floor":22,"damage_taken":0}],"boss_relics":[{"not_picked":["Ectoplasm","White Beast Statue"],"picked":"Cursed Key"}],"items_purged_floors":[4],"potions_floor_spawned":[1,11,12,16,18],"seed_played":"-7913383422565761449","killed_by":"Book of Stabbing","ascension_level":8,"potions_obtained":[{"floor":1,"key":"SkillPotion"},{"floor":11,"key":"Energy Potion"},{"floor":12,"key":"Swift Potion"},{"floor":16,"key":"Block Potion"},{"floor":18,"key":"SkillPotion"}],"is_trial":false}