{"path_per_floor":["M","?","$","M","$","E","R","?","T","?","R","?","?","M","R","B",null,"M","M","$","M","?","R","M","R","T","?","?","E","R","T","R"],"character_chosen":"DEFECT","items_purchased":["Loop"],"gold_per_floor":[110,110,35,50,16,43,43,43,67,67,67,32,32,47,47,151,151,166,138,38,58,58,58,70,70,70,70,0,25,25,25,25,25],"floor_reached":33,"campfire_rested":5,"playtime":1034,"item_purchase_floors":[5],"current_hp_per_floor":[61,46,46,46,46,30,52,52,52,52,52,70,70,70,70,62,72,71,41,41,28,28,50,36,58,58,51,51,28,50,50,72,0],"items_purged":["Strike_B","Defend_B"],"gold":25,"score":363,"play_id":"958ea799-b8dd-4b7f-9955-b9c5bd445e90","local_time":"20180620010812","is_prod":false,"is_daily":false,"chose_seed":false,"is_ascension_mode":true,"campfire_upgraded":2,"win_rate":0,"timestamp":1529449692,"campfire_choices":[{"floor":7,"key":"REST"},{"data":"Loop","floor":11,"key":"SMITH"},{"data":"Redo","floor":15,"key":"SMITH"},{"floor":23,"key":"REST"},{"floor":25,"key":"REST"},{"floor":30,"key":"REST"},{"floor":32,"key":"REST"}],"path_taken":["M","?","?","M","$","E","R","?","T","?","R","?","?","M","R","BOSS","M","M","$","M","?","R","M","R","T","?","?","E","R","?","R","BOSS"],"build_version":"2018-06-18","seed_source_timestamp":353106411440791,"purchased_purges":2,"circlet_count":0,"victory":false,"master_deck":["Defend_B+1","Defend_B+1","Zap","Dualcast+1","Tempest+1","Cold Snap","Loop+1","Go for the Eyes+1","FTL+1","Redo+1","Machine Learning","Streamline+1","Darkness+1","Stack+1","Gash+1","Capacitor+1","Gash","Doom and Gloom"],"max_hp_per_floor":[75,75,75,75,75,75,75,75,75,75,75,75,75,75,75,75,75,75,75,75,75,75,75,75,75,75,75,75,75,75,75,75,75],"relics":["Cracked Core","Juzu Bracelet","War Paint","Astrolabe","Anchor","Whetstone","Turnip"],"card_choices":[{"not_picked":["Coolheaded","Sweeping Beam","Darkness"],"picked":"SKIP","floor":1},{"not_picked":["Rebound","Ball Lightning"],"picked":"Cold Snap","floor":4},{"not_picked":["Capacitor","Darkness"],"picked":"Go for the Eyes","floor":6},{"not_picked":["Hello World","Blizzard"],"picked":"Redo","floor":14},{"not_picked":["Hyperbeam","Rainbow"],"picked":"Machine Learning","floor":16},{"not_picked":["Melter+1","Sweeping Beam"],"picked":"Stack+1","floor":18},{"not_picked":["Hello World","Steam"],"picked":"Gash","floor":19},{"not_picked":["Rebound+1","Ball Lightning"],"picked":"Capacitor+1","floor":21},{"not_picked":["Rebound","Leap"],"picked":"Doom and Gloom","floor":24},{"not_picked":["Streamline","Steam+1","Rebound+1"],"picked":"SKIP","floor":29}],"player_experience":127028,"potions_floor_usage":[24,29,33],"damage_taken":[{"damage":7,"enemies":"Jaw Worm","floor":1,"turns":3},{"damage":0,"enemies":"Small Slimes","floor":4,"turns":4},{"damage":16,"enemies":"Lagavulin","floor":6,"turns":8},{"damage":0,"enemies":"Cultist","floor":14,"turns":3},{"damage":8,"enemies":"The Guardian","floor":16,"turns":10},{"damage":1,"enemies":"Spheric Guardian","floor":18,"turns":3},{"damage":30,"enemies":"2 Thieves","floor":19,"turns":5},{"damage":13,"enemies":"Centurion and Healer","floor":21,"turns":8},{"damage":14,"enemies":"3 Cultists","floor":24,"turns":5},{"damage":23,"enemies":"Book of Stabbing","floor":29,"turns":5},{"damage":88,"enemies":"Automaton","floor":33,"turns":6}],"relics_obtained":[{"floor":6,"key":"Juzu Bracelet"},{"floor":9,"key":"War Paint"},{"floor":26,"key":"Anchor"},{"floor":29,"key":"Whetstone"},{"floor":31,"key":"Turnip"}],"event_choices":[{"event_name":"Shining Light","player_choice":"Entered Light","floor":2,"damage_taken":0},{"event_name":"Match and Keep!","player_choice":"1 cards matched","floor":8,"damage_taken":0},{"event_name":"The Lab","player_choice":"Got Potions","floor":10,"damage_taken":0},{"event_name":"The Cleric","player_choice":"Healed","floor":12,"damage_taken":0},{"event_name":"Upgrade Shrine","player_choice":"Upgraded","floor":13,"damage_taken":0},{"event_name":"Transmorgrifier","player_choice":"Transform","floor":22,"damage_taken":0},{"event_name":"Knowing Skull","player_choice":"","floor":27,"damage_taken":0},{"event_name":"Masked Bandits","player_choice":"Paid Bandits 70 gold","floor":28,"damage_taken":0}],"boss_relics":[{"not_picked":["Lizard Tail","Orrery"],"picked":"Astrolabe"}],"items_purged_floors":[3,20],"is_endless":true,"potions_floor_spawned":[6,19,24],"seed_played":"-1445248449361574666","killed_by":"Automaton","ascension_level":8,"potions_obtained":[{"floor":6,"key":"Block Potion"},{"floor":10,"key":"Block Potion"},{"floor":10,"key":"SneckoOil"},{"floor":19,"key":"SpeedPotion"},{"floor":24,"key":"PowerPotion"}],"is_trial":false}