{"gold_per_floor":[113,133,152,24,34,68,68,68,68,68,95,14,29,48,48,149,149,167,167,20,37,47,47,81,94,171,171,197,212,212,226,226,328,328,340,740,26,26,42,42,72,85,112,112,160,160,160,180,180,180],"floor_reached":51,"playtime":9955,"items_purged":["Strike_G","Strike_G","Tactician"],"score":1066,"play_id":"9e6851ed-6a93-44f0-a1f6-b334454755d1","local_time":"20190412200118","is_ascension_mode":true,"campfire_choices":[{"data":"Accuracy","floor":7.0,"key":"SMITH"},{"floor":10.0,"key":"REST"},{"data":"After Image","floor":15.0,"key":"SMITH"},{"data":"Noxious Fumes","floor":23.0,"key":"SMITH"},{"floor":27.0,"key":"REST"},{"floor":32.0,"key":"REST"},{"data":"Night Terror","floor":40,"key":"SMITH"},{"data":"Blade Dance","floor":46,"key":"SMITH"},{"floor":49,"key":"REST"}],"neow_cost":"NONE","seed_source_timestamp":0,"circlet_count":0,"master_deck":["AscendersBane","Defend_G","Defend_G","Defend_G","Defend_G","Survivor","Neutralize","Accuracy+1","Flying Knee","Dagger Spray","Bane","Dodge and Roll","Poisoned Stab","Infinite Blades","After Image+1","Sucker Punch","Noxious Fumes+1","Quick Slash","Phantasmal Killer","Blade Dance","Backflip","Backstab","Escape Plan+1","PiercingWail","Backflip","Blade Dance+1","Slice","Leg Sweep","Blur","Night Terror+1","Cloak And Dagger+1","Setup+1","Dramatic Entrance","Prepared+1","Footwork+1","Cloak And Dagger+1","Finisher+1"],"special_seed":0,"relics":["Ring of the Snake","Ninja Scroll","Ornamental Fan","Darkstone Periapt","WristBlade","Letter Opener","Bottled Tornado","Pantograph","Sozu","Old Coin","Shuriken","Boot","Sling","Dream Catcher","Juzu Bracelet","Strawberry","Toxic Egg 2"],"potions_floor_usage":[],"damage_taken":[{"damage":0.0,"enemies":"Cultist","floor":1.0,"turns":5.0},{"damage":0.0,"enemies":"2 Louse","floor":2.0,"turns":5.0},{"damage":4.0,"enemies":"Small Slimes","floor":3.0,"turns":4.0},{"damage":8.0,"enemies":"Red Slaver","floor":5.0,"turns":5.0},{"damage":24.0,"enemies":"3 Sentries","floor":6.0,"turns":12.0},{"damage":6.0,"enemies":"Lagavulin","floor":11.0,"turns":6.0},{"damage":7.0,"enemies":"Exordium Wildlife","floor":13.0,"turns":5.0},{"damage":4.0,"enemies":"2 Fungi Beasts","floor":14.0,"turns":3.0},{"damage":7.0,"enemies":"Hexaghost","floor":16.0,"turns":9.0},{"damage":0.0,"enemies":"3 Byrds","floor":18.0,"turns":5.0},{"damage":1.0,"enemies":"Chosen","floor":21.0,"turns":3.0},{"damage":11.0,"enemies":"Sentry and Sphere","floor":22.0,"turns":7.0},{"damage":24.0,"enemies":"Book of Stabbing","floor":24.0,"turns":5.0},{"damage":4.0,"enemies":"Centurion and Healer","floor":25.0,"turns":7.0},{"damage":13.0,"enemies":"Gremlin Leader","floor":28.0,"turns":6.0},{"damage":2.0,"enemies":"Shelled Parasite and Fungi","floor":29.0,"turns":4.0},{"damage":5.0,"enemies":"Snecko","floor":31.0,"turns":6.0},{"damage":67.0,"enemies":"Champ","floor":33.0,"turns":15.0},{"damage":11.0,"enemies":"3 Darklings","floor":35.0,"turns":6.0},{"damage":0.0,"enemies":"Mind Bloom Boss Battle","floor":36.0,"turns":5.0},{"damage":0,"enemies":"Orb Walker","floor":39,"turns":3},{"damage":15,"enemies":"Nemesis","floor":41,"turns":5},{"damage":0,"enemies":"3 Darklings","floor":42,"turns":3},{"damage":33,"enemies":"Transient","floor":48,"turns":5},{"damage":55,"enemies":"Awakened One","floor":50,"turns":15}],"seed_played":"-3363618975965053340","potions_obtained":[{"floor":2.0,"key":"Swift Potion"},{"floor":6.0,"key":"EntropicBrew"},{"floor":13.0,"key":"FearPotion"},{"floor":16.0,"key":"LiquidBronze"},{"floor":18.0,"key":"SpeedPotion"},{"floor":21.0,"key":"Dexterity Potion"},{"floor":25.0,"key":"Energy Potion"},{"floor":31.0,"key":"Ancient Potion"}],"is_trial":false,"path_per_floor":["M","M","M","$","M","E","R","?","T","R","E","$","M","M","R","B",null,"M","?","$","M","M","R","E","M","T","R","E","M","?","M","R","B",null,"M","?","$","?","M","R","E","M","T","?","T","R","?","M","R","B",null],"character_chosen":"THE_SILENT","items_purchased":["Dodge and Roll","Noxious Fumes","Backflip","Shuriken","Boot","Sling"],"campfire_rested":4,"item_purchase_floors":[4,12,20,37,37,37],"current_hp_per_floor":[63,63,59,59,51,27,27,27,27,48,57,57,50,46,46,39,62,62,62,62,61,50,50,26,22,22,43,30,28,28,23,44,2,53,42,67,67,67,67,67,52,52,52,52,59,59,59,26,49,19],"gold":180,"neow_bonus":"TRANSFORM_CARD","is_prod":false,"is_daily":false,"chose_seed":false,"campfire_upgraded":5,"win_rate":0,"timestamp":1555124478,"path_taken":["M","M","M","?","M","E","R","?","T","R","E","$","?","M","R","BOSS","M","?","$","M","?","R","E","M","T","R","E","M","?","M","R","BOSS","M","?","$","?","?","R","E","M","T","?","?","R","?","M","R","BOSS"],"build_version":"2019-01-23","purchased_purges":3,"victory":true,"max_hp_per_floor":[70,70,70,70,70,70,70,70,70,70,70,70,70,70,70,70,70,70,70,70,70,70,70,70,70,70,70,70,70,70,70,70,70,70,70,70,70,70,70,70,70,70,70,70,77,77,77,77,77,77],"card_choices":[{"not_picked":["Prepared","Flechettes"],"picked":"Flying Knee","floor":1.0},{"not_picked":["Distraction","Bane"],"picked":"Dagger Spray","floor":2.0},{"not_picked":["Catalyst","Choke"],"picked":"Bane","floor":3.0},{"not_picked":["Deflect","Quick Slash"],"picked":"Poisoned Stab","floor":5.0},{"not_picked":["Flying Knee","PiercingWail"],"picked":"Infinite Blades","floor":6.0},{"not_picked":["Tactician","Deflect"],"picked":"Sucker Punch","floor":11.0},{"not_picked":["Underhanded Strike","Outmaneuver","Dagger Throw"],"picked":"SKIP","floor":13.0},{"not_picked":["Deadly Poison","Setup"],"picked":"Quick Slash","floor":14.0},{"not_picked":["Glass Knife","Storm of Steel"],"picked":"Phantasmal Killer","floor":16.0},{"not_picked":["Bane","Catalyst+1"],"picked":"Blade Dance","floor":18.0},{"not_picked":["All Out Attack","Dagger Spray"],"picked":"Backstab","floor":21.0},{"not_picked":["Quick Slash","Setup"],"picked":"Escape Plan+1","floor":22.0},{"not_picked":["Sucker Punch","Bane"],"picked":"PiercingWail","floor":24.0},{"not_picked":["Dash","Dodge and Roll"],"picked":"Backflip","floor":25.0},{"not_picked":["Flying Knee","Venomology"],"picked":"Blade Dance","floor":28.0},{"not_picked":["Blade Dance","Poisoned Stab"],"picked":"Slice","floor":29.0},{"not_picked":["Cloak And Dagger","Flying Knee"],"picked":"Blur","floor":31.0},{"not_picked":["Die Die Die","Unload"],"picked":"Night Terror","floor":33.0},{"not_picked":["Dagger Spray","Dagger Throw+1"],"picked":"Cloak And Dagger+1","floor":35.0},{"not_picked":["Flechettes+1","Dagger Spray+1"],"picked":"Setup+1","floor":36.0},{"not_picked":["Mind Blast","Violence"],"picked":"Dramatic Entrance","floor":38},{"not_picked":["Dodge and Roll","Flying Knee"],"picked":"Prepared+1","floor":39},{"not_picked":["Concentrate","Acrobatics+1"],"picked":"Footwork+1","floor":41},{"not_picked":["Dagger Throw+1","Outmaneuver+1","Expertise+1"],"picked":"SKIP","floor":42},{"not_picked":["Backflip+1","Slice+1"],"picked":"Cloak And Dagger+1","floor":48},{"not_picked":["Skewer","Catalyst+1"],"picked":"Finisher+1","floor":49}],"player_experience":782349,"relics_obtained":[{"floor":6.0,"key":"Ninja Scroll"},{"floor":9.0,"key":"Ornamental Fan"},{"floor":11.0,"key":"Darkstone Periapt"},{"floor":24.0,"key":"Letter Opener"},{"floor":26.0,"key":"Bottled Tornado"},{"floor":28.0,"key":"Pantograph"},{"floor":36.0,"key":"Old Coin"},{"floor":41,"key":"Dream Catcher"},{"floor":43,"key":"Juzu Bracelet"},{"floor":45,"key":"Strawberry"}],"event_choices":[{"damage_healed":0.0,"max_hp_gain":0.0,"max_hp_loss":0.0,"gold_gain":0.0,"event_name":"Match and Keep!","player_choice":"1 cards matched","floor":8.0,"gold_loss":0.0,"damage_taken":0.0,"cards_obtained":["After Image"]},{"damage_healed":0.0,"max_hp_gain":0.0,"max_hp_loss":0.0,"gold_gain":0.0,"event_name":"NoteForYourself","player_choice":"Ignored","floor":19.0,"gold_loss":0.0,"damage_taken":0.0},{"damage_healed":0.0,"max_hp_gain":0.0,"max_hp_loss":0.0,"gold_gain":0.0,"cards_transformed":["Strike_G","Strike_G"],"event_name":"Drug Dealer","player_choice":"Became Test Subject","floor":30.0,"gold_loss":0.0,"damage_taken":0.0,"cards_obtained":["Tactician","Leg Sweep"]},{"damage_healed":0.0,"max_hp_gain":0.0,"max_hp_loss":0.0,"gold_gain":0.0,"event_name":"MindBloom","player_choice":"Fight","floor":36.0,"gold_loss":0.0,"damage_taken":0.0},{"damage_healed":0,"gold_gain":0,"player_choice":"Memory 1","damage_taken":0,"max_hp_gain":0,"max_hp_loss":0,"event_name":"SensoryStone","floor":38,"gold_loss":0},{"cards_removed":["Defend_G"],"damage_healed":0,"gold_gain":0,"player_choice":"Removed Skill","damage_taken":0,"max_hp_gain":0,"max_hp_loss":0,"event_name":"Falling","floor":44,"gold_loss":0},{"damage_healed":0,"gold_gain":0,"player_choice":"Gave Potion","damage_taken":0,"relics_obtained":["Toxic Egg 2"],"max_hp_gain":0,"max_hp_loss":0,"event_name":"WeMeetAgain","floor":47,"gold_loss":0}],"is_beta":false,"boss_relics":[{"not_picked":["Coffee Dripper","Fusion Hammer"],"picked":"WristBlade"},{"not_picked":["Lizard Tail","HoveringKite"],"picked":"Sozu"}],"items_purged_floors":[4,20,37],"is_endless":false,"potions_floor_spawned":[2,6,13,16,18,21,25,31,36,42],"ascension_level":10}