{"gold_per_floor":[99,99,99,99,99,99,99,99,99,99,99,1,0,0,0,0,0,0,0,0,0,0,0,0,0,0,0,0,0,0,0,0,0,0,0,0,0,0,0,0,0,0,0,0,0,0,0,0,0,0],"floor_reached":50,"playtime":2572,"items_purged":["Defend_B"],"score":633,"play_id":"4dfb99fe-ddde-4d44-b3d9-3a7929382245","local_time":"20181109220327","is_ascension_mode":true,"campfire_choices":[{"data":"Compile Driver","floor":6,"key":"SMITH"},{"floor":15,"key":"REST"},{"floor":23,"key":"REST"},{"data":"Defragment","floor":27,"key":"SMITH"},{"floor":32,"key":"REST"},{"floor":40,"key":"REST"},{"data":"Chrysalis","floor":41,"key":"SMITH"},{"data":"Scrape","floor":42,"key":"SMITH"},{"floor":49,"key":"REST"}],"neow_cost":"NONE","seed_source_timestamp":668470354646607,"circlet_count":0,"master_deck":["Zap+1","Dualcast","Stack","Compile Driver+1","Cold Snap","Go for the Eyes","Cold Snap","Defragment+1","Fusion","Gash","Reboot","Compile Driver","White Noise+1","Loop","Conserve Battery","Scrape+1","Glacier","Double Energy+1","Lockon","Machine Learning","Genetic Algorithm","Auto Shields","Blizzard","Conserve Battery","Cold Snap","Leap+1","Chrysalis+1","Finesse","Gash+1","Writhe","Darkness","Chill+1","Gash+1"],"relics":["Ectoplasm","Incense Burner","Cables","War Paint","Runic Pyramid","Red Mask","Gremlin Horn","Matryoshka","Pandora\u0027s Box","Thread and Needle","WingedGreaves","Bag of Preparation","Symbiotic Virus","Pantograph","Sundial"],"potions_floor_usage":[19,29,45,50,50],"damage_taken":[{"damage":1,"enemies":"Cultist","floor":1,"turns":3},{"damage":4,"enemies":"2 Louse","floor":4,"turns":3},{"damage":0,"enemies":"Small Slimes","floor":5,"turns":3},{"damage":2,"enemies":"2 Fungi Beasts","floor":7,"turns":4},{"damage":31,"enemies":"Gremlin Nob","floor":8,"turns":5},{"damage":10,"enemies":"Lagavulin","floor":10,"turns":6},{"damage":0,"enemies":"Blue Slaver","floor":11,"turns":3},{"damage":12,"enemies":"Slime Boss","floor":16,"turns":12},{"damage":7,"enemies":"Shell Parasite","floor":18,"turns":5},{"damage":27,"enemies":"Masked Bandits","floor":19,"turns":5},{"damage":0,"enemies":"Chosen","floor":20,"turns":4},{"damage":0,"enemies":"Snake Plant","floor":21,"turns":5},{"damage":7,"enemies":"Snecko","floor":28,"turns":6},{"damage":14,"enemies":"Book of Stabbing","floor":29,"turns":7},{"damage":5,"enemies":"Centurion and Healer","floor":30,"turns":9},{"damage":7,"enemies":"Shelled Parasite and Fungi","floor":31,"turns":4},{"damage":22,"enemies":"Automaton","floor":33,"turns":14},{"damage":11,"enemies":"Orb Walker","floor":35,"turns":2},{"damage":0,"enemies":"Mind Bloom Boss Battle","floor":37,"turns":9},{"damage":32,"enemies":"2 Orb Walkers","floor":39,"turns":8},{"damage":15,"enemies":"3 Darklings","floor":45,"turns":6},{"damage":10,"enemies":"Maw","floor":48,"turns":10},{"damage":87,"enemies":"Donu and Deca","floor":50,"turns":12}],"seed_played":"201798086208034554","potions_obtained":[{"floor":4,"key":"LiquidBronze"},{"floor":11,"key":"FocusPotion"},{"floor":16,"key":"Energy Potion"},{"floor":20,"key":"Poison Potion"},{"floor":29,"key":"Weak Potion"},{"floor":33,"key":"Block Potion"},{"floor":45,"key":"GamblersBrew"}],"is_trial":false,"path_per_floor":["M","?","?","M","M","R","M","E","T","E","M","$","?","$","R","B",null,"M","?","M","M","?","R","?","?","T","R","M","E","M","M","R","B",null,"M","?","?","?","?","R","R","R","T","T","M","?","?","M","R","B"],"character_chosen":"DEFECT","items_purchased":["Gash"],"campfire_rested":5,"item_purchase_floors":[12],"current_hp_per_floor":[67,67,67,63,63,63,61,30,30,20,20,20,20,20,42,30,64,57,30,30,30,30,52,52,75,75,75,68,54,49,42,64,42,67,56,51,51,70,38,60,60,60,60,60,45,45,45,35,57,0],"gold":0,"neow_bonus":"BOSS_RELIC","is_prod":false,"is_daily":false,"chose_seed":false,"campfire_upgraded":4,"win_rate":0,"timestamp":1541797407,"path_taken":["M","?","?","M","?","R","M","E","T","E","M","$","?","$","R","BOSS","M","?","M","M","?","R","?","?","T","R","M","E","M","?","R","BOSS","M","?","?","?","?","R","R","R","T","?","?","?","?","M","R","BOSS"],"build_version":"2018-11-08","purchased_purges":1,"victory":false,"max_hp_per_floor":[75,75,75,75,75,75,75,75,75,75,75,75,75,75,75,75,75,75,75,75,75,75,75,75,75,75,75,75,75,75,75,75,75,75,75,75,75,75,75,75,75,75,75,75,75,75,75,75,75,75],"card_choices":[{"not_picked":["Redo","Hologram"],"picked":"Stack","floor":1},{"not_picked":["Reinforced Body","Turbo"],"picked":"Compile Driver","floor":4},{"not_picked":["Hologram","Conserve Battery"],"picked":"Cold Snap","floor":5},{"not_picked":["Fission","Steam"],"picked":"Go for the Eyes","floor":7},{"not_picked":["Compile Driver","Sweeping Beam"],"picked":"Cold Snap","floor":8},{"not_picked":["Hologram","Double Energy"],"picked":"Defragment","floor":10},{"not_picked":["Skim","Hello World"],"picked":"Fusion","floor":11},{"not_picked":["Buffer","Biased Cognition"],"picked":"Reboot","floor":16},{"not_picked":["Streamline","Steam"],"picked":"Compile Driver","floor":18},{"not_picked":["Ball Lightning","Rainbow"],"picked":"White Noise+1","floor":19},{"not_picked":["Hologram","Ball Lightning"],"picked":"Loop","floor":20},{"not_picked":["Cold Snap","Rebound+1"],"picked":"Conserve Battery","floor":21},{"not_picked":["Rebound","Redo"],"picked":"Scrape","floor":28},{"not_picked":["Skim","Double Energy"],"picked":"Glacier","floor":29},{"not_picked":["Sunder","Coolheaded"],"picked":"Double Energy+1","floor":30},{"not_picked":["Genetic Algorithm","Barrage+1"],"picked":"Lockon","floor":31},{"not_picked":["Rainbow","Reboot"],"picked":"Machine Learning","floor":33},{"not_picked":["Steam","Barrage"],"picked":"Leap+1","floor":35},{"not_picked":["Forethought","Violence"],"picked":"Chrysalis","floor":36},{"not_picked":["Discovery","Chrysalis"],"picked":"Finesse","floor":36},{"not_picked":["Reinforced Body+1","Hologram"],"picked":"Gash+1","floor":37},{"not_picked":["Conserve Battery+1","Stack"],"picked":"Darkness","floor":39},{"not_picked":["Storm+1","Ball Lightning"],"picked":"Chill+1","floor":45},{"not_picked":["Redo+1","Go for the Eyes+1"],"picked":"Gash+1","floor":48}],"player_experience":149842,"relics_obtained":[{"floor":8,"key":"Incense Burner"},{"floor":9,"key":"Cables"},{"floor":10,"key":"War Paint"},{"floor":19,"key":"Red Mask"},{"floor":26,"key":"Gremlin Horn"},{"floor":29,"key":"Matryoshka"},{"floor":37,"key":"Thread and Needle"},{"floor":39,"key":"WingedGreaves"},{"floor":43,"key":"Bag of Preparation"},{"floor":43,"key":"Symbiotic Virus"},{"floor":44,"key":"Pantograph"},{"floor":44,"key":"Sundial"}],"event_choices":[{"damage_healed":0,"gold_gain":0,"player_choice":"Grow","damage_taken":0,"max_hp_gain":0,"max_hp_loss":0,"event_name":"Living Wall","floor":2,"gold_loss":0,"cards_upgraded":["Zap"]},{"cards_removed":["Strike_B"],"damage_healed":0,"gold_gain":0,"player_choice":"Purged","damage_taken":0,"max_hp_gain":0,"max_hp_loss":0,"event_name":"Purifier","floor":3,"gold_loss":0},{"damage_healed":0,"gold_gain":0,"player_choice":"Left Gold","damage_taken":0,"max_hp_gain":0,"max_hp_loss":0,"event_name":"World of Goop","floor":13,"gold_loss":1},{"damage_healed":0,"gold_gain":0,"player_choice":"Fought Bandits","damage_taken":0,"max_hp_gain":0,"max_hp_loss":0,"event_name":"Masked Bandits","floor":19,"gold_loss":0},{"damage_healed":0,"gold_gain":0,"player_choice":"Ignored","damage_taken":0,"max_hp_gain":0,"max_hp_loss":0,"event_name":"Vampires","floor":22,"gold_loss":0},{"damage_healed":0,"gold_gain":0,"player_choice":"Ignored","damage_taken":0,"max_hp_gain":0,"max_hp_loss":0,"event_name":"Beggar","floor":24,"gold_loss":0},{"damage_healed":25,"gold_gain":0,"player_choice":"Heal","damage_taken":0,"max_hp_gain":0,"max_hp_loss":0,"event_name":"The Library","floor":25,"gold_loss":0},{"damage_healed":0,"gold_gain":0,"player_choice":"Memory 2","damage_taken":5,"max_hp_gain":0,"max_hp_loss":0,"event_name":"SensoryStone","floor":36,"gold_loss":0},{"damage_healed":0,"gold_gain":0,"player_choice":"Fight","damage_taken":0,"max_hp_gain":0,"max_hp_loss":0,"event_name":"MindBloom","floor":37,"gold_loss":0},{"damage_healed":19,"gold_gain":0,"player_choice":"Writhe","damage_taken":0,"max_hp_gain":0,"max_hp_loss":0,"event_name":"Winding Halls","floor":38,"gold_loss":0,"cards_obtained":["Writhe"]},{"damage_healed":0,"gold_gain":0,"player_choice":"Fight","damage_taken":0,"max_hp_gain":0,"max_hp_loss":0,"event_name":"Mysterious Sphere","floor":39,"gold_loss":0},{"cards_removed":["Hologram"],"damage_healed":0,"gold_gain":0,"player_choice":"Removed Skill","damage_taken":0,"max_hp_gain":0,"max_hp_loss":0,"event_name":"Falling","floor":46,"gold_loss":0},{"damage_healed":0,"gold_gain":222,"player_choice":"Wore Mask","damage_taken":0,"max_hp_gain":0,"max_hp_loss":0,"event_name":"Tomb of Lord Red Mask","floor":47,"gold_loss":0}],"is_beta":false,"boss_relics":[{"not_picked":["Calling Bell","Orrery"],"picked":"Runic Pyramid"},{"not_picked":["Fusion Hammer","Velvet Choker"],"picked":"Pandora\u0027s Box"}],"items_purged_floors":[12],"is_endless":false,"potions_floor_spawned":[4,11,16,20,21,29,33,39,45],"killed_by":"Donu and Deca","ascension_level":6}