{"gold_per_floor":[110,31,44,119,130,130,144,169,169,180,355,369,369,382,382,480,480,497,497,67,67,85,118,118,149,149,184,184,24,24,34,34,133,133,147,147,27,43,95,128,228,228,228,257,257],"floor_reached":45,"playtime":5317,"items_purged":["Doubt"],"score":745,"play_id":"86aa5aa9-019a-4748-be99-860f6779ea2d","local_time":"20190321204537","is_ascension_mode":true,"campfire_choices":[{"floor":6,"key":"REST"},{"floor":15,"key":"REST"},{"floor":24,"key":"REST"},{"floor":28,"key":"REST"},{"data":"Infinite Blades","floor":32,"key":"SMITH"},{"floor":42,"key":"REST"}],"neow_cost":"PERCENT_DAMAGE","seed_source_timestamp":937837006507,"circlet_count":0,"master_deck":["Defend_G","Defend_G","Defend_G","Defend_G","Strike_G","Strike_G","Strike_G","Strike_G","Strike_G","Survivor","Neutralize","Flying Knee","Accuracy","Backstab","After Image","Setup","Quick Slash","Backflip","Leg Sweep","Terror","Tools of the Trade","Backflip","Concentrate","Caltrops","Infinite Blades+1","Backflip+1","Backflip+1","Writhe","Glass Knife","Finesse","Caltrops","Dagger Throw+1","A Thousand Cuts","Infinite Blades+1","Well Laid Plans","Dagger Spray+1","Malaise","Prepared+1","Clumsy","Corpse Explosion"],"relics":["Ring of the Snake","PreservedInsect","Bronze Scales","Singing Bowl","Cursed Key","Nloth\u0027s Gift","Incense Burner","Oddly Smooth Stone","Regal Pillow","Ice Cream","Lantern","WristBlade","Du-Vu Doll","Potion Belt","Gambling Chip","Bottled Flame","Strawberry"],"potions_floor_usage":[8,16,23,27,31,31,33,39,39,45],"damage_taken":[{"damage":0,"enemies":"Cultist","floor":1,"turns":5},{"damage":0,"enemies":"2 Louse","floor":3,"turns":2},{"damage":0,"enemies":"Small Slimes","floor":5,"turns":2},{"damage":1,"enemies":"Looter","floor":7,"turns":3},{"damage":52,"enemies":"Gremlin Nob","floor":8,"turns":6},{"damage":3,"enemies":"3 Louse","floor":10,"turns":3},{"damage":0,"enemies":"Exordium Thugs","floor":12,"turns":5},{"damage":1,"enemies":"Exordium Wildlife","floor":14,"turns":4},{"damage":0,"enemies":"Hexaghost","floor":16,"turns":12},{"damage":2,"enemies":"Shell Parasite","floor":18,"turns":7},{"damage":4,"enemies":"Chosen","floor":22,"turns":6},{"damage":21,"enemies":"Gremlin Leader","floor":23,"turns":7},{"damage":25,"enemies":"Book of Stabbing","floor":25,"turns":5},{"damage":0,"enemies":"Gremlin Leader","floor":27,"turns":8},{"damage":6,"enemies":"3 Cultists","floor":31,"turns":7},{"damage":17,"enemies":"Collector","floor":33,"turns":10},{"damage":6,"enemies":"Orb Walker","floor":35,"turns":3},{"damage":0,"enemies":"3 Shapes","floor":38,"turns":4},{"damage":27,"enemies":"2 Orb Walkers","floor":39,"turns":4},{"damage":15,"enemies":"Nemesis","floor":40,"turns":5},{"damage":0,"enemies":"Mind Bloom Boss Battle","floor":41,"turns":6},{"damage":18,"enemies":"Giant Head","floor":44,"turns":6},{"damage":88,"enemies":"Writhing Mass","floor":45,"turns":4}],"seed_played":"-6246643531164910415","potions_obtained":[{"floor":1,"key":"Swift Potion"},{"floor":12,"key":"EssenceOfSteel"},{"floor":16,"key":"Swift Potion"},{"floor":22,"key":"Dexterity Potion"},{"floor":25,"key":"Block Potion"},{"floor":27,"key":"Dexterity Potion"},{"floor":31,"key":"Dexterity Potion"},{"floor":35,"key":"PowerPotion"},{"floor":38,"key":"FairyPotion"},{"floor":41,"key":"Explosive Potion"}],"is_trial":false,"path_per_floor":["$","?","?","?","?","$","$","?","?","?","?"],"character_chosen":"THE_SILENT","items_purchased":["Accuracy","Incense Burner","Concentrate","Caltrops","Finesse","Well Laid Plans","Fire Potion"],"campfire_rested":5,"item_purchase_floors":[2,20,20,20,29,37,37],"current_hp_per_floor":[49,49,49,38,38,59,58,6,6,3,3,3,3,2,23,23,70,68,68,68,68,64,43,64,39,39,39,70,70,70,64,64,47,70,64,64,64,66,39,24,24,60,60,49,0],"gold":257,"neow_bonus":"ONE_RARE_RELIC","is_prod":false,"is_daily":false,"chose_seed":false,"campfire_upgraded":1,"win_rate":0,"timestamp":1553197537,"path_taken":["M","?","M","?","M","R","M","E","T","M","?","M","?","M","R","BOSS","M","?","?","$","M","E","R","E","T","E","R","?","?","M","R","BOSS","M","?","$","M","?","E","?","R","T","E","M"],"build_version":"2019-01-23","purchased_purges":1,"victory":false,"max_hp_per_floor":[70,70,70,70,70,70,70,70,70,70,70,70,70,70,70,70,70,70,70,70,70,70,70,70,70,70,70,70,70,70,70,70,70,70,70,70,70,72,72,72,72,72,72,79,79],"card_choices":[{"not_picked":["Expertise","Deadly Poison"],"picked":"Flying Knee","floor":1},{"not_picked":["Dagger Spray","Cloak And Dagger"],"picked":"Backstab","floor":3},{"not_picked":["Dodge and Roll","Flying Knee"],"picked":"After Image","floor":5},{"not_picked":["Sucker Punch","Blade Dance"],"picked":"Setup","floor":7},{"not_picked":["Escape Plan","Caltrops"],"picked":"Quick Slash","floor":8},{"not_picked":["Dagger Throw","Catalyst"],"picked":"Backflip","floor":10},{"not_picked":["Deadly Poison","Backflip"],"picked":"Leg Sweep","floor":12},{"not_picked":["Dagger Spray","Dagger Throw"],"picked":"Terror","floor":14},{"not_picked":["Night Terror","Malaise"],"picked":"Tools of the Trade","floor":16},{"not_picked":["Poisoned Stab","Cloak And Dagger"],"picked":"Backflip","floor":18},{"not_picked":["Cloak And Dagger+1","Acrobatics+1"],"picked":"Infinite Blades","floor":22},{"not_picked":["Sucker Punch","Deadly Poison"],"picked":"Backflip+1","floor":23},{"not_picked":["Sucker Punch","Prepared"],"picked":"Backflip+1","floor":25},{"not_picked":["Grand Finale","Flying Knee"],"picked":"Glass Knife","floor":27},{"not_picked":["Setup","Prepared"],"picked":"Dagger Throw+1","floor":31},{"not_picked":["Doppelganger","Unload"],"picked":"A Thousand Cuts","floor":33},{"not_picked":["Bane+1","Prepared+1"],"picked":"Infinite Blades+1","floor":35},{"not_picked":["Deadly Poison+1","Acrobatics","Eviscerate"],"picked":"Singing Bowl","floor":38},{"not_picked":["Quick Slash","Calculated Gamble+1"],"picked":"Dagger Spray+1","floor":39},{"not_picked":["Well Laid Plans","Poisoned Stab+1"],"picked":"Malaise","floor":40},{"not_picked":["Backflip+1","Deadly Poison"],"picked":"Prepared+1","floor":41},{"not_picked":["Escape Plan+1","Wraith Form v2"],"picked":"Corpse Explosion","floor":44}],"player_experience":145866,"relics_obtained":[{"floor":8,"key":"PreservedInsect"},{"floor":9,"key":"Bronze Scales"},{"floor":23,"key":"Oddly Smooth Stone"},{"floor":25,"key":"Regal Pillow"},{"floor":26,"key":"Ice Cream"},{"floor":27,"key":"Lantern"},{"floor":39,"key":"Du-Vu Doll"},{"floor":40,"key":"Potion Belt"},{"floor":41,"key":"Gambling Chip"},{"floor":43,"key":"Bottled Flame"},{"floor":44,"key":"Strawberry"}],"event_choices":[{"damage_healed":0,"gold_gain":75,"player_choice":"Gather Gold","damage_taken":11,"max_hp_gain":0,"max_hp_loss":0,"event_name":"World of Goop","floor":4,"gold_loss":0},{"damage_healed":0,"gold_gain":175,"player_choice":"AGREE","damage_taken":0,"max_hp_gain":0,"max_hp_loss":0,"event_name":"Liars Game","floor":11,"gold_loss":0,"cards_obtained":["Doubt"]},{"damage_healed":0,"gold_gain":0,"player_choice":"Searched \u00271\u0027 times","damage_taken":0,"relics_obtained":["Singing Bowl"],"max_hp_gain":0,"max_hp_loss":0,"event_name":"Dead Adventurer","floor":13,"gold_loss":0},{"damage_healed":0,"gold_gain":0,"player_choice":"Traded Relic","damage_taken":0,"relics_obtained":["Nloth\u0027s Gift"],"max_hp_gain":0,"max_hp_loss":0,"event_name":"N\u0027loth","floor":19,"relics_lost":["Pocketwatch"],"gold_loss":0},{"damage_healed":0,"gold_gain":0,"player_choice":"Read","damage_taken":0,"max_hp_gain":0,"max_hp_loss":0,"event_name":"The Library","floor":30,"gold_loss":0,"cards_obtained":["Caltrops"]},{"cards_removed":["Defend_G"],"damage_healed":0,"gold_gain":0,"player_choice":"Removed Skill","damage_taken":0,"max_hp_gain":0,"max_hp_loss":0,"event_name":"Falling","floor":36,"gold_loss":0},{"damage_healed":0,"gold_gain":0,"player_choice":"Fight","damage_taken":0,"max_hp_gain":0,"max_hp_loss":0,"event_name":"Mysterious Sphere","floor":39,"gold_loss":0},{"damage_healed":0,"gold_gain":0,"player_choice":"Fight","damage_taken":0,"max_hp_gain":0,"max_hp_loss":0,"event_name":"MindBloom","floor":41,"gold_loss":0}],"is_beta":false,"boss_relics":[{"not_picked":["Orrery","Empty Cage"],"picked":"Cursed Key"},{"not_picked":["Tiny House","Snecko Eye"],"picked":"WristBlade"}],"items_purged_floors":[29],"is_endless":false,"potions_floor_spawned":[1,12,16,22,25,27,31,35,38,41],"killed_by":"Writhing Mass","ascension_level":3}