{"gold_per_floor":[115,215,233,51,51,78,78,110,110,124,153,172,192,117,117,220,270,260,279,279,279,298,298,331,86,135,148,148,163,179,190,190,288,288,300,300,300,19,119,152,164,176],"floor_reached":42,"playtime":7418,"items_purged":["Defend_G","Strike_G"],"score":491,"play_id":"7c636770-bc09-4a68-93ef-455b20aba6b1","local_time":"20190331192233","is_ascension_mode":false,"campfire_choices":[{"data":"Noxious Fumes","floor":7.0,"key":"SMITH"},{"floor":15.0,"key":"REST"},{"floor":23.0,"key":"REST"},{"floor":28.0,"key":"REST"},{"floor":32.0,"key":"REST"},{"floor":41,"key":"REST"}],"neow_cost":"NONE","seed_source_timestamp":0,"circlet_count":0,"master_deck":["Defend_G","Defend_G","Defend_G","Defend_G","Strike_G","Strike_G+1","Strike_G","Strike_G","Survivor","Neutralize","Noxious Fumes+1","Infinite Blades","Dodge and Roll","Dodge and Roll","A Thousand Cuts","Well Laid Plans","Footwork","Escape Plan","Madness","Panache"],"special_seed":0,"relics":["Ring of the Snake","NeowsBlessing","Strawberry","Kunai","Bag of Preparation","Omamori","Thread and Needle","Tiny House","Bird Faced Urn","Ninja Scroll","PreservedInsect","Cursed Key","MawBank"],"potions_floor_usage":[],"damage_taken":[{"damage":0.0,"enemies":"Jaw Worm","floor":1.0,"turns":1.0},{"damage":0.0,"enemies":"Cultist","floor":3.0,"turns":1.0},{"damage":0.0,"enemies":"Gremlin Nob","floor":6.0,"turns":1.0},{"damage":8.0,"enemies":"3 Sentries","floor":8.0,"turns":8.0},{"damage":0.0,"enemies":"Small Slimes","floor":10.0,"turns":4.0},{"damage":19.0,"enemies":"Gremlin Nob","floor":11.0,"turns":6.0},{"damage":0.0,"enemies":"Blue Slaver","floor":12.0,"turns":4.0},{"damage":6.0,"enemies":"2 Fungi Beasts","floor":13.0,"turns":4.0},{"damage":35.0,"enemies":"The Guardian","floor":16.0,"turns":13.0},{"damage":13.0,"enemies":"2 Thieves","floor":18.0,"turns":4.0},{"damage":0.0,"enemies":"Shell Parasite","floor":19.0,"turns":7.0},{"damage":10.0,"enemies":"Shelled Parasite and Fungi","floor":22.0,"turns":9.0},{"damage":63.0,"enemies":"Gremlin Leader","floor":24.0,"turns":9.0},{"damage":8.0,"enemies":"Snake Plant","floor":27.0,"turns":7.0},{"damage":11.0,"enemies":"Cultist and Chosen","floor":29.0,"turns":9.0},{"damage":0.0,"enemies":"Chosen and Byrds","floor":30.0,"turns":7.0},{"damage":35.0,"enemies":"3 Cultists","floor":31.0,"turns":8.0},{"damage":55.0,"enemies":"Collector","floor":33.0,"turns":11.0},{"damage":0,"enemies":"3 Darklings","floor":35,"turns":7},{"damage":17,"enemies":"Nemesis","floor":40,"turns":9},{"damage":98,"enemies":"Reptomancer","floor":42,"turns":5}],"seed_played":"7272232201119232767","potions_obtained":[{"floor":1.0,"key":"Block Potion"},{"floor":11.0,"key":"Swift Potion"},{"floor":16.0,"key":"Swift Potion"},{"floor":17.0,"key":"Explosive Potion"},{"floor":19.0,"key":"EssenceOfSteel"},{"floor":24.0,"key":"FearPotion"},{"floor":27.0,"key":"FairyPotion"},{"floor":30.0,"key":"Poison Potion"},{"floor":31.0,"key":"Energy Potion"}],"is_trial":false,"path_per_floor":["M","?","M","$","$","E","R","E","T","M","E","M","M","$","R","B",null,"M","M","?","?","M","R","E","$","T","M","R","M","M","M","R","B",null,"M","?","?","$","?","E","R","E"],"character_chosen":"THE_SILENT","items_purchased":["Infinite Blades","Strawberry","Ninja Scroll","Panache"],"campfire_rested":5,"item_purchase_floors":[4,4,25,38],"current_hp_per_floor":[70,70,70,77,77,77,77,69,69,69,50,50,44,44,67,32,82,69,69,53,53,43,69,6,6,6,8,34,33,43,18,44,8,87,87,87,83,83,83,66,83,0],"gold":176,"neow_bonus":"THREE_ENEMY_KILL","is_prod":false,"is_daily":false,"chose_seed":false,"campfire_upgraded":1,"win_rate":0.0,"timestamp":1554052953,"path_taken":["M","?","?","?","$","E","R","E","T","M","E","M","M","$","R","BOSS","M","M","?","?","?","R","E","?","T","M","R","M","M","M","R","BOSS","M","?","?","$","?","E","R","E"],"build_version":"2019-01-23","purchased_purges":2,"victory":false,"max_hp_per_floor":[70,70,70,77,77,77,77,77,77,77,77,77,77,77,77,77,82,82,82,87,87,87,87,87,87,87,87,87,87,87,87,87,87,87,87,87,83,83,83,83,83,83],"card_choices":[{"not_picked":["Flechettes","Tactician"],"picked":"Noxious Fumes","floor":1.0},{"not_picked":["Dash","Caltrops","PiercingWail"],"picked":"SKIP","floor":3.0},{"not_picked":["Accuracy","Acrobatics"],"picked":"Dodge and Roll","floor":6.0},{"not_picked":["Tactician","Prepared"],"picked":"Dodge and Roll","floor":8.0},{"not_picked":["Distraction","Dagger Spray","Finisher"],"picked":"SKIP","floor":10.0},{"not_picked":["Skewer","Burst","Dagger Spray"],"picked":"SKIP","floor":11.0},{"not_picked":["Prepared","Acrobatics","Underhanded Strike"],"picked":"SKIP","floor":12.0},{"not_picked":["Backstab","All Out Attack","Masterful Stab"],"picked":"SKIP","floor":13.0},{"not_picked":["Envenom","Burst"],"picked":"A Thousand Cuts","floor":16.0},{"not_picked":["Underhanded Strike","Slice"],"picked":"Well Laid Plans","floor":18.0},{"not_picked":["Riddle With Holes","Backstab","Flechettes"],"picked":"SKIP","floor":19.0},{"not_picked":["Outmaneuver","Dagger Spray"],"picked":"Footwork","floor":22.0},{"not_picked":["Distraction","Bane+1","Eviscerate"],"picked":"SKIP","floor":24.0},{"not_picked":["All Out Attack+1","Dodge and Roll"],"picked":"Escape Plan","floor":27.0},{"not_picked":["Calculated Gamble","Sucker Punch","Choke"],"picked":"SKIP","floor":29.0},{"not_picked":["Deadly Poison","Accuracy","Dash+1"],"picked":"SKIP","floor":30.0},{"not_picked":["Quick Slash","Flying Knee+1","Tactician"],"picked":"SKIP","floor":31.0},{"not_picked":["Infinite Blades+1","Leg Sweep","Endless Agony+1"],"picked":"SKIP","floor":35},{"not_picked":["Master of Strategy","PanicButton"],"picked":"Madness","floor":36},{"not_picked":["Riddle With Holes+1","Poisoned Stab","Blade Dance"],"picked":"SKIP","floor":40}],"player_experience":116392,"relics_obtained":[{"floor":6.0,"key":"Kunai"},{"floor":8.0,"key":"Bag of Preparation"},{"floor":9.0,"key":"Omamori"},{"floor":11.0,"key":"Thread and Needle"},{"floor":24.0,"key":"Bird Faced Urn"},{"floor":26.0,"key":"PreservedInsect"},{"floor":40,"key":"MawBank"}],"event_choices":[{"damage_healed":0.0,"max_hp_gain":0.0,"max_hp_loss":0.0,"gold_gain":100.0,"event_name":"Golden Shrine","player_choice":"Pray","floor":2.0,"gold_loss":0.0,"damage_taken":0.0},{"damage_healed":0.0,"max_hp_gain":5.0,"max_hp_loss":0.0,"gold_gain":0.0,"event_name":"Forgotten Altar","player_choice":"Shed Blood","floor":20.0,"gold_loss":0.0,"damage_taken":21.0},{"damage_healed":0.0,"max_hp_gain":0.0,"max_hp_loss":0.0,"gold_gain":0.0,"event_name":"Lab","player_choice":"Got Potions","floor":21.0,"gold_loss":0.0,"damage_taken":0.0},{"damage_healed":0,"gold_gain":0,"player_choice":"Memory 1","damage_taken":0,"max_hp_gain":0,"max_hp_loss":0,"event_name":"SensoryStone","floor":36,"gold_loss":0},{"damage_healed":0,"gold_gain":0,"player_choice":"Max HP","damage_taken":0,"max_hp_gain":0,"max_hp_loss":4,"event_name":"Winding Halls","floor":37,"gold_loss":0},{"damage_healed":0,"gold_gain":100,"player_choice":"Pray","damage_taken":0,"max_hp_gain":0,"max_hp_loss":0,"event_name":"Golden Shrine","floor":39,"gold_loss":0}],"is_beta":false,"boss_relics":[{"not_picked":["Sozu","Black Star"],"picked":"Tiny House"},{"not_picked":["HoveringKite","White Beast Statue"],"picked":"Cursed Key"}],"items_purged_floors":[14,38],"is_endless":false,"potions_floor_spawned":[1,11,16,19,24,27,30,31],"killed_by":"Reptomancer","ascension_level":0}