{"gold_per_floor":[115,290,290,305,329,354,354,369,369,395,395,409,420,420,420,545,545,566,566,566],"floor_reached":20,"playtime":792,"items_purged":[],"score":269,"play_id":"484aa591-c7b1-4e02-8bc7-a12c45a625e8","local_time":"20190210014042","is_ascension_mode":true,"campfire_choices":[{"data":"Zap","floor":7.0,"key":"SMITH"},{"data":"Dualcast","floor":15,"key":"SMITH"}],"neow_cost":"NONE","seed_source_timestamp":0,"circlet_count":0,"master_deck":["Strike_B","Strike_B","Strike_B","Strike_B","Defend_B+1","Defend_B+1","Defend_B","Zap+1","Dualcast+1","Auto Shields","Doubt","Melter","Leap","All For One","Scrape","Melter","Steam Power","Injury","Electrodynamics","Gash+1","Gash"],"special_seed":0,"relics":["Cracked Core","NeowsBlessing","Kunai","Blood Vial","Dead Branch","War Paint","Golden Idol","Eternal Feather"],"potions_floor_usage":[10,16,16],"damage_taken":[{"damage":0.0,"enemies":"Jaw Worm","floor":1.0,"turns":1.0},{"damage":0.0,"enemies":"Small Slimes","floor":4.0,"turns":1.0},{"damage":0.0,"enemies":"3 Sentries","floor":6.0,"turns":1.0},{"damage":2.0,"enemies":"2 Louse","floor":8.0,"turns":3.0},{"damage":43,"enemies":"Lagavulin","floor":10,"turns":6},{"damage":0,"enemies":"Exordium Wildlife","floor":12,"turns":3},{"damage":0,"enemies":"Blue Slaver","floor":13,"turns":3},{"damage":17,"enemies":"Slime Boss","floor":16,"turns":13},{"damage":32,"enemies":"2 Thieves","floor":18,"turns":3},{"damage":33,"enemies":"3 Byrds","floor":20,"turns":2}],"seed_played":"-6746264112863942428","potions_obtained":[{"floor":1.0,"key":"Energy Potion"},{"floor":6.0,"key":"GamblersBrew"},{"floor":12,"key":"PowerPotion"}],"is_trial":false,"path_per_floor":["M","?","?","M","T","E","R","M","T","E","?","M","M","?","R","B",null,"M","?","M"],"character_chosen":"DEFECT","items_purchased":[],"campfire_rested":0,"item_purchase_floors":[],"current_hp_per_floor":[68,68,65,65,65,67,67,67,67,26,26,28,30,30,30,15,60,30,30,0],"gold":566,"neow_bonus":"THREE_ENEMY_KILL","is_prod":false,"is_daily":false,"chose_seed":false,"campfire_upgraded":2,"win_rate":0,"timestamp":1549784442,"path_taken":["M","?","?","M","?","E","R","M","T","E","?","?","M","?","R","BOSS","M","?","M"],"build_version":"2019-01-23","purchased_purges":0,"victory":false,"max_hp_per_floor":[75,75,75,75,75,75,75,75,75,75,75,75,75,75,75,75,75,75,75,75],"card_choices":[{"not_picked":["Storm","BootSequence"],"picked":"Auto Shields","floor":1.0},{"not_picked":["Go for the Eyes","Barrage"],"picked":"Melter","floor":4.0},{"not_picked":["Redo","Lockon"],"picked":"Leap","floor":6.0},{"not_picked":["Reprogram","Ball Lightning"],"picked":"All For One","floor":8.0},{"not_picked":["Loop","Fusion"],"picked":"Scrape","floor":10},{"not_picked":["Compile Driver","Sunder","Cold Snap"],"picked":"SKIP","floor":12},{"not_picked":["Consume","Stack"],"picked":"Steam Power","floor":13},{"not_picked":["Creative AI","Buffer"],"picked":"Electrodynamics","floor":16},{"not_picked":["Steam","Leap"],"picked":"Gash+1","floor":18}],"player_experience":469816,"relics_obtained":[{"floor":5.0,"key":"Blood Vial"},{"floor":6.0,"key":"Dead Branch"},{"floor":10,"key":"War Paint"}],"event_choices":[{"damage_healed":0.0,"max_hp_gain":0.0,"max_hp_loss":0.0,"gold_gain":175.0,"event_name":"Liars Game","player_choice":"AGREE","floor":2.0,"gold_loss":0.0,"damage_taken":0.0,"cards_obtained":["Doubt"]},{"damage_healed":0.0,"max_hp_gain":0.0,"max_hp_loss":0.0,"gold_gain":0.0,"event_name":"Scrap Ooze","player_choice":"Success","floor":3.0,"gold_loss":0.0,"damage_taken":3.0,"relics_obtained":["Kunai"]},{"damage_healed":0,"gold_gain":0,"cards_transformed":["Defend_B"],"player_choice":"Change","damage_taken":0,"max_hp_gain":0,"max_hp_loss":0,"event_name":"Living Wall","floor":11,"gold_loss":0,"cards_obtained":["Melter"]},{"damage_healed":0,"gold_gain":0,"player_choice":"Take Wound","damage_taken":0,"relics_obtained":["Golden Idol"],"max_hp_gain":0,"max_hp_loss":0,"event_name":"Golden Idol","floor":14,"gold_loss":0,"cards_obtained":["Injury"]},{"damage_healed":0,"gold_gain":0,"player_choice":"Read","damage_taken":0,"max_hp_gain":0,"max_hp_loss":0,"event_name":"The Library","floor":19,"gold_loss":0,"cards_obtained":["Gash"]}],"is_beta":false,"boss_relics":[{"not_picked":["Philosopher\u0027s Stone","Empty Cage"],"picked":"Eternal Feather"}],"items_purged_floors":[],"is_endless":false,"potions_floor_spawned":[1,6,12],"killed_by":"3 Byrds","ascension_level":6}