{"path_per_floor":["M","M","M","M","?","R","M","$","T","M","M","M","R","E","R","B",null,"M","?","?","M","M","E","R","?","T","M","R","T","$","$","R"],"character_chosen":"IRONCLAD","items_purchased":["Inflame","Shrug It Off","Flex"],"gold_per_floor":[113,123,135,149,211,211,223,81,104,115,130,147,147,174,174,269,269,286,286,211,221,232,259,259,174,224,244,244,244,122,73,73],"floor_reached":33,"campfire_rested":4,"playtime":1114,"current_hp_per_floor":[73,72,71,68,68,68,51,51,51,43,38,37,61,62,62,62,80,50,50,50,49,39,13,37,37,37,15,39,39,39,39,63],"items_purged":["Strike_R","Strike_R"],"gold":73,"score":294,"play_id":"a851b6e9-e7d5-4f03-a0fa-3d741d5adf4f","is_prod":false,"is_daily":false,"is_ascension_mode":false,"campfire_upgraded":2,"path_taken":["M","?","M","M","?","R","M","$","T","M","?","M","R","E","R","BOSS","M","?","?","?","M","E","R","?","T","M","R","?","?","$","R","BOSS"],"build_version":"2018-02-12-PROD1","purchased_purges":2,"victory":false,"master_deck":["Defend_R","Defend_R","Defend_R","Defend_R+1","Bash","Sentinel","Inflame+1","Heavy Blade+1","Metallicize","Headbutt","Inflame","Evolve","Intimidate","Inflame","Warcry","Limit Break","Burning Pact","Flex","Shrug It Off+1","Limit Break","Regret","Dropkick","Parasite","Shrug It Off","Flex"],"max_hp_per_floor":[80,80,80,80,80,80,80,80,80,80,80,80,80,80,80,80,80,80,80,80,80,80,80,80,80,80,80,80,80,80,80,80],"relics":["Burning Blood","Bag of Marbles","Pantograph","Cursed Key","War Paint","Pen Nib","Art of War","Ginger"],"card_choices":[{"not_picked":["Clash","Warcry"],"picked":"Sentinel"},{"not_picked":["Combust","Infernal Blade"],"picked":"Inflame"},{"not_picked":["Body Slam","Flame Barrier"],"picked":"Heavy Blade"},{"not_picked":["Combust","Fire Breathing"],"picked":"Metallicize"},{"not_picked":["True Grit","Dual Wield"],"picked":"Headbutt"},{"not_picked":["Flame Barrier","Whirlwind"],"picked":"Evolve"},{"not_picked":["Feel No Pain","Anger"],"picked":"Intimidate"},{"not_picked":["Fire Breathing","Blood for Blood"],"picked":"Inflame"},{"not_picked":["Iron Wave","Feed"],"picked":"Warcry"},{"not_picked":["Berserk","Immolate"],"picked":"Limit Break"},{"not_picked":["Perfected Strike","Shockwave"],"picked":"Burning Pact"},{"not_picked":["True Grit","Cleave"],"picked":"Flex"},{"not_picked":["Dual Wield","Infernal Blade"],"picked":"Shrug It Off"},{"not_picked":["Wild Strike","Burning Pact"],"picked":"Limit Break"},{"not_picked":["Twin Strike","Havoc"],"picked":"Dropkick"}],"player_experience":90954,"potions_floor_usage":[10,10,10,14,16,23,33,33],"damage_taken":[{"damage":13,"enemies":"Blue Slaver","floor":1,"turns":5},{"damage":7,"enemies":"2 Louse","floor":2,"turns":3},{"damage":7,"enemies":"Small Slimes","floor":3,"turns":4},{"damage":9,"enemies":"3 Louse","floor":4,"turns":4},{"damage":23,"enemies":"Gremlin Gang","floor":7,"turns":5},{"damage":14,"enemies":"Exordium Thugs","floor":10,"turns":7},{"damage":11,"enemies":"3 Louse","floor":11,"turns":3},{"damage":7,"enemies":"2 Fungi Beasts","floor":12,"turns":4},{"damage":5,"enemies":"Lagavulin","floor":14,"turns":6},{"damage":24,"enemies":"Slime Boss","floor":16,"turns":10},{"damage":36,"enemies":"3 Byrds","floor":18,"turns":6},{"damage":7,"enemies":"Shell Parasite","floor":21,"turns":3},{"damage":16,"enemies":"Snake Plant","floor":22,"turns":4},{"damage":32,"enemies":"Book of Stabbing","floor":23,"turns":5},{"damage":28,"enemies":"Snecko","floor":27,"turns":5},{"damage":80,"enemies":"Collector","floor":33,"turns":7}],"event_choices":[{"event_name":"Golden Wing","player_choice":"Gained Gold","floor":5,"damage_taken":0},{"event_name":"Back to Basics","player_choice":"Elegance","floor":19,"damage_taken":0},{"event_name":"Beggar","player_choice":"Gave Gold","floor":20,"damage_taken":0},{"event_name":"Addict","player_choice":"Obtained Relic","floor":25,"damage_taken":0}],"boss_relics":[{"not_picked":["Runic Cube","Runic Pyramid"],"picked":"Cursed Key"}],"potions_floor_spawned":[1,3,7,10,11,22,23,27],"seed_played":"-5527210348204494486","killed_by":"Collector","ascension_level":0,"is_trial":false}