{"gold_per_floor":[111,122,133,147,107,107,57,57,57,57,89,109,124,143,143,240,240,255,255,255,265,279,279,168,168,192,121,136,112,137,157,157,157],"floor_reached":33,"playtime":1121,"items_purged":["Survivor"],"score":269,"play_id":"122fd38d-2136-43c6-8097-8eddc848622f","local_time":"20190330122807","is_ascension_mode":false,"campfire_choices":[{"data":"Bouncing Flask","floor":6,"key":"SMITH"},{"data":"Concentrate","floor":8,"key":"SMITH"},{"data":"Dagger Spray","floor":10,"key":"SMITH"},{"floor":15,"key":"REST"},{"data":"Footwork","floor":23,"key":"SMITH"},{"floor":25,"key":"REST"},{"floor":32,"key":"REST"}],"neow_cost":"NONE","seed_source_timestamp":149547147335013,"circlet_count":0,"master_deck":["Defend_G+1","Defend_G+1","Defend_G+1","Defend_G+1","Defend_G+1","Strike_G+1","Strike_G+1","Strike_G+1","Strike_G+1","Neutralize","Dagger Spray+1","Deflect","Concentrate+1","Blur","Bouncing Flask+1","Dagger Spray","Dash","Predator","Blade Dance","Die Die Die","Deadly Poison","Noxious Fumes","Poisoned Stab","Blade Dance","Flying Knee","PiercingWail","Footwork+1","Dagger Throw","Well Laid Plans","Cloak And Dagger","Deadly Poison","Cloak And Dagger","Noxious Fumes","Bouncing Flask+1"],"relics":["Runic Dome","Pantograph","Shovel","Orrery","Centennial Puzzle","Toxic Egg 2"],"potions_floor_usage":[11,16,16,16,18,30,30,33],"damage_taken":[{"damage":1,"enemies":"2 Louse","floor":1,"turns":3},{"damage":6,"enemies":"Jaw Worm","floor":2,"turns":4},{"damage":1,"enemies":"Small Slimes","floor":3,"turns":4},{"damage":0,"enemies":"Exordium Wildlife","floor":4,"turns":2},{"damage":34,"enemies":"Gremlin Nob","floor":11,"turns":5},{"damage":4,"enemies":"Lots of Slimes","floor":12,"turns":3},{"damage":2,"enemies":"Blue Slaver","floor":13,"turns":4},{"damage":0,"enemies":"Looter","floor":14,"turns":3},{"damage":36,"enemies":"Hexaghost","floor":16,"turns":9},{"damage":0,"enemies":"3 Byrds","floor":18,"turns":2},{"damage":6,"enemies":"Spheric Guardian","floor":21,"turns":4},{"damage":28,"enemies":"Snake Plant","floor":22,"turns":5},{"damage":18,"enemies":"3 Cultists","floor":28,"turns":4},{"damage":9,"enemies":"Book of Stabbing","floor":30,"turns":6},{"damage":28,"enemies":"Shelled Parasite and Fungi","floor":31,"turns":4},{"damage":69,"enemies":"Collector","floor":33,"turns":6}],"seed_played":"-6435135598560680190","potions_obtained":[{"floor":1,"key":"SteroidPotion"},{"floor":11,"key":"Energy Potion"},{"floor":12,"key":"Poison Potion"},{"floor":14,"key":"Regen Potion"},{"floor":16,"key":"Fire Potion"},{"floor":18,"key":"GamblersBrew"},{"floor":22,"key":"Strength Potion"},{"floor":28,"key":"LiquidBronze"}],"is_trial":false,"path_per_floor":["M","M","M","M","$","R","?","R","T","R","E","M","M","M","R","B",null,"M","?","?","M","M","R","$","R","T","$","M","$","E","M","R","B"],"character_chosen":"THE_SILENT","items_purchased":["Bouncing Flask","Well Laid Plans","Cloak And Dagger","Deadly Poison","Cloak And Dagger"],"campfire_rested":3,"item_purchase_floors":[5,24,27,27,29],"current_hp_per_floor":[69,63,62,62,62,62,62,62,62,62,28,24,22,22,43,47,70,70,70,70,64,36,36,36,57,57,57,39,39,30,2,23,0],"gold":157,"neow_bonus":"BOSS_RELIC","is_prod":false,"is_daily":false,"chose_seed":false,"campfire_upgraded":4,"win_rate":0,"timestamp":1553974087,"path_taken":["M","M","M","M","$","R","?","R","T","R","E","M","M","M","R","BOSS","M","?","?","M","?","R","$","R","T","$","M","?","E","M","R","BOSS"],"build_version":"2019-01-23","purchased_purges":1,"victory":false,"max_hp_per_floor":[70,70,70,70,70,70,70,70,70,70,70,70,70,70,70,70,70,70,70,70,70,70,70,70,70,70,70,70,70,70,70,70,70],"card_choices":[{"not_picked":["Well Laid Plans","Riddle With Holes"],"picked":"Dagger Spray","floor":1},{"not_picked":["Choke","Dodge and Roll"],"picked":"Deflect","floor":2},{"not_picked":["Dagger Throw","Expertise"],"picked":"Concentrate","floor":3},{"not_picked":["Outmaneuver","Acrobatics"],"picked":"Blur","floor":4},{"not_picked":["Skewer","All Out Attack"],"picked":"Dagger Spray","floor":11},{"not_picked":["Heel Hook","Sucker Punch"],"picked":"Dash","floor":12},{"not_picked":["Dash","Prepared"],"picked":"Predator","floor":13},{"not_picked":["Flechettes","Choke"],"picked":"Blade Dance","floor":14},{"not_picked":["Wraith Form v2","Bullet Time"],"picked":"Die Die Die","floor":16},{"not_picked":["Accuracy","Acrobatics"],"picked":"Deadly Poison","floor":17},{"not_picked":["Quick Slash","Deflect"],"picked":"Noxious Fumes","floor":17},{"not_picked":["Backflip","Calculated Gamble"],"picked":"Poisoned Stab","floor":17},{"not_picked":["Slice","Setup"],"picked":"Blade Dance","floor":17},{"not_picked":["Outmaneuver","PiercingWail"],"picked":"Flying Knee","floor":17},{"not_picked":["Sucker Punch","Reflex+1"],"picked":"PiercingWail","floor":18},{"not_picked":["Sucker Punch","Heel Hook","Slice"],"picked":"SKIP","floor":21},{"not_picked":["Venomology","Caltrops"],"picked":"Dagger Throw","floor":22},{"not_picked":["Underhanded Strike","Skewer","Crippling Poison"],"picked":"SKIP","floor":28},{"not_picked":["Poisoned Stab","Infinite Blades"],"picked":"Noxious Fumes","floor":30},{"not_picked":["Dagger Throw","Endless Agony"],"picked":"Bouncing Flask+1","floor":31}],"player_experience":262631,"relics_obtained":[{"floor":9,"key":"Pantograph"},{"floor":11,"key":"Shovel"},{"floor":26,"key":"Centennial Puzzle"},{"floor":30,"key":"Toxic Egg 2"}],"event_choices":[{"cards_removed":["Strike_G"],"damage_healed":0,"gold_gain":0,"player_choice":"Card Removal","damage_taken":0,"max_hp_gain":0,"max_hp_loss":0,"event_name":"The Cleric","floor":7,"gold_loss":50},{"damage_healed":0,"gold_gain":0,"player_choice":"Read","damage_taken":0,"max_hp_gain":0,"max_hp_loss":0,"event_name":"The Library","floor":19,"gold_loss":0,"cards_obtained":["Footwork"]},{"damage_healed":0,"gold_gain":0,"player_choice":"Simplicity","damage_taken":0,"max_hp_gain":0,"max_hp_loss":0,"event_name":"Back to Basics","floor":20,"gold_loss":0,"cards_upgraded":["Defend_G","Defend_G","Defend_G","Defend_G","Defend_G","Strike_G","Strike_G","Strike_G","Strike_G"]}],"is_beta":false,"boss_relics":[{"not_picked":["Cursed Key","Calling Bell"],"picked":"Orrery"}],"items_purged_floors":[24],"is_endless":false,"potions_floor_spawned":[1,11,12,14,16,18,22,28],"killed_by":"Collector","ascension_level":0}