{"gold_per_floor":[109,129,142,142,156,156,189,207,207,207,221,65,65,140,140,270,270,284,308,308,323,6,6,29,70,146,72,88,108,108,70,70,70],"floor_reached":33,"playtime":2637,"items_purged":[],"score":269,"play_id":"4605547b-6263-4d43-b34a-a1e8587dceed","local_time":"20190410223705","is_ascension_mode":false,"campfire_choices":[{"data":"Flame Barrier","floor":6,"key":"SMITH"},{"data":"Shrug It Off","floor":10,"key":"SMITH"},{"data":"Dual Wield","floor":13,"key":"SMITH"},{"floor":15,"key":"REST"},{"data":"Ghostly Armor","floor":23,"key":"SMITH"},{"data":"Armaments","floor":30,"key":"SMITH"},{"floor":32,"key":"REST"}],"neow_cost":"NONE","seed_source_timestamp":470061673417928,"circlet_count":0,"master_deck":["Strike_R","Strike_R","Strike_R","Strike_R","Strike_R","Defend_R","Defend_R","Defend_R","Defend_R","Bash+1","Dual Wield+1","Pommel Strike","Heavy Blade+1","Injury","Flame Barrier+1","Twin Strike+1","Shrug It Off+1","Infernal Blade","Reaper","Thunderclap","Combust+1","Ghostly Armor+1","Rampage","Armaments+1","Fire Breathing","Pommel Strike+1","Rupture+1","Ghostly Armor"],"relics":["Burning Blood","Golden Idol","WingedGreaves","Orichalcum","Whetstone","Philosopher\u0027s Stone","GremlinMask","Self Forming Clay","Blood Vial","Paper Frog"],"potions_floor_usage":[5,7,16,16,18,21,24,25],"damage_taken":[{"damage":5,"enemies":"Small Slimes","floor":1,"turns":3},{"damage":8,"enemies":"Jaw Worm","floor":2,"turns":5},{"damage":1,"enemies":"Cultist","floor":3,"turns":3},{"damage":6,"enemies":"Red Slaver","floor":5,"turns":5},{"damage":28,"enemies":"3 Sentries","floor":7,"turns":8},{"damage":9,"enemies":"Blue Slaver","floor":8,"turns":4},{"damage":0,"enemies":"Lots of Slimes","floor":11,"turns":4},{"damage":58,"enemies":"Slime Boss","floor":16,"turns":19},{"damage":12,"enemies":"2 Thieves","floor":18,"turns":4},{"damage":20,"enemies":"Shell Parasite","floor":19,"turns":7},{"damage":5,"enemies":"Cultist and Chosen","floor":21,"turns":5},{"damage":23,"enemies":"Snake Plant","floor":24,"turns":4},{"damage":28,"enemies":"Slavers","floor":25,"turns":5},{"damage":43,"enemies":"Snecko","floor":28,"turns":6},{"damage":25,"enemies":"Shelled Parasite and Fungi","floor":29,"turns":7},{"damage":46,"enemies":"Automaton","floor":33,"turns":7}],"seed_played":"8215849202015831896","potions_obtained":[{"floor":1,"key":"Block Potion"},{"floor":2,"key":"Fire Potion"},{"floor":8,"key":"Dexterity Potion"},{"floor":11,"key":"Block Potion"},{"floor":16,"key":"EssenceOfSteel"},{"floor":18,"key":"Block Potion"},{"floor":21,"key":"Regen Potion"},{"floor":24,"key":"AttackPotion"},{"floor":28,"key":"Ancient Potion"},{"floor":29,"key":"GamblersBrew"}],"is_trial":false,"path_per_floor":["M","M","M","?","M","R","E","M","T","R","M","$","R","?","R","B",null,"M","M","?","M","$","R","M","E","T","$","M","M","R","$","R","B"],"character_chosen":"IRONCLAD","items_purchased":["Whetstone","Self Forming Clay","Ghostly Armor","Fire Breathing","Ghostly Armor"],"campfire_rested":2,"item_purchase_floors":[12,22,22,27,31],"current_hp_per_floor":[80,78,80,80,80,80,58,55,55,55,61,61,61,50,74,22,80,78,64,64,73,73,73,73,58,58,58,30,20,20,20,44,0],"gold":70,"neow_bonus":"UPGRADE_CARD","is_prod":false,"is_daily":false,"chose_seed":false,"campfire_upgraded":5,"win_rate":0.0,"timestamp":1554961025,"path_taken":["M","M","M","?","M","R","E","M","T","R","M","$","R","?","R","BOSS","M","M","?","?","$","R","M","E","T","?","M","M","R","$","R","BOSS"],"build_version":"2019-01-23","purchased_purges":0,"victory":false,"max_hp_per_floor":[80,80,80,80,80,80,80,80,80,80,80,80,80,80,80,80,80,80,80,80,80,80,80,80,80,80,80,80,80,80,80,80,80],"card_choices":[{"not_picked":["Seeing Red","Perfected Strike"],"picked":"Dual Wield","floor":1},{"not_picked":["Searing Blow","Thunderclap"],"picked":"Pommel Strike","floor":2},{"not_picked":["Spot Weakness","Disarm"],"picked":"Heavy Blade","floor":3},{"not_picked":["Iron Wave","Dropkick"],"picked":"Flame Barrier","floor":5},{"not_picked":["Evolve","Inflame"],"picked":"Twin Strike","floor":7},{"not_picked":["True Grit","Clothesline"],"picked":"Shrug It Off","floor":8},{"not_picked":["Clash","Warcry"],"picked":"Infernal Blade","floor":11},{"not_picked":["Berserk","Demon Form"],"picked":"Reaper","floor":16},{"not_picked":["Spot Weakness","Infernal Blade"],"picked":"Thunderclap","floor":18},{"not_picked":["Evolve","Cleave"],"picked":"Combust+1","floor":19},{"not_picked":["Wild Strike","Spot Weakness","Dual Wield"],"picked":"SKIP","floor":21},{"not_picked":["Pommel Strike","Carnage"],"picked":"Rampage","floor":24},{"not_picked":["Perfected Strike","Warcry"],"picked":"Armaments","floor":25},{"not_picked":["Clash+1","Sword Boomerang"],"picked":"Pommel Strike+1","floor":28},{"not_picked":["Cleave","Brutality"],"picked":"Rupture+1","floor":29}],"player_experience":32329,"relics_obtained":[{"floor":7,"key":"WingedGreaves"},{"floor":9,"key":"Orichalcum"},{"floor":25,"key":"Blood Vial"},{"floor":26,"key":"Paper Frog"}],"event_choices":[{"damage_healed":0,"gold_gain":0,"player_choice":"Take Wound","damage_taken":0,"relics_obtained":["Golden Idol"],"max_hp_gain":0,"max_hp_loss":0,"event_name":"Golden Idol","floor":4,"gold_loss":0,"cards_obtained":["Injury"]},{"damage_healed":0,"gold_gain":75,"player_choice":"Gather Gold","damage_taken":11,"max_hp_gain":0,"max_hp_loss":0,"event_name":"World of Goop","floor":14,"gold_loss":0},{"damage_healed":0,"gold_gain":0,"player_choice":"Trade","damage_taken":0,"relics_obtained":["GremlinMask"],"max_hp_gain":0,"max_hp_loss":0,"event_name":"FaceTrader","floor":20,"gold_loss":0}],"is_beta":false,"boss_relics":[{"not_picked":["Fusion Hammer","Empty Cage"],"picked":"Philosopher\u0027s Stone"}],"items_purged_floors":[],"is_endless":false,"potions_floor_spawned":[1,2,8,11,16,18,21,24,28,29],"killed_by":"Automaton","ascension_level":0}