{"path_per_floor":["M","$","M","M","?","R","E","R","T","$","?","?","M","$","R","B",null,"M","$","?","M","M","E","?","M","T","?","$","R","M","M","R","B",null,"M","?","M","M","?","E","M","R","T","M","E","R","M","$","R"],"character_chosen":"THE_SILENT","items_purchased":["Backstab","Footwork","Deadly Poison","Bronze Scales","Letter Opener","Dexterity Potion"],"gold_per_floor":[114,5,16,35,110,110,145,145,145,65,122,122,141,41,41,138,138,106,80,80,99,117,145,145,165,165,165,13,13,30,41,41,137,137,153,153,170,181,230,261,272,272,296,307,337,337,356,57,57],"floor_reached":50,"campfire_rested":5,"playtime":3035,"current_hp_per_floor":[66,66,65,65,54,54,54,54,68,68,68,68,60,60,60,45,84,72,72,72,63,48,36,36,33,33,33,33,58,49,49,74,73,84,48,48,42,42,23,23,19,44,44,29,43,83,55,55,84],"items_purged":["Strike_G","Strike_G"],"gold":57,"score":547,"play_id":"06038e7d-e809-4c52-b042-724105d4cdb8","is_prod":false,"is_daily":false,"is_ascension_mode":false,"campfire_upgraded":3,"path_taken":["M","$","?","M","?","R","E","R","T","$","?","?","?","$","R","BOSS","M","$","?","M","M","E","?","M","T","?","$","R","M","M","R","BOSS","M","?","?","?","?","E","M","R","T","M","E","R","M","$","R","BOSS"],"build_version":"2018-02-15-PROD1","purchased_purges":2,"victory":false,"master_deck":["Defend_G","Defend_G","Defend_G","Defend_G","Defend_G","Strike_G+1","Strike_G","Survivor","Neutralize+1","After Image+1","Infinite Blades","Backstab","Infinite Blades+1","Cloak And Dagger+1","Footwork+1","Backflip","Deadly Poison","Deadly Poison","Night Terror","Sucker Punch+1","Finisher+1","Terror","After Image","Deadly Poison","Backflip+1","Footwork","Caltrops","Prepared+1","Blade Dance","Noxious Fumes+1","Parasite","Poisoned Stab+1","Distraction+1","Finisher+1","Terror+1"],"max_hp_per_floor":[70,70,70,70,70,70,70,70,84,84,84,84,84,84,84,84,84,84,84,84,84,84,84,84,84,84,84,84,84,84,84,84,84,84,84,84,84,84,84,84,84,84,84,84,84,84,84,84,84],"relics":["Ring of the Snake","Pen Nib","Mango","Bag of Preparation","Runic Pyramid","Whetstone","Paper Crane","Bronze Scales","Cursed Key","Calipers","Dream Catcher","Prayer Wheel","Regal Pillow","Letter Opener"],"card_choices":[{"not_picked":["Bane","Terror"],"picked":"Infinite Blades"},{"not_picked":["Crippling Poison","PiercingWail"],"picked":"Infinite Blades"},{"not_picked":["Expertise","Skewer"],"picked":"Cloak And Dagger"},{"not_picked":["Slice","Unload"],"picked":"Backflip"},{"not_picked":["Skewer","Deflect"],"picked":"Deadly Poison"},{"not_picked":["Quick Slash","Poisoned Stab"],"picked":"Infinite Blades"},{"not_picked":["Dagger Throw","Dodge and Roll"],"picked":"Sucker Punch"},{"not_picked":["Riddle With Holes","Dodge and Roll"],"picked":"Finisher"},{"not_picked":["Deflect","Reflex"],"picked":"Terror"},{"not_picked":["Tools of the Trade","Wraith Form"],"picked":"After Image"},{"not_picked":["Dagger Throw","Backflip"],"picked":"Deadly Poison"},{"not_picked":["Dodge and Roll","Dagger Throw"],"picked":"Backflip"},{"not_picked":["Dagger Throw","Caltrops"],"picked":"Footwork"},{"not_picked":["Terror","Acrobatics"],"picked":"Caltrops"},{"not_picked":["Cloak And Dagger","Dagger Spray"],"picked":"Prepared"},{"not_picked":["Dagger Throw","Footwork"],"picked":"Blade Dance"},{"not_picked":["Phantasmal Killer","PiercingWail"],"picked":"Noxious Fumes"},{"not_picked":["Underhanded Strike","Choke"],"picked":"Poisoned Stab"},{"not_picked":["Outmaneuver","Finisher"],"picked":"Distraction"},{"not_picked":["Deflect","Outmaneuver"],"picked":"Finisher"},{"not_picked":["Bane","Endless Agony"],"picked":"Terror"}],"player_experience":93681,"potions_floor_usage":[7,11,11,16,23,33,35,41,45,45,50,50],"damage_taken":[{"damage":4,"enemies":"Cultist","floor":1,"turns":5},{"damage":1,"enemies":"2 Louse","floor":3,"turns":4},{"damage":0,"enemies":"Small Slimes","floor":4,"turns":3},{"damage":0,"enemies":"3 Sentries","floor":7,"turns":8},{"damage":0,"enemies":"Gremlin Nob","floor":11,"turns":5},{"damage":8,"enemies":"3 Louse","floor":13,"turns":4},{"damage":15,"enemies":"Slime Boss","floor":16,"turns":15},{"damage":12,"enemies":"2 Thieves","floor":18,"turns":5},{"damage":9,"enemies":"Shell Parasite","floor":21,"turns":7},{"damage":15,"enemies":"Snecko","floor":22,"turns":8},{"damage":12,"enemies":"Book of Stabbing","floor":23,"turns":7},{"damage":3,"enemies":"Snake Plant","floor":25,"turns":9},{"damage":9,"enemies":"Centurion and Healer","floor":30,"turns":7},{"damage":0,"enemies":"Cultist and Chosen","floor":31,"turns":7},{"damage":1,"enemies":"Champ","floor":33,"turns":11},{"damage":36,"enemies":"3 Shapes","floor":35,"turns":8},{"damage":6,"enemies":"3 Darklings","floor":37,"turns":7},{"damage":0,"enemies":"Sphere and 2 Shapes","floor":38,"turns":9},{"damage":19,"enemies":"Mysterious Sphere","floor":39,"turns":7},{"damage":0,"enemies":"Giant Head","floor":40,"turns":10},{"damage":4,"enemies":"4 Shapes","floor":41,"turns":6},{"damage":15,"enemies":"3 Darklings","floor":44,"turns":8},{"damage":1,"enemies":"Nemesis","floor":45,"turns":7},{"damage":28,"enemies":"Sphere and 2 Shapes","floor":47,"turns":6},{"damage":96,"enemies":"Awakened One","floor":50,"turns":5}],"event_choices":[{"event_name":"World of Goop","player_choice":"Gather Gold","floor":5,"damage_taken":0},{"event_name":"Dead Adventurer","player_choice":"Searched \u00271\u0027 times","floor":11,"damage_taken":0},{"event_name":"Living Wall","player_choice":"Forget","floor":12,"damage_taken":0},{"event_name":"Match and Keep!","player_choice":"1 cards matched","floor":20,"damage_taken":0},{"event_name":"Upgrade Shrine","player_choice":"Upgraded","floor":24,"damage_taken":0},{"event_name":"N\u0027loth","player_choice":"Ignored","floor":27,"damage_taken":0},{"event_name":"Mysterious Sphere","player_choice":"Fight","floor":39,"damage_taken":0}],"boss_relics":[{"not_picked":["Astrolabe","White Beast Statue"],"picked":"Runic Pyramid"},{"not_picked":["Pandora\u0027s Box","Orrery"],"picked":"Cursed Key"}],"potions_floor_spawned":[1,4,7,11,22,23,30,33,35,41,44,47],"seed_played":"-6557057023042994230","killed_by":"Awakened One","ascension_level":0,"is_trial":false}