{"gold_per_floor":[116,116,291,291,310,344,358,323,323,343,359,359],"floor_reached":12,"playtime":1333,"items_purged":[],"score":80,"play_id":"cef7d0c6-7dda-4c3a-9c6d-a5c4208d8a7b","local_time":"20190130020413","is_ascension_mode":false,"campfire_choices":[],"neow_cost":"NONE","seed_source_timestamp":41419938434481,"circlet_count":0,"master_deck":["Defend_G","Defend_G","Defend_G","Defend_G","Defend_G","Strike_G","Strike_G","Strike_G","Strike_G","Survivor","Neutralize","Tools of the Trade","Well Laid Plans","Choke","Doubt","Regret","Dagger Spray","Glass Knife","Acrobatics","Phantasmal Killer","Tactician"],"relics":["Ring of the Snake","Turnip","Art of War","Paper Crane"],"potions_floor_usage":[],"damage_taken":[{"damage":5,"enemies":"2 Louse","floor":1,"turns":3},{"damage":9,"enemies":"Small Slimes","floor":5,"turns":4},{"damage":41,"enemies":"3 Sentries","floor":6,"turns":10},{"damage":3,"enemies":"Jaw Worm","floor":7,"turns":4},{"damage":8,"enemies":"2 Fungi Beasts","floor":10,"turns":4},{"damage":9,"enemies":"Large Slime","floor":11,"turns":6}],"seed_played":"8452403180237009341","potions_obtained":[{"floor":6,"key":"SmokeBomb"},{"floor":11,"key":"Explosive Potion"}],"is_trial":false,"path_per_floor":["M","?","?","?","M","E","M","?","T","M","M","?"],"character_chosen":"THE_SILENT","items_purchased":[],"campfire_rested":0,"item_purchase_floors":[],"current_hp_per_floor":[65,65,65,65,56,15,12,29,29,21,12,0],"gold":359,"neow_bonus":"ONE_RANDOM_RARE_CARD","is_prod":false,"is_daily":false,"chose_seed":false,"campfire_upgraded":0,"win_rate":0,"timestamp":1548835453,"path_taken":["M","?","?","?","M","E","M","?","T","?","M","?"],"build_version":"2019-01-23","purchased_purges":0,"victory":false,"max_hp_per_floor":[70,70,70,70,70,70,70,70,70,70,70,70],"card_choices":[{"not_picked":["Poisoned Stab","Deflect"],"picked":"Well Laid Plans","floor":1},{"not_picked":["Dodge and Roll","Blade Dance"],"picked":"Dagger Spray","floor":5},{"not_picked":["Bane","Crippling Poison"],"picked":"Glass Knife","floor":6},{"not_picked":["Cloak And Dagger","Setup"],"picked":"Acrobatics","floor":7},{"not_picked":["Bane","Underhanded Strike"],"picked":"Phantasmal Killer","floor":10},{"not_picked":["Flying Knee","Expertise"],"picked":"Tactician","floor":11}],"player_experience":407363,"relics_obtained":[{"floor":6,"key":"Art of War"},{"floor":9,"key":"Paper Crane"}],"event_choices":[{"damage_healed":0,"gold_gain":0,"cards_transformed":["Strike_G"],"player_choice":"Change","damage_taken":0,"max_hp_gain":0,"max_hp_loss":0,"event_name":"Living Wall","floor":2,"gold_loss":0,"cards_obtained":["Choke"]},{"damage_healed":0,"gold_gain":175,"player_choice":"AGREE","damage_taken":0,"max_hp_gain":0,"max_hp_loss":0,"event_name":"Liars Game","floor":3,"gold_loss":0,"cards_obtained":["Doubt"]},{"damage_healed":0,"gold_gain":0,"player_choice":"Box","damage_taken":0,"relics_obtained":["Turnip"],"max_hp_gain":0,"max_hp_loss":0,"event_name":"Big Fish","floor":4,"gold_loss":0,"cards_obtained":["Regret"]},{"damage_healed":17,"gold_gain":0,"player_choice":"Healed","damage_taken":0,"max_hp_gain":0,"max_hp_loss":0,"event_name":"The Cleric","floor":8,"gold_loss":35}],"is_beta":false,"boss_relics":[],"items_purged_floors":[],"is_endless":false,"potions_floor_spawned":[6,11],"ascension_level":0}