{"gold_per_floor":[117,192,206,206,8,37,48,74,74,74,1,11,42,62,62,157,157,171,187,102,102,52,52,68,68,91,19,19,19,30,45,45,45],"floor_reached":33,"playtime":1305,"items_purged":[],"score":410,"play_id":"d368792b-0d59-4899-8ffe-c16d1aa4aa38","local_time":"20181103151816","is_ascension_mode":true,"campfire_choices":[{"floor":10,"key":"REST"},{"data":"Zap","floor":15,"key":"SMITH"},{"data":"Rainbow","floor":23,"key":"SMITH"},{"data":"Coolheaded","floor":25,"key":"SMITH"},{"data":"Chill","floor":29,"key":"SMITH"},{"data":"Self Repair","floor":32,"key":"SMITH"}],"neow_cost":"NONE","seed_source_timestamp":129005248759280,"circlet_count":0,"master_deck":["Strike_B","Strike_B","Strike_B","Strike_B","Defend_B","Defend_B","Defend_B","Defend_B","Zap+1","Fusion","Chill+1","Conserve Battery","All For One","Gash","Reboot+1","Self Repair","Gash","Rainbow+1","Scrape","All For One","Coolheaded+1","Gash+1","Rebound","Self Repair+1","Compile Driver","FTL"],"relics":["Cracked Core","NeowsBlessing","Anchor","Kunai","WingedGreaves","Mercury Hourglass","Bag of Marbles","Inserter","Bag of Preparation","Juzu Bracelet"],"potions_floor_usage":[13,14,31,33,33],"damage_taken":[{"damage":0,"enemies":"Small Slimes","floor":1,"turns":1},{"damage":0,"enemies":"Jaw Worm","floor":3,"turns":1},{"damage":0,"enemies":"Gremlin Nob","floor":6,"turns":1},{"damage":1,"enemies":"Cultist","floor":7,"turns":3},{"damage":47,"enemies":"Lagavulin","floor":8,"turns":9},{"damage":0,"enemies":"Gremlin Gang","floor":12,"turns":4},{"damage":0,"enemies":"3 Sentries","floor":13,"turns":4},{"damage":0,"enemies":"Blue Slaver","floor":14,"turns":2},{"damage":39,"enemies":"The Guardian","floor":16,"turns":10},{"damage":1,"enemies":"Chosen","floor":18,"turns":4},{"damage":33,"enemies":"2 Thieves","floor":19,"turns":4},{"damage":3,"enemies":"Cultist and Chosen","floor":24,"turns":5},{"damage":12,"enemies":"Shelled Parasite and Fungi","floor":30,"turns":6},{"damage":8,"enemies":"3 Cultists","floor":31,"turns":5},{"damage":61,"enemies":"Automaton","floor":33,"turns":6}],"seed_played":"4461799020807298583","potions_obtained":[{"floor":6,"key":"Dexterity Potion"},{"floor":7,"key":"Explosive Potion"},{"floor":13,"key":"SteroidPotion"},{"floor":14,"key":"SteroidPotion"},{"floor":19,"key":"Energy Potion"}],"is_trial":false,"path_per_floor":["M","?","M","?","$","E","M","E","T","R","$","M","E","M","R","B",null,"M","M","?","?","?","R","M","R","T","$","?","R","M","M","R","B"],"character_chosen":"DEFECT","items_purchased":["Anchor","Conserve Battery","Self Repair","Self Repair"],"campfire_rested":1,"item_purchase_floors":[5,5,11,27],"current_hp_per_floor":[68,57,57,57,57,57,56,9,9,31,31,38,45,52,52,20,61,67,41,41,41,41,41,45,45,45,45,45,45,47,53,53,0],"gold":45,"neow_bonus":"THREE_ENEMY_KILL","is_prod":false,"is_daily":false,"chose_seed":false,"campfire_upgraded":5,"win_rate":0,"timestamp":1541276296,"path_taken":["M","?","M","?","$","E","?","E","T","R","$","?","E","M","R","BOSS","M","M","?","?","?","R","M","R","T","$","?","R","M","M","R","BOSS"],"build_version":"2018-11-01","purchased_purges":0,"victory":false,"max_hp_per_floor":[75,75,75,75,75,75,75,75,75,75,75,75,75,75,75,75,75,75,75,75,75,75,75,75,75,75,75,75,75,75,75,75,75],"card_choices":[{"not_picked":["Stack","Sweeping Beam"],"picked":"Fusion","floor":1},{"not_picked":["Aggregate","Lockon"],"picked":"Chill","floor":3},{"not_picked":["FTL","Rip and Tear"],"picked":"All For One","floor":6},{"not_picked":["Cold Snap","Reinforced Body"],"picked":"Gash","floor":7},{"not_picked":["Hello World","Force Field"],"picked":"Reboot","floor":8},{"not_picked":["Rebound","Redo"],"picked":"Gash","floor":12},{"not_picked":["Blizzard","Lockon"],"picked":"Rainbow","floor":13},{"not_picked":["Ball Lightning","Coolheaded"],"picked":"Scrape","floor":14},{"not_picked":["Multi-Cast","Fission"],"picked":"All For One","floor":16},{"not_picked":["Stack","Doom and Gloom"],"picked":"Coolheaded","floor":18},{"not_picked":["Scrape","Stack"],"picked":"Gash+1","floor":19},{"not_picked":["Capacitor","Barrage"],"picked":"Rebound","floor":24},{"not_picked":["Go for the Eyes","Steam"],"picked":"Compile Driver","floor":30},{"not_picked":["Stack","Sweeping Beam"],"picked":"FTL","floor":31}],"player_experience":270457,"relics_obtained":[{"floor":6,"key":"Kunai"},{"floor":8,"key":"WingedGreaves"},{"floor":9,"key":"Mercury Hourglass"},{"floor":13,"key":"Bag of Marbles"},{"floor":26,"key":"Juzu Bracelet"}],"event_choices":[{"damage_healed":0,"gold_gain":75,"player_choice":"Gather Gold","damage_taken":11,"max_hp_gain":0,"max_hp_loss":0,"event_name":"World of Goop","floor":2,"gold_loss":0},{"cards_removed":["Dualcast"],"damage_healed":0,"gold_gain":0,"player_choice":"Offered Basic","damage_taken":0,"max_hp_gain":0,"max_hp_loss":0,"event_name":"Bonfire Elementals","floor":4,"gold_loss":0},{"damage_healed":0,"gold_gain":0,"player_choice":"Obtained Relic","damage_taken":0,"relics_obtained":["Bag of Preparation"],"max_hp_gain":0,"max_hp_loss":0,"event_name":"Addict","floor":20,"gold_loss":85},{"damage_healed":0,"gold_gain":0,"player_choice":"Ignored","damage_taken":0,"max_hp_gain":0,"max_hp_loss":0,"event_name":"Vampires","floor":21,"gold_loss":0},{"damage_healed":0,"gold_gain":0,"player_choice":"Bet on Murderer","damage_taken":0,"max_hp_gain":0,"max_hp_loss":0,"event_name":"The Joust","floor":22,"gold_loss":50},{"damage_healed":0,"gold_gain":0,"player_choice":"Upgraded","damage_taken":0,"max_hp_gain":0,"max_hp_loss":0,"event_name":"Upgrade Shrine","floor":28,"gold_loss":0,"cards_upgraded":["Reboot"]}],"is_beta":false,"boss_relics":[{"not_picked":["Eternal Feather","Sozu"],"picked":"Inserter"}],"items_purged_floors":[],"is_endless":false,"potions_floor_spawned":[6,7,13,14,19,24],"killed_by":"Automaton","ascension_level":6}