{"gold_per_floor":[117,42,42,56,73,73,90,90,164,174,208,225,256,276,276,375,375,392,406,68,83,83,83,97,97],"floor_reached":25,"playtime":1484,"items_purged":["Strike_B","Strike_B"],"score":217,"play_id":"0584a8ec-a1be-441a-a16d-87318ed64b0e","local_time":"20180911171458","is_ascension_mode":false,"campfire_choices":[{"data":"Zap","floor":6,"key":"SMITH"},{"data":"Dualcast","floor":8,"key":"SMITH"},{"floor":15,"key":"REST"},{"floor":23,"key":"REST"}],"neow_cost":"","seed_source_timestamp":2374643828774141,"circlet_count":0,"master_deck":["Strike_B","Defend_B","Defend_B","Defend_B","Defend_B","Zap+1","Dualcast+1","Biased Cognition","Tempest","White Noise","White Noise","Self Repair","Creative AI","Conserve Battery","Ball Lightning+1","Defragment","Barrage+1","Decay","BootSequence+1"],"relics":["Cracked Core","Letter Opener","Lantern","Happy Flower","Sozu","Regal Pillow"],"potions_floor_usage":[10,12,14,16,16],"damage_taken":[{"damage":0,"enemies":"2 Louse","floor":1,"turns":2},{"damage":5,"enemies":"Small Slimes","floor":4,"turns":3},{"damage":1,"enemies":"Cultist","floor":5,"turns":3},{"damage":0,"enemies":"Exordium Wildlife","floor":7,"turns":2},{"damage":0,"enemies":"3 Louse","floor":10,"turns":2},{"damage":26,"enemies":"3 Sentries","floor":11,"turns":5},{"damage":2,"enemies":"Blue Slaver","floor":12,"turns":3},{"damage":16,"enemies":"Lagavulin","floor":13,"turns":5},{"damage":0,"enemies":"Looter","floor":14,"turns":2},{"damage":33,"enemies":"The Guardian","floor":16,"turns":9},{"damage":2,"enemies":"Shell Parasite","floor":18,"turns":3},{"damage":35,"enemies":"2 Thieves","floor":19,"turns":4},{"damage":29,"enemies":"Shelled Parasite and Fungi","floor":21,"turns":5},{"damage":39,"enemies":"Snake Plant","floor":24,"turns":4},{"damage":42,"enemies":"3 Cultists","floor":25,"turns":4}],"seed_played":"1766699774048095324","potions_obtained":[{"floor":5,"key":"GamblersBrew"},{"floor":7,"key":"Regen Potion"},{"floor":11,"key":"Regen Potion"},{"floor":13,"key":"Energy Potion"},{"floor":14,"key":"Weak Potion"}],"is_trial":false,"path_per_floor":["M","$","?","M","M","R","M","R","T","M","E","M","E","M","R","B",null,"M","M","$","M","?","R","M"],"character_chosen":"DEFECT","items_purchased":["Regal Pillow","Defragment"],"campfire_rested":2,"item_purchase_floors":[20,20],"current_hp_per_floor":[75,75,68,63,62,62,62,62,62,67,41,48,32,32,54,28,75,75,47,47,25,25,62,37,0],"gold":97,"neow_bonus":"","is_prod":false,"is_daily":false,"chose_seed":false,"campfire_upgraded":2,"win_rate":0.0,"timestamp":1536711298,"path_taken":["M","$","?","M","M","R","M","R","T","M","E","M","E","M","R","BOSS","M","M","$","M","?","R","M","M"],"build_version":"2018-09-06","purchased_purges":2,"victory":false,"max_hp_per_floor":[75,75,75,75,75,75,75,75,75,75,75,75,75,75,75,75,75,75,75,75,75,75,75,75,75],"card_choices":[{"not_picked":["Coolheaded","Conserve Battery","Hologram"],"picked":"SKIP","floor":1},{"not_picked":["Fusion","Conserve Battery"],"picked":"Biased Cognition","floor":4},{"not_picked":["Stack","Beam Cell"],"picked":"Tempest","floor":5},{"not_picked":["Coolheaded","Rebound","Rip and Tear"],"picked":"SKIP","floor":7},{"not_picked":["Scrape","Leap","Compile Driver"],"picked":"SKIP","floor":10},{"not_picked":["Compile Driver","FTL"],"picked":"White Noise","floor":11},{"not_picked":["Reinforced Body","Turbo","Leap"],"picked":"SKIP","floor":12},{"not_picked":["Skim","Leap"],"picked":"White Noise","floor":13},{"not_picked":["Streamline","Coolheaded"],"picked":"Self Repair","floor":14},{"not_picked":["Reboot","Echo Form"],"picked":"Creative AI","floor":16},{"not_picked":["BootSequence+1","Coolheaded"],"picked":"Conserve Battery","floor":18},{"not_picked":["Gash+1","Barrage"],"picked":"Ball Lightning+1","floor":19},{"not_picked":["Sweeping Beam+1","Leap"],"picked":"Barrage+1","floor":21},{"not_picked":["Go for the Eyes","Turbo"],"picked":"BootSequence+1","floor":24}],"player_experience":96307,"relics_obtained":[{"floor":9,"key":"Letter Opener"},{"floor":11,"key":"Lantern"},{"floor":13,"key":"Happy Flower"}],"event_choices":[{"event_name":"Golden Wing","player_choice":"Card Removal","floor":3,"damage_taken":0},{"event_name":"Forgotten Altar","player_choice":"Smashed Altar","floor":22,"damage_taken":0}],"is_beta":false,"boss_relics":[{"not_picked":["Cursed Key","Black Star"],"picked":"Sozu"}],"items_purged_floors":[2,20],"is_endless":false,"potions_floor_spawned":[5,7,11,13,14,21,24],"killed_by":"3 Cultists","ascension_level":0}