{"gold_per_floor":[116,116,66,66,76,101,101,113,162,162,162,9,25,51,51,124,124,137,155,254,254,274,68,68,129,181,181,181],"floor_reached":28,"playtime":1670,"items_purged":["Strike_B"],"score":384,"play_id":"774b8f5d-45a5-4dcf-99d7-0f8fba49fe0e","local_time":"20190308011310","is_ascension_mode":true,"campfire_choices":[{"floor":7,"key":"REST"},{"floor":10,"key":"REST"},{"floor":15,"key":"REST"},{"floor":24,"key":"REST"},{"floor":27,"key":"REST"}],"neow_cost":"NONE","seed_source_timestamp":70896877046478,"circlet_count":0,"master_deck":["AscendersBane","Strike_B","Defend_B","Defend_B","Defend_B","Defend_B","Zap","Dualcast","Glacier","All For One","Zap","Conserve Battery","Enlightenment","Defragment","Streamline","Loop","Capacitor","Coolheaded","FTL","All For One","Gash","Cold Snap","Genetic Algorithm","Barrage"],"special_seed":0,"relics":["Fusion Hammer","Omamori","Orichalcum","Dead Branch","Inserter","SsserpentHead","Toy Ornithopter","Anchor"],"potions_floor_usage":[13,22,25,28],"damage_taken":[{"damage":7.0,"enemies":"Jaw Worm","floor":1.0,"turns":3.0},{"damage":3,"enemies":"2 Louse","floor":5,"turns":2},{"damage":9,"enemies":"Lagavulin","floor":6,"turns":8},{"damage":2,"enemies":"Small Slimes","floor":8,"turns":3},{"damage":3,"enemies":"Exordium Thugs","floor":13,"turns":5},{"damage":4,"enemies":"3 Sentries","floor":14,"turns":7},{"damage":19,"enemies":"Slime Boss","floor":16,"turns":10},{"damage":2,"enemies":"Shell Parasite","floor":18,"turns":8},{"damage":11,"enemies":"Chosen","floor":19,"turns":6},{"damage":50,"enemies":"3 Cultists","floor":22,"turns":7},{"damage":10,"enemies":"Centurion and Healer","floor":25,"turns":10},{"damage":60,"enemies":"Gremlin Leader","floor":28,"turns":7}],"seed_played":"-8448670090554462951","potions_obtained":[{"floor":1.0,"key":"Swift Potion"},{"floor":8,"key":"FairyPotion"},{"floor":16,"key":"Explosive Potion"},{"floor":22,"key":"Ancient Potion"},{"floor":25,"key":"Swift Potion"}],"is_trial":false,"path_per_floor":["M","?","?","?","M","E","R","M","T","R","?","$","M","E","R","B",null,"M","M","?","?","M","$","R","M","T","R","E"],"character_chosen":"DEFECT","items_purchased":["Capacitor","Toy Ornithopter"],"campfire_rested":5,"item_purchase_floors":[12,23],"current_hp_per_floor":[57,57,57,57,54,45,66,64,64,71,71,71,68,64,71,52,66,64,53,53,53,3,3,24,19,19,40,0],"gold":181,"neow_bonus":"BOSS_RELIC","is_prod":false,"is_daily":false,"chose_seed":false,"campfire_upgraded":0,"win_rate":0,"timestamp":1552029190,"path_taken":["M","?","?","?","M","E","R","?","T","R","?","$","M","E","R","BOSS","M","?","?","?","M","$","R","?","T","R","E"],"build_version":"2019-01-23","purchased_purges":1,"victory":false,"max_hp_per_floor":[71,71,71,71,71,71,71,71,71,71,71,71,71,71,71,71,71,71,71,71,71,71,71,71,71,71,71,71],"card_choices":[{"not_picked":["Chill","Streamline"],"picked":"Glacier","floor":1.0},{"not_picked":["Coolheaded","Steam"],"picked":"Defragment","floor":5},{"not_picked":["Fusion","Steam Power"],"picked":"Streamline","floor":6},{"not_picked":["Steam","Doom and Gloom"],"picked":"Loop","floor":8},{"not_picked":["Compile Driver","Scrape"],"picked":"Coolheaded","floor":13},{"not_picked":["Sweeping Beam","Redo"],"picked":"FTL","floor":14},{"not_picked":["Reboot","Biased Cognition"],"picked":"All For One","floor":16},{"not_picked":["Cold Snap","Compile Driver"],"picked":"Gash","floor":18},{"not_picked":["Steam","Hello World"],"picked":"Cold Snap","floor":19},{"not_picked":["Static Discharge","Turbo"],"picked":"Genetic Algorithm","floor":22},{"not_picked":["Static Discharge","Coolheaded"],"picked":"Barrage","floor":25}],"player_experience":653571,"relics_obtained":[{"floor":6,"key":"Omamori"},{"floor":9,"key":"Orichalcum"},{"floor":14,"key":"Dead Branch"},{"floor":26,"key":"Anchor"}],"event_choices":[{"damage_healed":0.0,"max_hp_gain":0.0,"max_hp_loss":0.0,"gold_gain":0.0,"cards_transformed":["Strike_B"],"event_name":"Living Wall","player_choice":"Change","floor":2.0,"gold_loss":0.0,"damage_taken":0.0,"cards_obtained":["Scrape"]},{"cards_removed":["Scrape"],"damage_healed":0.0,"max_hp_gain":0.0,"max_hp_loss":0.0,"gold_gain":0.0,"event_name":"The Cleric","player_choice":"Card Removal","floor":3.0,"gold_loss":50.0,"damage_taken":0.0},{"damage_healed":0,"gold_gain":0,"player_choice":"4 cards matched","damage_taken":0,"max_hp_gain":0,"max_hp_loss":0,"event_name":"Match and Keep!","floor":4,"gold_loss":0,"cards_obtained":["All For One","Zap","Conserve Battery","Enlightenment"]},{"cards_removed":["Strike_B"],"damage_healed":0,"gold_gain":0,"player_choice":"Offered Basic","damage_taken":0,"max_hp_gain":0,"max_hp_loss":0,"event_name":"Bonfire Elementals","floor":11,"gold_loss":0},{"damage_healed":0,"gold_gain":99,"player_choice":"Stole From Cult","damage_taken":0,"max_hp_gain":0,"max_hp_loss":0,"event_name":"Nest","floor":20,"gold_loss":0},{"damage_healed":0,"gold_gain":0,"player_choice":"Trade","damage_taken":0,"relics_obtained":["SsserpentHead"],"max_hp_gain":0,"max_hp_loss":0,"event_name":"FaceTrader","floor":21,"gold_loss":0}],"is_beta":false,"boss_relics":[{"not_picked":["Velvet Choker","Lizard Tail"],"picked":"Inserter"}],"items_purged_floors":[12],"is_endless":false,"potions_floor_spawned":[1,8,16,22,25],"killed_by":"Gremlin Leader","ascension_level":14}