{"gold_per_floor":[112,112,52,66,66,66,90,90,90,90,109,133,133,154,154,282,282,306,231,255,275,275],"floor_reached":22,"playtime":1037,"items_purged":["Decay"],"score":178,"play_id":"77a7a36a-b6b1-42c3-9a16-995b2140000d","local_time":"20181014112039","is_ascension_mode":false,"campfire_choices":[{"data":"Chaos","floor":6,"key":"SMITH"},{"data":"1","floor":10,"key":"LIFT"},{"data":"Static Discharge","floor":15,"key":"SMITH"}],"neow_cost":"NONE","seed_source_timestamp":156242929930880,"circlet_count":0,"master_deck":["Strike_B","Strike_B","Strike_B","Strike_B","Defend_B","Defend_B","Defend_B","Defend_B","Zap","Chaos+1","Compile Driver","Gash","Panacea","Aggregate","Chaos","Static Discharge+1","Echo Form","Streamline","Static Discharge+1","Go for the Eyes+1"],"relics":["Cracked Core","Orichalcum","Golden Idol","Question Card","Girya","Strawberry","Inserter"],"potions_floor_usage":[12,16,16,18],"damage_taken":[{"damage":0,"enemies":"2 Louse","floor":1,"turns":2},{"damage":1,"enemies":"Small Slimes","floor":4,"turns":4},{"damage":0,"enemies":"Cultist","floor":7,"turns":2},{"damage":3,"enemies":"Blue Slaver","floor":11,"turns":3},{"damage":15,"enemies":"Lots of Slimes","floor":12,"turns":2},{"damage":0,"enemies":"Exordium Wildlife","floor":14,"turns":3},{"damage":44,"enemies":"Slime Boss","floor":16,"turns":8},{"damage":36,"enemies":"3 Byrds","floor":18,"turns":5},{"damage":9,"enemies":"Chosen","floor":20,"turns":6},{"damage":18,"enemies":"Centurion and Healer","floor":21,"turns":7},{"damage":9,"enemies":"Shelled Parasite and Fungi","floor":22,"turns":2}],"seed_played":"2686484917046434529","potions_obtained":[{"floor":4,"key":"FearPotion"},{"floor":11,"key":"Explosive Potion"},{"floor":14,"key":"AttackPotion"},{"floor":16,"key":"LiquidBronze"}],"is_trial":false,"path_per_floor":["M","?","?","M","?","R","M","?","T","R","M","M","T","M","R","B",null,"M","$","M","M"],"character_chosen":"DEFECT","items_purchased":[],"campfire_rested":0,"item_purchase_floors":[],"current_hp_per_floor":[75,57,57,56,56,56,56,56,56,56,53,38,45,45,45,1,82,46,46,37,19,10],"gold":275,"neow_bonus":"RANDOM_COMMON_RELIC","is_prod":false,"is_daily":false,"chose_seed":false,"campfire_upgraded":2,"win_rate":0.0,"timestamp":1539534039,"path_taken":["M","?","?","M","?","R","M","?","T","R","?","M","?","M","R","BOSS","M","$","M","M","M"],"build_version":"2018-10-11","purchased_purges":1,"victory":false,"max_hp_per_floor":[75,75,75,75,75,75,75,75,75,75,75,75,82,82,82,82,82,82,82,82,82,82],"card_choices":[{"not_picked":["Leap","Go for the Eyes"],"picked":"Chaos","floor":1},{"not_picked":["Beam Cell","White Noise","Rebound"],"picked":"Compile Driver","floor":4},{"not_picked":["Rebound","Stack","Conserve Battery"],"picked":"Gash","floor":7},{"not_picked":["Echo Form","Genetic Algorithm","Reprogram"],"picked":"Aggregate","floor":11},{"not_picked":["Coolheaded","Stack","Conserve Battery"],"picked":"Chaos","floor":12},{"not_picked":["Sweeping Beam","Stack","Streamline"],"picked":"Static Discharge","floor":14},{"not_picked":["Amplify","Multi-Cast","Thunder Strike"],"picked":"Echo Form","floor":16},{"not_picked":["Conserve Battery","Barrage","Beam Cell"],"picked":"Streamline","floor":18},{"not_picked":["Conserve Battery","Chaos","Rebound"],"picked":"Static Discharge+1","floor":20},{"not_picked":["Reinforced Body","Aggregate","Auto Shields"],"picked":"Go for the Eyes+1","floor":21}],"player_experience":47163,"relics_obtained":[{"floor":9,"key":"Girya"},{"floor":13,"key":"Strawberry"}],"event_choices":[{"event_name":"Golden Idol","player_choice":"Take Damage","floor":2,"damage_taken":0},{"event_name":"WeMeetAgain","player_choice":"Gold","floor":3,"damage_taken":0},{"event_name":"Purifier","player_choice":"One Purge","floor":5,"damage_taken":0},{"event_name":"Match and Keep!","player_choice":"2 cards matched","floor":8,"damage_taken":0}],"is_beta":false,"boss_relics":[{"not_picked":["Busted Crown","Velvet Choker"],"picked":"Inserter"}],"items_purged_floors":[19],"is_endless":false,"potions_floor_spawned":[4,11,14,16],"killed_by":"Shelled Parasite and Fungi","ascension_level":0}