{"gold_per_floor":[110,110,120,135,52,52,79,79,79,4,21,21,33,33,33,111,111,111],"floor_reached":18,"playtime":635,"items_purged":[],"score":288,"play_id":"fb1f6bac-ac02-48e2-add3-487cfcec1f02","local_time":"20190315162611","is_ascension_mode":true,"campfire_choices":[{"floor":6,"key":"REST"},{"floor":8,"key":"REST"},{"floor":15,"key":"REST"}],"neow_cost":"PERCENT_DAMAGE","seed_source_timestamp":231104668633278,"circlet_count":0,"master_deck":["AscendersBane","Strike_B","Strike_B","Strike_B","Defend_B","Defend_B","Defend_B","Defend_B","Zap","Dualcast","Rebound","Stack","Self Repair","Cold Snap","Loop","Loop","Undo+1","Buffer","Stack","Coolheaded","Cold Snap","Coolheaded","Barrage"],"relics":["Cracked Core","Emotion Chip","Blue Candle","Letter Opener","Orrery"],"potions_floor_usage":[13,13],"damage_taken":[{"damage":4,"enemies":"Jaw Worm","floor":1,"turns":3},{"damage":1,"enemies":"Cultist","floor":3,"turns":3},{"damage":3,"enemies":"2 Louse","floor":4,"turns":3},{"damage":28,"enemies":"Lagavulin","floor":7,"turns":6},{"damage":29,"enemies":"Large Slime","floor":11,"turns":6},{"damage":9,"enemies":"3 Louse","floor":13,"turns":4},{"damage":38,"enemies":"Hexaghost","floor":16,"turns":15},{"damage":18,"enemies":"Spheric Guardian","floor":18,"turns":5}],"seed_played":"5952188690025572682","potions_obtained":[{"floor":1,"key":"Strength Potion"},{"floor":7,"key":"LiquidBronze"},{"floor":11,"key":"Block Potion"},{"floor":16,"key":"Strength Potion"}],"is_trial":false,"path_per_floor":["M","?","M","M","$","R","E","R","T","$","M","$","M","?","R","B",null,"M"],"character_chosen":"DEFECT","items_purchased":["Self Repair","Loop"],"campfire_rested":3,"item_purchase_floors":[5,10],"current_hp_per_floor":[42,42,41,38,38,59,31,52,52,52,30,30,28,28,49,18,58,40],"gold":111,"neow_bonus":"ONE_RARE_RELIC","is_prod":false,"is_daily":false,"chose_seed":false,"campfire_upgraded":0,"win_rate":0,"timestamp":1552685171,"path_taken":["M","?","?","M","$","R","E","R","T","$","M","?","?","?","R","BOSS","M"],"build_version":"2019-01-23","purchased_purges":0,"victory":false,"max_hp_per_floor":[71,71,71,71,71,71,71,71,71,71,71,71,71,71,71,71,71,71],"card_choices":[{"not_picked":["Lockon","Go for the Eyes","Hologram"],"picked":"SKIP","floor":1},{"not_picked":["Streamline","Steam Power"],"picked":"Rebound","floor":3},{"not_picked":["Static Discharge","Echo Form"],"picked":"Stack","floor":4},{"not_picked":["Streamline","Rebound"],"picked":"Cold Snap","floor":7},{"not_picked":["Conserve Battery","Go for the Eyes"],"picked":"Loop","floor":11},{"not_picked":["Recycle","Gash"],"picked":"Undo","floor":13},{"not_picked":["Amplify","Thunder Strike"],"picked":"Buffer","floor":16},{"not_picked":["Reprogram","Doom and Gloom"],"picked":"Stack","floor":17},{"not_picked":["Leap","Redo"],"picked":"Coolheaded","floor":17},{"not_picked":["Hologram","Aggregate"],"picked":"Cold Snap","floor":17},{"not_picked":["Redo","Static Discharge"],"picked":"Coolheaded","floor":17},{"not_picked":["Rainbow","Turbo"],"picked":"Barrage","floor":17}],"player_experience":727235,"relics_obtained":[{"floor":7,"key":"Blue Candle"},{"floor":9,"key":"Letter Opener"}],"event_choices":[{"cards_removed":["Strike_B"],"damage_healed":0,"gold_gain":0,"player_choice":"Offered Basic","damage_taken":0,"max_hp_gain":0,"max_hp_loss":0,"event_name":"Bonfire Elementals","floor":2,"gold_loss":0},{"damage_healed":0,"gold_gain":0,"player_choice":"Grow","damage_taken":0,"max_hp_gain":0,"max_hp_loss":0,"event_name":"Living Wall","floor":14,"gold_loss":0,"cards_upgraded":["Undo"]}],"is_beta":false,"boss_relics":[{"not_picked":["Sozu","Ectoplasm"],"picked":"Orrery"}],"items_purged_floors":[],"is_endless":false,"potions_floor_spawned":[1,7,11,16],"killed_by":"Spheric Guardian","ascension_level":16}