{"path_per_floor":["M","M","?","?","M","E","R","?","T","R","M","$","M","M","R","B",null,"M","M","$","?","M","R","M","M","T","M"],"character_chosen":"IRONCLAD","items_purchased":["Flame Barrier","Rampage","Bandage Up","Shrug It Off"],"gold_per_floor":[116,132,102,102,116,144,144,144,144,144,161,1,14,27,27,132,132,152,170,23,23,39,39,49,64,110,128],"floor_reached":28,"campfire_rested":0,"playtime":1794,"current_hp_per_floor":[80,80,80,80,80,69,69,69,69,69,63,63,69,74,74,46,80,80,75,75,75,63,63,65,76,76,61],"items_purged":[],"gold":128,"play_id":"378ba4e3-b30c-439f-bb06-e70cb958fd55","is_prod":false,"is_daily":false,"is_ascension_mode":false,"campfire_upgraded":4,"path_taken":["M","M","?","?","?","E","R","?","T","R","M","$","M","M","R","BOSS","M","?","$","?","M","R","M","M","T","M","E"],"build_version":"2018-01-25-PROD3","purchased_purges":0,"victory":false,"master_deck":["Strike_R","Strike_R","Strike_R","Strike_R","Defend_R","Defend_R","Defend_R","Defend_R","Bash+1","Flame Barrier+1","Anger+1","Headbutt+1","Sword Boomerang","Flame Barrier+1","Rampage","Flex","Armaments+1","Reaper","Armaments","Hemokinesis+1","Bandage Up","Shrug It Off","Juggernaut","Rampage","Wild Strike+1"],"max_hp_per_floor":[80,80,80,80,80,80,80,80,80,80,80,80,80,80,80,80,80,80,80,80,80,80,80,80,80,80,80],"relics":["Black Blood","Ice Cream","Champion Belt","Happy Flower"],"card_choices":[{"not_picked":["Iron Wave","Thunderclap"],"picked":"Flame Barrier"},{"not_picked":["Body Slam","Clash"],"picked":"Anger"},{"not_picked":["Pommel Strike","Bloodletting"],"picked":"Headbutt"},{"not_picked":["Bloodletting","Anger"],"picked":"Sword Boomerang"},{"not_picked":["Sword Boomerang","Anger"],"picked":"Flex"},{"not_picked":["Berserk","Hemokinesis"],"picked":"Armaments"},{"not_picked":["Berserk","Bludgeon"],"picked":"Reaper"},{"not_picked":["Cleave","Thunderclap"],"picked":"Armaments"},{"not_picked":["Clothesline","True Grit"],"picked":"Hemokinesis"},{"not_picked":["Perfected Strike","Burning Pact"],"picked":"Juggernaut"},{"not_picked":["Clothesline","Reckless Charge"],"picked":"Rampage"},{"not_picked":["Disarm","Armaments"],"picked":"Wild Strike"}],"player_experience":34423,"potions_floor_usage":[6,16,16,18,19,22,27,28],"damage_taken":[{"damage":5,"enemies":"Small Slimes","floor":1,"turns":4},{"damage":0,"enemies":"Cultist","floor":2,"turns":3},{"damage":0,"enemies":"Jaw Worm","floor":5,"turns":4},{"damage":17,"enemies":"3 Sentries","floor":6,"turns":7},{"damage":12,"enemies":"Exordium Thugs","floor":11,"turns":5},{"damage":0,"enemies":"Large Slime","floor":13,"turns":4},{"damage":1,"enemies":"Red Slaver","floor":14,"turns":3},{"damage":34,"enemies":"Slime Boss","floor":16,"turns":11},{"damage":15,"enemies":"3 Byrds","floor":18,"turns":5},{"damage":15,"enemies":"Spheric Guardian","floor":19,"turns":5},{"damage":31,"enemies":"Chosen and Byrds","floor":22,"turns":9},{"damage":15,"enemies":"Snake Plant","floor":24,"turns":6},{"damage":10,"enemies":"Snecko","floor":25,"turns":7},{"damage":39,"enemies":"3 Cultists","floor":27,"turns":7},{"damage":90,"enemies":"Gremlin Leader","floor":28,"turns":7}],"event_choices":[{"event_name":"The Woman in Blue","player_choice":"Bought 2 Potions","floor":3,"damage_taken":0},{"event_name":"Living Wall","player_choice":"Grow","floor":4,"damage_taken":0},{"event_name":"Purifier","player_choice":"One Purge","floor":8,"damage_taken":0},{"event_name":"Beggar","player_choice":"Ignored","floor":21,"damage_taken":0}],"boss_relics":[{"not_picked":["Lizard Tail","Runic Pyramid"],"picked":"Black Blood"}],"potions_floor_spawned":[5,13,14,16,18,25,27],"seed_played":"3035884009329401689","killed_by":"Gremlin Leader","ascension_level":0,"is_trial":false}