{"gold_per_floor":[115,20,20,36,36,71,83,118,118,182,182,202,202,214,214,317,317,327,337,60,77,0,0,0,15,86,104,122,122,134,134],"floor_reached":31,"playtime":2637,"items_purged":[],"score":324,"play_id":"14712797-10a1-4b6f-a503-905db951b2f0","local_time":"20190219142926","is_ascension_mode":true,"campfire_choices":[{"floor":13,"key":"REST"},{"floor":15,"key":"REST"},{"floor":23,"key":"REST"},{"floor":29,"key":"REST"}],"neow_cost":"NONE","seed_source_timestamp":133694896525627,"circlet_count":0,"master_deck":["Defend_B","Defend_B","Defend_B","Defend_B","Zap","Dualcast","Gash","Gash","Scrape","Rainbow","Cold Snap","Compile Driver","Barrage","Electrodynamics","Ball Lightning","Compile Driver","Buffer","Echo Form","Creative AI+1","Lockon+1","Compile Driver+1","Capacitor","Gash","Aggregate","Reinforced Body+1","Turbo","Skim","Electrodynamics"],"special_seed":0,"relics":["Lizard Tail","Symbiotic Virus","Art of War","Pantograph","DataDisk","CultistMask","Astrolabe","Toy Ornithopter","Ornamental Fan"],"potions_floor_usage":[18,21,21,25,28,30],"damage_taken":[{"damage":1.0,"enemies":"Cultist","floor":1.0,"turns":4.0},{"damage":11.0,"enemies":"Small Slimes","floor":4.0,"turns":4.0},{"damage":9.0,"enemies":"Lagavulin","floor":6.0,"turns":5.0},{"damage":5.0,"enemies":"2 Louse","floor":7.0,"turns":2.0},{"damage":17,"enemies":"3 Sentries","floor":8,"turns":6},{"damage":15,"enemies":"3 Sentries","floor":10,"turns":4},{"damage":5,"enemies":"Exordium Thugs","floor":12,"turns":3},{"damage":14,"enemies":"Red Slaver","floor":14,"turns":3},{"damage":41,"enemies":"The Guardian","floor":16,"turns":11},{"damage":17,"enemies":"2 Thieves","floor":18,"turns":2},{"damage":22,"enemies":"Shell Parasite","floor":19,"turns":4},{"damage":7,"enemies":"Snecko","floor":21,"turns":4},{"damage":23,"enemies":"Centurion and Healer","floor":25,"turns":5},{"damage":12,"enemies":"Chosen and Byrds","floor":27,"turns":4},{"damage":15,"enemies":"3 Cultists","floor":28,"turns":5},{"damage":24,"enemies":"Snecko","floor":30,"turns":5},{"damage":0,"enemies":"Snake Plant","floor":31,"turns":1}],"seed_played":"-1642467460229977240","potions_obtained":[{"floor":4.0,"key":"Weak Potion"},{"floor":10,"key":"FearPotion"},{"floor":16,"key":"AttackPotion"},{"floor":21,"key":"Fire Potion"},{"floor":27,"key":"Poison Potion"},{"floor":28,"key":"SteroidPotion"}],"is_trial":false,"path_per_floor":["M","$","?","M","$","E","M","E","T","?","?","M","R","M","R","B",null,"M","M","$","M","?","R","$","M","T","M","M","R","M","M"],"character_chosen":"DEFECT","items_purchased":["Gash","Scrape","Toy Ornithopter","EssenceOfSteel"],"campfire_rested":4,"item_purchase_floors":[2,2,20,20],"current_hp_per_floor":[67,67,67,56,56,47,42,25,25,10,10,5,27,13,35,19,61,44,22,22,25,25,47,47,29,29,17,7,29,10,10],"gold":134,"neow_bonus":"BOSS_RELIC","is_prod":false,"is_daily":false,"chose_seed":false,"campfire_upgraded":0,"win_rate":0,"timestamp":1550608166,"path_taken":["M","?","?","?","$","E","M","E","T","?","?","M","R","M","R","BOSS","M","?","$","?","?","R","?","M","T","M","?","R","M","M"],"build_version":"2019-01-23","purchased_purges":0,"victory":false,"max_hp_per_floor":[75,75,75,75,75,75,75,75,75,75,75,75,75,75,75,75,75,75,75,75,75,75,75,75,75,75,75,75,75,75,75],"card_choices":[{"not_picked":["Go for the Eyes","Barrage"],"picked":"Gash","floor":1.0},{"not_picked":["Redo","Undo"],"picked":"Cold Snap","floor":4.0},{"not_picked":["Static Discharge","Streamline"],"picked":"Compile Driver","floor":6.0},{"not_picked":["Coolheaded","Compile Driver"],"picked":"Barrage","floor":7.0},{"not_picked":["Ball Lightning","Turbo"],"picked":"Electrodynamics","floor":8},{"not_picked":["Heatsinks","Turbo"],"picked":"Ball Lightning","floor":10},{"not_picked":["Hologram","Beam Cell"],"picked":"Compile Driver","floor":12},{"not_picked":["Stack","Go for the Eyes"],"picked":"Buffer","floor":14},{"not_picked":["All For One","Electrodynamics"],"picked":"Echo Form","floor":16},{"not_picked":["Force Field","Rebound"],"picked":"Capacitor","floor":18},{"not_picked":["Lockon","Stack"],"picked":"Gash","floor":19},{"not_picked":["Streamline","Stack"],"picked":"Aggregate","floor":21},{"not_picked":["Defragment","Genetic Algorithm"],"picked":"Reinforced Body+1","floor":25},{"not_picked":["Go for the Eyes+1","Ball Lightning"],"picked":"Turbo","floor":27},{"not_picked":["Ball Lightning+1","Sweeping Beam"],"picked":"Skim","floor":28},{"not_picked":["Chill","Genetic Algorithm"],"picked":"Electrodynamics","floor":30}],"player_experience":499239,"relics_obtained":[{"floor":6.0,"key":"Symbiotic Virus"},{"floor":8,"key":"Art of War"},{"floor":9,"key":"Pantograph"},{"floor":10,"key":"DataDisk"},{"floor":26,"key":"Ornamental Fan"}],"event_choices":[{"damage_healed":0.0,"max_hp_gain":0.0,"max_hp_loss":0.0,"gold_gain":0.0,"cards_transformed":["Strike_B"],"event_name":"Transmorgrifier","player_choice":"Transformed","floor":3.0,"gold_loss":0.0,"damage_taken":0.0,"cards_obtained":["Rainbow"]},{"damage_healed":0,"gold_gain":30,"player_choice":"Searched \u00272\u0027 times","damage_taken":0,"max_hp_gain":0,"max_hp_loss":0,"event_name":"Dead Adventurer","floor":10,"gold_loss":0},{"damage_healed":0,"gold_gain":0,"player_choice":"Trade","damage_taken":0,"relics_obtained":["CultistMask"],"max_hp_gain":0,"max_hp_loss":0,"event_name":"FaceTrader","floor":11,"gold_loss":0},{"damage_healed":0,"gold_gain":0,"player_choice":"Paid Fearfully","damage_taken":0,"max_hp_gain":0,"max_hp_loss":0,"event_name":"Masked Bandits","floor":22,"gold_loss":77}],"is_beta":false,"boss_relics":[{"not_picked":["Black Star","Runic Dome"],"picked":"Astrolabe"}],"items_purged_floors":[],"is_endless":false,"potions_floor_spawned":[4,10,16,21,27,28],"killed_by":"Snake Plant","ascension_level":6}