{"gold_per_floor":[116,130,305,305,120,151,151,163,234,247,247,207,61,78,78,173,173,191,191,191,204,215,215,241,241,241,241,241,241,261,279,279,377,377,394,413,430,449,449,449,449],"floor_reached":41,"playtime":22581,"items_purged":["Doubt"],"score":540,"play_id":"3de08ab3-a00e-4785-912e-d61a69693bd4","local_time":"20190327071444","is_ascension_mode":true,"campfire_choices":[{"data":"Defragment","floor":7.0,"key":"SMITH"},{"floor":11.0,"key":"REST"},{"data":"Glacier","floor":15.0,"key":"SMITH"},{"data":"Leap","floor":23.0,"key":"SMITH"},{"data":"Force Field","floor":25.0,"key":"SMITH"},{"data":"Consume","floor":29.0,"key":"SMITH"},{"floor":32.0,"key":"REST"},{"data":"Creative AI","floor":40,"key":"SMITH"}],"neow_cost":"NONE","seed_source_timestamp":0,"circlet_count":0,"master_deck":["Strike_B","Defend_B","Defend_B","Defend_B","Zap","Dualcast","Steam","White Noise","Defragment+1","Cold Snap","Glacier+1","Electrodynamics","FTL","Blizzard","Leap+1","Core Surge","Force Field+1","Consume+1","Storm+1","Turbo+1","Creative AI+1","Cold Snap+1","White Noise+1","Hello World+1"],"special_seed":0,"relics":["Cracked Core","Potion Belt","Cables","Inserter","Omamori","Nunchaku","Dream Catcher","Empty Cage"],"potions_floor_usage":[41],"damage_taken":[{"damage":0.0,"enemies":"Small Slimes","floor":1.0,"turns":4.0},{"damage":3.0,"enemies":"2 Louse","floor":2.0,"turns":2.0},{"damage":34.0,"enemies":"Gremlin Nob","floor":6.0,"turns":5.0},{"damage":1.0,"enemies":"Cultist","floor":8.0,"turns":3.0},{"damage":0.0,"enemies":"2 Fungi Beasts","floor":10.0,"turns":3.0},{"damage":10.0,"enemies":"Lots of Slimes","floor":14.0,"turns":3.0},{"damage":12.0,"enemies":"The Guardian","floor":16.0,"turns":13.0},{"damage":17.0,"enemies":"2 Thieves","floor":18.0,"turns":4.0},{"damage":20.0,"enemies":"Colosseum Slavers","floor":19.0,"turns":4.0},{"damage":6.0,"enemies":"3 Byrds","floor":21.0,"turns":2.0},{"damage":3.0,"enemies":"Sentry and Sphere","floor":22.0,"turns":4.0},{"damage":33.0,"enemies":"Slavers","floor":24.0,"turns":6.0},{"damage":20.0,"enemies":"Centurion and Healer","floor":27.0,"turns":4.0},{"damage":12.0,"enemies":"Snake Plant","floor":30.0,"turns":4.0},{"damage":2.0,"enemies":"Snecko","floor":31.0,"turns":5.0},{"damage":13.0,"enemies":"Champ","floor":33.0,"turns":13.0},{"damage":0.0,"enemies":"Orb Walker","floor":35.0,"turns":4.0},{"damage":0.0,"enemies":"3 Darklings","floor":36.0,"turns":3.0},{"damage":12.0,"enemies":"Spire Growth","floor":37.0,"turns":4.0},{"damage":12.0,"enemies":"Transient","floor":38.0,"turns":5.0},{"damage":46,"enemies":"4 Shapes","floor":41,"turns":3}],"seed_played":"-6428142165695088329","potions_obtained":[{"floor":1.0,"key":"Weak Potion"},{"floor":6.0,"key":"Weak Potion"},{"floor":12.0,"key":"FearPotion"},{"floor":12.0,"key":"LiquidBronze"},{"floor":12.0,"key":"Weak Potion"},{"floor":22.0,"key":"Strength Potion"},{"floor":24.0,"key":"Fire Potion"},{"floor":30.0,"key":"Energy Potion"},{"floor":38.0,"key":"SpeedPotion"}],"is_trial":false,"path_per_floor":["M","M","?","?","$","E","R","M","T","M","R","?","$","M","R","B",null,"M","?","?","M","M","R","E","R","T","M","T","R","M","M","R","B",null,"M","M","M","M","?","R","M"],"character_chosen":"DEFECT","items_purchased":["White Noise","Defragment","Electrodynamics","FTL"],"campfire_rested":2,"item_purchase_floors":[5,5,13,13],"current_hp_per_floor":[68,65,65,58,58,24,24,23,23,23,45,45,45,35,35,23,62,45,25,85,79,76,76,43,43,43,23,23,23,11,9,34,21,69,69,69,57,45,45,45,0],"gold":449,"neow_bonus":"TRANSFORM_CARD","is_prod":false,"is_daily":false,"chose_seed":false,"campfire_upgraded":6,"win_rate":0,"timestamp":1553688884,"path_taken":["M","M","?","?","$","E","R","M","T","M","R","?","$","M","R","BOSS","M","?","?","M","?","R","E","R","T","M","?","R","M","M","R","BOSS","M","M","M","M","?","R","M"],"build_version":"2019-01-23","purchased_purges":1,"victory":false,"max_hp_per_floor":[75,75,75,75,75,75,75,75,75,75,75,75,75,75,75,75,75,75,75,85,85,85,85,85,85,85,85,85,85,85,85,85,85,85,85,85,85,85,85,85,85],"card_choices":[{"not_picked":["Darkness","Hologram","Compile Driver"],"picked":"SKIP","floor":1.0},{"not_picked":["Gash","Genetic Algorithm","Redo"],"picked":"SKIP","floor":2.0},{"not_picked":["Redo","Chaos","Hello World"],"picked":"SKIP","floor":6.0},{"not_picked":["Doom and Gloom","Conserve Battery"],"picked":"Cold Snap","floor":8.0},{"not_picked":["Steam","Machine Learning"],"picked":"Glacier","floor":10.0},{"not_picked":["Ball Lightning","Loop"],"picked":"Blizzard","floor":14.0},{"not_picked":["Hyperbeam","Rainbow"],"picked":"Electrodynamics","floor":16.0},{"not_picked":["Steam","Streamline","Chaos"],"picked":"SKIP","floor":18.0},{"not_picked":["Genetic Algorithm","Melter"],"picked":"Leap","floor":21.0},{"not_picked":["Ball Lightning","Reprogram"],"picked":"Core Surge","floor":22.0},{"not_picked":["Hologram","Go for the Eyes"],"picked":"Force Field","floor":24.0},{"not_picked":["Skim","Steam"],"picked":"Consume","floor":27.0},{"not_picked":["Hologram+1","Rebound"],"picked":"Storm+1","floor":30.0},{"not_picked":["Beam Cell","Rebound"],"picked":"Turbo+1","floor":31.0},{"not_picked":["Thunder Strike","Machine Learning"],"picked":"Creative AI","floor":33.0},{"not_picked":["Leap+1","Steam+1"],"picked":"Cold Snap+1","floor":35.0},{"not_picked":["Hologram","Redo"],"picked":"White Noise+1","floor":36.0},{"not_picked":["Steam+1","Go for the Eyes+1","Sweeping Beam+1"],"picked":"SKIP","floor":37.0},{"not_picked":["Gash","Rebound+1"],"picked":"Hello World+1","floor":38.0}],"player_experience":106467,"relics_obtained":[{"floor":6.0,"key":"Potion Belt"},{"floor":9.0,"key":"Cables"},{"floor":24.0,"key":"Omamori"},{"floor":26.0,"key":"Nunchaku"},{"floor":28.0,"key":"Dream Catcher"}],"event_choices":[{"damage_healed":0.0,"max_hp_gain":0.0,"max_hp_loss":0.0,"gold_gain":175.0,"event_name":"Liars Game","player_choice":"AGREE","floor":3.0,"gold_loss":0.0,"damage_taken":0.0,"cards_obtained":["Doubt"]},{"cards_removed":["Defend_B"],"damage_healed":0.0,"max_hp_gain":0.0,"max_hp_loss":0.0,"gold_gain":0.0,"event_name":"Golden Wing","player_choice":"Card Removal","floor":4.0,"gold_loss":0.0,"damage_taken":7.0},{"damage_healed":0.0,"max_hp_gain":0.0,"max_hp_loss":0.0,"gold_gain":0.0,"event_name":"The Woman in Blue","player_choice":"Bought 3 Potions","floor":12.0,"gold_loss":0.0,"damage_taken":0.0},{"damage_healed":0.0,"max_hp_gain":0.0,"max_hp_loss":0.0,"gold_gain":0.0,"event_name":"Colosseum","player_choice":"Fight","floor":19.0,"gold_loss":0.0,"damage_taken":0.0},{"damage_healed":0.0,"max_hp_gain":0.0,"max_hp_loss":0.0,"gold_gain":0.0,"event_name":"Colosseum","player_choice":"Fled From Nobs","floor":19.0,"gold_loss":0.0,"damage_taken":0.0},{"cards_removed":["Electrodynamics"],"damage_healed":50.0,"max_hp_gain":10.0,"max_hp_loss":0.0,"gold_gain":0.0,"event_name":"Bonfire Elementals","player_choice":"Offered Rare","floor":20.0,"gold_loss":0.0,"damage_taken":0.0},{"damage_healed":0,"gold_gain":0,"player_choice":"Ignored","damage_taken":0,"max_hp_gain":0,"max_hp_loss":0,"event_name":"Mysterious Sphere","floor":39,"gold_loss":0}],"is_beta":false,"boss_relics":[{"not_picked":["Eternal Feather","Velvet Choker"],"picked":"Inserter"},{"not_picked":["Snecko Eye","Runic Dome"],"picked":"Empty Cage"}],"items_purged_floors":[5],"is_endless":false,"potions_floor_spawned":[1,6,22,24,30,38],"killed_by":"4 Shapes","ascension_level":6}