{"gold_per_floor":[119,119,129,149,74,107,107,132,202,49,78,78,78,39,39,112,112,112,112,53,53,53,53,80,80,80,112,112,146,146,157,157,233,233,243,12,12,63,63,63,82,82,131,161,6,6,6,34,34,111,185,235,247,10,10,40,67,67,67,67,67,95,124,4,14,49,49,127,127,144,144,69,69,69,94,123,157,189,49,69,86,86,113,113,192,192,207,0,0,0,18,18,48,48,81,81,92,92,118,58,58,58],"floor_reached":102,"playtime":3716,"items_purged":["Bane","Scrape","Leap","Flying Knee","Metamorphosis+1"],"score":5945,"play_id":"5d120c25-5613-4403-93f6-c5ccaff0351f","local_time":"20190407083114","daily_mods":["Draft","Red Cards","Green Cards","Blue Cards","Colorless Cards","Heirloom","Time Dilation","Flight"],"is_ascension_mode":true,"campfire_choices":[{"data":"Beam Cell","floor":7,"key":"SMITH"},{"floor":12,"key":"REST"},{"data":"Double Energy","floor":13,"key":"SMITH"},{"data":"Coolheaded","floor":15,"key":"SMITH"},{"floor":23,"key":"REST"},{"data":"Metamorphosis","floor":25,"key":"SMITH"},{"floor":28,"key":"REST"},{"floor":30,"key":"REST"},{"data":"Capacitor","floor":32,"key":"SMITH"},{"data":"Fission","floor":40,"key":"SMITH"},{"data":"Genetic Algorithm","floor":42,"key":"SMITH"},{"floor":47,"key":"REST"},{"data":"Chill","floor":49,"key":"SMITH"},{"data":"Deep Breath","floor":58,"key":"SMITH"},{"data":"Prepared","floor":59,"key":"SMITH"},{"data":"Bandage Up","floor":60,"key":"SMITH"},{"data":"Flex","floor":67,"key":"SMITH"},{"data":"Apotheosis","floor":82,"key":"SMITH"},{"data":"1","floor":84,"key":"LIFT"},{"data":"Double Energy","floor":92,"key":"SMITH"},{"data":"Secret Weapon","floor":94,"key":"SMITH"},{"data":"2","floor":96,"key":"LIFT"},{"data":"3","floor":98,"key":"LIFT"},{"data":"Prepared","floor":101,"key":"SMITH"}],"neow_cost":"","seed_source_timestamp":0,"circlet_count":0,"master_deck":["AscendersBane","Deflect","Genetic Algorithm+1","Slice","Slice+1","Steam","Warcry+1","Coolheaded+1","Rage","Slice+1","Chill+1","Capacitor+1","Steam+1","Beam Cell+1","Double Energy+1","Gash","Fire Breathing+1","Gash","Gash+1","Warcry","Storm+1","Storm+1","Fission+1","Rampage+1","FTL","Prepared+1","Beam Cell","Gash","Deep Breath+1","Havoc+1","Berserk+1","Prepared","Bandage Up+1","Prepared+1","Sadistic Nature+1","Clash","Flex+1","Apotheosis+1","Finesse","Clash","Well Laid Plans+1","Turbo+1","Bandage Up+1","Secret Weapon+1","Double Energy+1","Anger","Gash","Go for the Eyes","Clash","Meteor Strike"],"relics":["Unceasing Top","Pocketwatch","Prayer Wheel","Bag of Marbles","Happy Flower","Frozen Egg 2","Whetstone","Sozu","Enchiridion","MutagenicStrength","Mercury Hourglass","Incense Burner","Ancient Tea Set","Bottled Tornado","Empty Cage","Runic Capacitor","Girya","Blue Candle","Blood Vial","Calipers","Bird Faced Urn","Tiny House","Tiny Chest","Odd Mushroom","The Courier","Orrery","War Paint","Inserter","Red Mask"],"potions_floor_usage":[18],"damage_taken":[{"damage":11,"enemies":"2 Louse","floor":1,"turns":3},{"damage":0,"enemies":"Cultist","floor":3,"turns":4},{"damage":0,"enemies":"Small Slimes","floor":4,"turns":3},{"damage":7,"enemies":"3 Sentries","floor":6,"turns":9},{"damage":0,"enemies":"Lagavulin","floor":8,"turns":4},{"damage":2,"enemies":"Gremlin Nob","floor":11,"turns":3},{"damage":33,"enemies":"Hexaghost","floor":16,"turns":3},{"damage":0,"enemies":"2 Thieves","floor":18,"turns":1},{"damage":1,"enemies":"Book of Stabbing","floor":24,"turns":2},{"damage":23,"enemies":"Slavers","floor":27,"turns":3},{"damage":6,"enemies":"Book of Stabbing","floor":29,"turns":2},{"damage":0,"enemies":"Spheric Guardian","floor":31,"turns":1},{"damage":7,"enemies":"Champ","floor":33,"turns":4},{"damage":0,"enemies":"Orb Walker","floor":35,"turns":1},{"damage":25,"enemies":"2 Orb Walkers","floor":38,"turns":4},{"damage":1,"enemies":"3 Shapes","floor":41,"turns":1},{"damage":1,"enemies":"Reptomancer","floor":44,"turns":1},{"damage":1,"enemies":"Nemesis","floor":48,"turns":1},{"damage":2,"enemies":"Donu and Deca","floor":50,"turns":2},{"damage":1,"enemies":"Awakened One","floor":51,"turns":2},{"damage":0,"enemies":"Jaw Worm","floor":53,"turns":1},{"damage":1,"enemies":"The Mushroom Lair","floor":57,"turns":1},{"damage":0,"enemies":"Lagavulin","floor":62,"turns":1},{"damage":7,"enemies":"3 Sentries","floor":63,"turns":2},{"damage":0,"enemies":"Small Slimes","floor":65,"turns":1},{"damage":1,"enemies":"Lagavulin","floor":66,"turns":1},{"damage":0,"enemies":"Hexaghost","floor":68,"turns":1},{"damage":0,"enemies":"Spheric Guardian","floor":70,"turns":1},{"damage":1,"enemies":"Gremlin Leader","floor":75,"turns":2},{"damage":0,"enemies":"Slavers","floor":76,"turns":1},{"damage":1,"enemies":"Book of Stabbing","floor":77,"turns":2},{"damage":1,"enemies":"Gremlin Leader","floor":78,"turns":2},{"damage":0,"enemies":"3 Byrds","floor":80,"turns":1},{"damage":0,"enemies":"Centurion and Healer","floor":81,"turns":1},{"damage":0,"enemies":"Slavers","floor":83,"turns":1},{"damage":1,"enemies":"Champ","floor":85,"turns":1},{"damage":0,"enemies":"Orb Walker","floor":87,"turns":1},{"damage":3,"enemies":"3 Shapes","floor":91,"turns":2},{"damage":1,"enemies":"Giant Head","floor":93,"turns":1},{"damage":1,"enemies":"Reptomancer","floor":95,"turns":1},{"damage":1,"enemies":"3 Darklings","floor":97,"turns":1},{"damage":0,"enemies":"Nemesis","floor":99,"turns":1},{"damage":38,"enemies":"Time Eater","floor":102,"turns":2}],"seed_played":"7326678694538656448","potions_obtained":[{"floor":1,"key":"FearPotion"},{"floor":11,"key":"SmokeBomb"}],"is_trial":true,"path_per_floor":["M","?","M","M","$","E","R","E","T","$","E","R","R","$","R","B",null,"M","?","$","?","?","R","E","R","T","E","R","E","R","M","R","B",null,"M","$","$","?","T","R","M","R","T","E","$","?","R","E","R","B","B",null,"M","$","?","?","?","R","R","R","T","E","E","$","M","E","R","B",null,"M","?","?","$","?","E","E","E","E","$","M","M","R","E","R","B",null,"M","?","?","?","M","R","E","R","E","R","M","R","E","$","R","B"],"character_chosen":"DEFECT","items_purchased":["Gash","Fire Breathing+1","Gash","Runic Capacitor","Gash","Sadistic Nature+1","Clash","Meteor Strike"],"campfire_rested":5,"item_purchase_floors":[10,14,20,36,45,54,54,100],"current_hp_per_floor":[53,53,53,53,53,46,46,46,46,46,44,65,65,65,65,32,61,61,40,40,40,40,61,60,60,60,37,58,52,71,71,71,64,69,69,69,69,44,44,44,43,43,43,44,44,44,65,66,66,70,71,76,76,76,81,63,74,74,74,74,74,81,79,79,81,81,81,81,81,81,81,81,81,81,81,81,81,81,81,81,81,81,81,81,81,81,81,81,81,81,78,78,81,81,80,80,81,81,81,81,81,47],"gold":58,"neow_bonus":"","is_prod":false,"is_daily":false,"chose_seed":false,"campfire_upgraded":16,"win_rate":0,"timestamp":1554643874,"path_taken":["M","?","?","M","$","E","R","E","T","$","E","R","R","$","R","BOSS","M","?","$","?","?","R","E","R","T","E","R","E","R","M","R","BOSS","M","$","$","?","?","R","?","R","T","E","$","?","R","E","R","BOSS","BOSS","M","$","?","?","?","R","R","R","T","E","?","$","M","E","R","BOSS","M","?","?","?","?","E","E","E","E","?","M","?","R","E","R","BOSS","M","?","?","?","?","R","E","R","E","R","?","R","?","?","R","BOSS"],"build_version":"2019-01-23","purchased_purges":5,"victory":false,"max_hp_per_floor":[71,71,71,71,71,71,71,71,71,71,71,71,71,71,71,71,71,71,71,71,71,71,71,71,71,71,71,71,71,71,71,71,71,71,71,71,71,71,71,71,71,71,71,71,71,71,71,71,71,71,71,76,76,76,81,81,81,81,81,81,81,81,81,81,81,81,81,81,81,81,81,81,81,81,81,81,81,81,81,81,81,81,81,81,81,81,81,81,81,81,81,81,81,81,81,81,81,81,81,81,81,81],"card_choices":[{"not_picked":["Accuracy","Trip"],"picked":"Deflect","floor":0},{"not_picked":["Wild Strike","Backflip"],"picked":"Leap","floor":0},{"not_picked":["Jack Of All Trades","Flame Barrier"],"picked":"Genetic Algorithm","floor":0},{"not_picked":["Sweeping Beam","Well Laid Plans"],"picked":"Slice","floor":0},{"not_picked":["Poisoned Stab","Dash"],"picked":"Flying Knee","floor":0},{"not_picked":["Streamline","Caltrops"],"picked":"Slice","floor":0},{"not_picked":["Leg Sweep","Reflex"],"picked":"Streamline","floor":0},{"not_picked":["Riddle With Holes","Quick Slash"],"picked":"Scrape","floor":0},{"not_picked":["Headbutt","Cleave"],"picked":"Steam","floor":0},{"not_picked":["Turbo","Twin Strike"],"picked":"Warcry","floor":0},{"not_picked":["Mind Blast","Backstab"],"picked":"Coolheaded","floor":0},{"not_picked":["Turbo","Headbutt"],"picked":"Caltrops","floor":0},{"not_picked":["Hologram","Bane"],"picked":"Rage","floor":0},{"not_picked":["Burning Pact","Heavy Blade"],"picked":"Bane","floor":0},{"not_picked":["Outmaneuver","Aggregate"],"picked":"Slice","floor":0},{"not_picked":["Steam Power","Backflip"],"picked":"Chill","floor":1},{"not_picked":["Flash of Steel","Pommel Strike"],"picked":"Capacitor","floor":3},{"not_picked":["Shrug It Off","Hologram"],"picked":"Steam","floor":3},{"not_picked":["Barrage","Reckless Charge","Ball Lightning"],"picked":"SKIP","floor":4},{"not_picked":["Pummel","Enlightenment","Fiend Fire"],"picked":"SKIP","floor":4},{"not_picked":["Seeing Red","Madness"],"picked":"Beam Cell","floor":6},{"not_picked":["Turbo","Twin Strike"],"picked":"Double Energy","floor":8},{"not_picked":["Dagger Spray","Metallicize+1","Poisoned Stab"],"picked":"SKIP","floor":11},{"not_picked":["Bludgeon","Demon Form+1"],"picked":"Metamorphosis","floor":16},{"not_picked":["Turbo+1","Twin Strike"],"picked":"Gash","floor":24},{"not_picked":["Acrobatics","Stack"],"picked":"Warcry","floor":27},{"not_picked":["Force Field","Blur+1","Sever Soul"],"picked":"SKIP","floor":29},{"not_picked":["All Out Attack","Blood for Blood"],"picked":"Storm+1","floor":31},{"not_picked":["Uppercut","Pommel Strike"],"picked":"Storm+1","floor":31},{"not_picked":["Doppelganger","Glass Knife"],"picked":"Fission","floor":33},{"not_picked":["Headbutt","Turbo","Wild Strike"],"picked":"SKIP","floor":35},{"not_picked":["Cold Snap","Auto Shields+1","Jack Of All Trades"],"picked":"SKIP","floor":35},{"not_picked":["Bane","Self Repair+1"],"picked":"Rampage+1","floor":38},{"not_picked":["Coolheaded+1","Dagger Throw"],"picked":"FTL","floor":41},{"not_picked":["Loop+1","Leg Sweep"],"picked":"Prepared","floor":41},{"not_picked":["Catalyst","Sword Boomerang"],"picked":"Beam Cell","floor":44},{"not_picked":["Discovery","The Bomb"],"picked":"Deep Breath","floor":46},{"not_picked":["Flechettes","Dagger Spray"],"picked":"Havoc+1","floor":48},{"not_picked":["Feed","Bullet Time"],"picked":"Berserk+1","floor":51},{"not_picked":["Poisoned Stab","Underhanded Strike+1"],"picked":"Prepared","floor":52},{"not_picked":["Backflip","Cleave"],"picked":"Bandage Up","floor":53},{"not_picked":["Underhanded Strike","Malaise"],"picked":"Prepared","floor":53},{"not_picked":["Lockon","Masterful Stab","Flying Knee"],"picked":"SKIP","floor":62},{"not_picked":["Quick Slash","Leap","Pummel"],"picked":"SKIP","floor":63},{"not_picked":["Body Slam","Compile Driver"],"picked":"Flex","floor":65},{"not_picked":["Cleave","PiercingWail","BootSequence"],"picked":"SKIP","floor":65},{"not_picked":["Hemokinesis","Intimidate","Havoc"],"picked":"SKIP","floor":66},{"not_picked":["Storm of Steel","Barricade+1"],"picked":"Apotheosis","floor":68},{"not_picked":["Ghostly Armor","Coolheaded"],"picked":"Finesse","floor":69},{"not_picked":["Armaments","PiercingWail"],"picked":"Clash","floor":69},{"not_picked":["Malaise","Outmaneuver","Jack Of All Trades"],"picked":"SKIP","floor":70},{"not_picked":["Bane+1","Warcry","Streamline"],"picked":"SKIP","floor":70},{"not_picked":["Deep Breath","Terror","Rip and Tear"],"picked":"SKIP","floor":75},{"not_picked":["Ball Lightning","Outmaneuver"],"picked":"Turbo+1","floor":76},{"not_picked":["Thunderclap","Phantasmal Killer","Madness"],"picked":"SKIP","floor":77},{"not_picked":["Flying Knee","Steam","Doom and Gloom"],"picked":"SKIP","floor":78},{"not_picked":["Blood for Blood","Fire Breathing+1"],"picked":"Bandage Up+1","floor":80},{"not_picked":["Dagger Throw","Bouncing Flask+1","Barrage"],"picked":"SKIP","floor":80},{"not_picked":["Blade Dance","Heavy Blade","Redo"],"picked":"SKIP","floor":81},{"not_picked":["Disarm+1","Iron Wave","Blizzard"],"picked":"SKIP","floor":81},{"not_picked":["Heavy Blade+1","True Grit","Leap"],"picked":"SKIP","floor":83},{"not_picked":["Scrape+1","Feel No Pain+1","Blade Dance"],"picked":"SKIP","floor":87},{"not_picked":["Perfected Strike","White Noise","Reckless Charge"],"picked":"SKIP","floor":87},{"not_picked":["Swift Strike","Thinking Ahead"],"picked":"Secret Weapon","floor":90},{"not_picked":["Warcry","Cloak And Dagger"],"picked":"Double Energy","floor":91},{"not_picked":["Headbutt+1","Underhanded Strike+1","Pommel Strike"],"picked":"SKIP","floor":91},{"not_picked":["Sever Soul","Bane+1","Coolheaded+1"],"picked":"SKIP","floor":93},{"not_picked":["Compile Driver+1","Aggregate"],"picked":"Anger","floor":95},{"not_picked":["Barrage","Cleave+1"],"picked":"Gash","floor":97},{"not_picked":["Deflect","Rage"],"picked":"Go for the Eyes","floor":97},{"not_picked":["Reprogram","Cold Snap"],"picked":"Clash","floor":99}],"player_experience":888136,"relics_obtained":[{"floor":6,"key":"Bag of Marbles"},{"floor":8,"key":"Happy Flower"},{"floor":9,"key":"Frozen Egg 2"},{"floor":11,"key":"Whetstone"},{"floor":19,"key":"Enchiridion"},{"floor":24,"key":"Mercury Hourglass"},{"floor":26,"key":"Incense Burner"},{"floor":27,"key":"Ancient Tea Set"},{"floor":29,"key":"Bottled Tornado"},{"floor":38,"key":"Girya"},{"floor":39,"key":"Blue Candle"},{"floor":43,"key":"Blood Vial"},{"floor":44,"key":"Calipers"},{"floor":48,"key":"Bird Faced Urn"},{"floor":57,"key":"Odd Mushroom"},{"floor":61,"key":"The Courier"}],"event_choices":[{"damage_healed":0,"gold_gain":0,"player_choice":"Gave Potion","damage_taken":0,"relics_obtained":["Prayer Wheel"],"max_hp_gain":0,"max_hp_loss":0,"event_name":"WeMeetAgain","floor":2,"gold_loss":0},{"damage_healed":0,"gold_gain":0,"player_choice":"Obtained Book","damage_taken":21,"max_hp_gain":0,"max_hp_loss":0,"event_name":"Cursed Tome","floor":19,"gold_loss":0},{"damage_healed":0,"gold_gain":0,"player_choice":"Smashed Altar","damage_taken":0,"max_hp_gain":0,"max_hp_loss":0,"event_name":"Forgotten Altar","floor":21,"gold_loss":0,"cards_obtained":["Decay"]},{"damage_healed":0,"gold_gain":0,"player_choice":"Inject Mutagens","damage_taken":0,"relics_obtained":["MutagenicStrength"],"max_hp_gain":0,"max_hp_loss":0,"event_name":"Drug Dealer","floor":22,"gold_loss":0},{"damage_healed":0,"gold_gain":0,"player_choice":"Fight","damage_taken":0,"max_hp_gain":0,"max_hp_loss":0,"event_name":"Mysterious Sphere","floor":38,"gold_loss":0},{"damage_healed":0,"gold_gain":0,"player_choice":"Memory 1","damage_taken":0,"max_hp_gain":0,"max_hp_loss":0,"event_name":"SensoryStone","floor":46,"gold_loss":0},{"damage_healed":0,"gold_gain":0,"player_choice":"Donut","damage_taken":0,"max_hp_gain":5,"max_hp_loss":0,"event_name":"Big Fish","floor":55,"gold_loss":0},{"damage_healed":0,"gold_gain":0,"player_choice":"Success","damage_taken":18,"relics_obtained":["Tiny Chest"],"max_hp_gain":0,"max_hp_loss":0,"event_name":"Scrap Ooze","floor":56,"gold_loss":0},{"damage_healed":0,"gold_gain":0,"player_choice":"Fought Mushrooms","damage_taken":0,"max_hp_gain":0,"max_hp_loss":0,"event_name":"Mushrooms","floor":57,"gold_loss":0},{"damage_healed":0,"gold_gain":0,"player_choice":"Opened","damage_taken":0,"relics_obtained":["War Paint"],"max_hp_gain":0,"max_hp_loss":0,"event_name":"The Mausoleum","floor":71,"gold_loss":0,"cards_obtained":["Writhe"]},{"cards_removed":["Writhe"],"damage_healed":0,"gold_gain":0,"player_choice":"Gave Gold","damage_taken":0,"max_hp_gain":0,"max_hp_loss":0,"event_name":"Beggar","floor":72,"gold_loss":75},{"damage_healed":0,"gold_gain":0,"player_choice":"Read","damage_taken":0,"max_hp_gain":0,"max_hp_loss":0,"event_name":"The Library","floor":74,"gold_loss":0,"cards_obtained":["Well Laid Plans"]},{"damage_healed":0,"gold_gain":0,"player_choice":"Paid","damage_taken":0,"relics_obtained":["Red Mask"],"max_hp_gain":0,"max_hp_loss":0,"event_name":"Tomb of Lord Red Mask","floor":88,"gold_loss":207},{"cards_removed":["Caltrops"],"damage_healed":0,"gold_gain":0,"player_choice":"Removed Power","damage_taken":0,"max_hp_gain":0,"max_hp_loss":0,"event_name":"Falling","floor":89,"gold_loss":0},{"damage_healed":0,"gold_gain":0,"player_choice":"Memory 1","damage_taken":0,"max_hp_gain":0,"max_hp_loss":0,"event_name":"SensoryStone","floor":90,"gold_loss":0}],"is_beta":false,"boss_relics":[{"not_picked":["Fusion Hammer","Eternal Feather"],"picked":"Sozu"},{"not_picked":["Busted Crown","Calling Bell"],"picked":"Empty Cage"},{"not_picked":["Nuclear Battery","Astrolabe"],"picked":"Tiny House"},{"not_picked":["Ectoplasm","Black Star"],"picked":"Orrery"},{"not_picked":["White Beast Statue","Snecko Eye"],"picked":"Inserter"}],"items_purged_floors":[5,10,45,64,79],"is_endless":true,"potions_floor_spawned":[1,11,18,31,35,38,44,53,57,76,77,78,91,99],"killed_by":"Time Eater","ascension_level":20}