{"gold_per_floor":[109,259,334,334,347,347,380,380,380,390,311,311,330,330,330,428,428,443,24,24,43,58,58,58],"floor_reached":24,"playtime":730,"items_purged":[],"score":394,"play_id":"72feba46-22e1-4b52-8919-071965a4d31c","local_time":"20190321120048","is_ascension_mode":true,"campfire_choices":[{"floor":6,"key":"REST"},{"floor":8,"key":"REST"},{"floor":12,"key":"REST"},{"floor":15,"key":"REST"},{"floor":23,"key":"REST"}],"neow_cost":"NONE","seed_source_timestamp":53222436408541,"circlet_count":0,"master_deck":["AscendersBane","Strike_B","Defend_B","Defend_B","Defend_B","Defend_B","Zap","Dualcast","Compile Driver","Compile Driver","Sunder","Rebound","Injury","Core Surge","Recycle+1","Sunder+1","Sunder","Sunder+1","Master of Strategy","Coolheaded"],"relics":["Snecko Eye","Bottled Flame","Girya","Golden Idol","Astrolabe","DollysMirror","Nunchaku"],"potions_floor_usage":[7,16,21,22],"damage_taken":[{"damage":4,"enemies":"Jaw Worm","floor":1,"turns":4},{"damage":0,"enemies":"Small Slimes","floor":5,"turns":3},{"damage":50,"enemies":"Lagavulin","floor":7,"turns":8},{"damage":7,"enemies":"Cultist","floor":10,"turns":4},{"damage":7,"enemies":"2 Fungi Beasts","floor":13,"turns":2},{"damage":68,"enemies":"Hexaghost","floor":16,"turns":9},{"damage":2,"enemies":"Chosen","floor":18,"turns":3},{"damage":6,"enemies":"2 Thieves","floor":21,"turns":2},{"damage":40,"enemies":"Chosen and Byrds","floor":22,"turns":6},{"damage":19,"enemies":"Snake Plant","floor":24,"turns":2}],"seed_played":"2888411768530116545","potions_obtained":[{"floor":5,"key":"Ancient Potion"},{"floor":7,"key":"LiquidBronze"},{"floor":18,"key":"SkillPotion"},{"floor":21,"key":"Regen Potion"}],"is_trial":false,"path_per_floor":["M","?","?","?","M","R","E","R","T","M","$","R","M","?","R","B",null,"M","$","?","M","M","R","M"],"character_chosen":"DEFECT","items_purchased":["Sunder","DollysMirror","Master of Strategy"],"campfire_rested":5,"item_purchase_floors":[11,19,19],"current_hp_per_floor":[60,60,49,49,49,70,20,41,41,34,34,55,48,48,69,1,54,52,52,52,46,15,36,17],"gold":58,"neow_bonus":"BOSS_RELIC","is_prod":false,"is_daily":false,"chose_seed":false,"campfire_upgraded":0,"win_rate":0,"timestamp":1553187648,"path_taken":["M","?","?","?","M","R","E","R","T","M","$","R","?","?","R","BOSS","M","$","?","M","M","R","?"],"build_version":"2019-01-23","purchased_purges":0,"victory":false,"max_hp_per_floor":[71,71,71,71,71,71,71,71,71,71,71,71,71,71,71,71,71,71,71,71,71,71,71,71],"card_choices":[{"not_picked":["Stack","Sweeping Beam"],"picked":"Compile Driver","floor":1},{"not_picked":["Rebound","Tempest","Streamline"],"picked":"SKIP","floor":5},{"not_picked":["Redo","Beam Cell","Recycle"],"picked":"SKIP","floor":7},{"not_picked":["Beam Cell","Hologram"],"picked":"Compile Driver","floor":10},{"not_picked":["Sweeping Beam","Leap"],"picked":"Rebound","floor":13},{"not_picked":["Biased Cognition","Hyperbeam"],"picked":"Core Surge","floor":16},{"not_picked":["Static Discharge","Streamline"],"picked":"Sunder","floor":18},{"not_picked":["Go for the Eyes+1","Streamline","Ball Lightning+1"],"picked":"SKIP","floor":21},{"not_picked":["Cold Snap","Stack"],"picked":"Coolheaded","floor":22}],"player_experience":777633,"relics_obtained":[{"floor":7,"key":"Bottled Flame"},{"floor":9,"key":"Girya"}],"event_choices":[{"damage_healed":0,"gold_gain":150,"player_choice":"AGREE","damage_taken":0,"max_hp_gain":0,"max_hp_loss":0,"event_name":"Liars Game","floor":2,"gold_loss":0,"cards_obtained":["Doubt"]},{"damage_healed":0,"gold_gain":75,"player_choice":"Gather Gold","damage_taken":11,"max_hp_gain":0,"max_hp_loss":0,"event_name":"World of Goop","floor":3,"gold_loss":0},{"cards_removed":["Doubt"],"damage_healed":0,"gold_gain":0,"player_choice":"Purged","damage_taken":0,"max_hp_gain":0,"max_hp_loss":0,"event_name":"Purifier","floor":4,"gold_loss":0},{"damage_healed":0,"gold_gain":0,"player_choice":"Take Wound","damage_taken":0,"relics_obtained":["Golden Idol"],"max_hp_gain":0,"max_hp_loss":0,"event_name":"Golden Idol","floor":14,"gold_loss":0,"cards_obtained":["Injury"]},{"cards_removed":["BootSequence"],"damage_healed":0,"gold_gain":0,"player_choice":"Gave Card","damage_taken":0,"relics_obtained":["Nunchaku"],"max_hp_gain":0,"max_hp_loss":0,"event_name":"WeMeetAgain","floor":20,"gold_loss":0}],"is_beta":false,"boss_relics":[{"not_picked":["Philosopher\u0027s Stone","Busted Crown"],"picked":"Astrolabe"}],"items_purged_floors":[],"is_endless":false,"potions_floor_spawned":[5,7,18,21],"killed_by":"Snake Plant","ascension_level":18}