{"gold_per_floor":[112,122,16,16,16,49,49,68,92,123,123,123,139,153,153,255,255,265,190,190,24,44,44,44,44,44,44,44,44,44],"floor_reached":30,"playtime":1257,"items_purged":[],"score":281,"play_id":"1ac19f63-d71a-4d56-8e49-f40c9bdbed5f","local_time":"20190222202701","is_ascension_mode":true,"campfire_choices":[{"data":"Envenom","floor":7,"key":"SMITH"},{"data":"Dash","floor":11,"key":"SMITH"},{"floor":15,"key":"REST"},{"data":"Transmutation","floor":23,"key":"SMITH"},{"data":"Bouncing Flask","floor":25,"key":"SMITH"},{"data":"Bane","floor":27,"key":"SMITH"},{"data":"Deadly Poison","floor":29,"key":"SMITH"}],"neow_cost":"NONE","seed_source_timestamp":415790226834850,"circlet_count":0,"master_deck":["Defend_G","Defend_G","Defend_G","Defend_G","Defend_G","Strike_G","Strike_G","Strike_G","Strike_G","Survivor","Neutralize","Dodge and Roll","Dash+1","Deadly Poison+1","Footwork","Envenom+1","Finisher","Calculated Gamble","Bane+1","Quick Slash","Tools of the Trade","Backflip","Bouncing Flask+1","Transmutation+1","Footwork","Writhe"],"relics":["Velvet Choker","Bottled Flame","Mummified Hand","PreservedInsect","Boot","White Beast Statue","MutagenicStrength","Matryoshka","Juzu Bracelet"],"potions_floor_usage":[10,13,16,16,22],"damage_taken":[{"damage":1,"enemies":"Cultist","floor":1,"turns":5},{"damage":0,"enemies":"Jaw Worm","floor":2,"turns":6},{"damage":22,"enemies":"3 Sentries","floor":6,"turns":11},{"damage":0,"enemies":"Small Slimes","floor":8,"turns":4},{"damage":6,"enemies":"Gremlin Nob","floor":10,"turns":4},{"damage":0,"enemies":"3 Louse","floor":13,"turns":2},{"damage":11,"enemies":"2 Fungi Beasts","floor":14,"turns":3},{"damage":42,"enemies":"Slime Boss","floor":16,"turns":12},{"damage":16,"enemies":"Shell Parasite","floor":18,"turns":7},{"damage":2,"enemies":"Chosen","floor":22,"turns":7},{"damage":52,"enemies":"Gremlin Leader","floor":30,"turns":6}],"seed_played":"-8361290745981520858","potions_obtained":[{"floor":6,"key":"Weak Potion"},{"floor":8,"key":"Explosive Potion"},{"floor":10,"key":"Weak Potion"},{"floor":14,"key":"Poison Potion"},{"floor":16,"key":"Block Potion"},{"floor":18,"key":"Weak Potion"},{"floor":22,"key":"Block Potion"}],"is_trial":false,"path_per_floor":["M","M","$","T","$","E","R","M","T","E","R","$","M","M","R","B",null,"M","?","?","$","M","R","?","R","T","R","?","R","E"],"character_chosen":"THE_SILENT","items_purchased":["Deadly Poison","Footwork","Transmutation"],"campfire_rested":1,"item_purchase_floors":[3,3,21],"current_hp_per_floor":[69,69,69,69,69,47,47,47,47,41,41,41,41,30,51,9,70,54,54,54,54,52,52,52,52,52,52,52,52,0],"gold":44,"neow_bonus":"BOSS_RELIC","is_prod":false,"is_daily":false,"chose_seed":false,"campfire_upgraded":6,"win_rate":0,"timestamp":1550888821,"path_taken":["M","M","?","?","$","E","R","M","T","E","R","$","M","M","R","BOSS","M","?","?","$","M","R","?","R","T","R","?","R","E"],"build_version":"2019-01-23","purchased_purges":0,"victory":false,"max_hp_per_floor":[70,70,70,70,70,70,70,70,70,70,70,70,70,70,70,70,70,70,70,70,70,70,70,70,70,70,70,70,70,70],"card_choices":[{"not_picked":["Backflip","Blade Dance"],"picked":"Dodge and Roll","floor":1},{"not_picked":["Acrobatics","Terror"],"picked":"Dash","floor":2},{"not_picked":["Dagger Throw","Well Laid Plans"],"picked":"Envenom","floor":6},{"not_picked":["Concentrate","PiercingWail"],"picked":"Finisher","floor":8},{"not_picked":["Cloak And Dagger","Underhanded Strike"],"picked":"Calculated Gamble","floor":10},{"not_picked":["Eviscerate","Outmaneuver"],"picked":"Bane","floor":13},{"not_picked":["Slice","PiercingWail"],"picked":"Quick Slash","floor":14},{"not_picked":["Malaise","Bullet Time"],"picked":"Tools of the Trade","floor":16},{"not_picked":["Flechettes+1","Deflect"],"picked":"Backflip","floor":18},{"not_picked":["Infinite Blades","Predator"],"picked":"Footwork","floor":22}],"player_experience":545095,"relics_obtained":[{"floor":4,"key":"Bottled Flame"},{"floor":6,"key":"Mummified Hand"},{"floor":9,"key":"PreservedInsect"},{"floor":10,"key":"Boot"},{"floor":26,"key":"Matryoshka"}],"event_choices":[{"cards_removed":["Strike_G"],"damage_healed":0,"gold_gain":0,"player_choice":"Gave Gold","damage_taken":0,"max_hp_gain":0,"max_hp_loss":0,"event_name":"Beggar","floor":19,"gold_loss":75},{"damage_healed":0,"gold_gain":0,"player_choice":"Read","damage_taken":0,"max_hp_gain":0,"max_hp_loss":0,"event_name":"The Library","floor":20,"gold_loss":0,"cards_obtained":["Bouncing Flask"]},{"damage_healed":0,"gold_gain":0,"player_choice":"Inject Mutagens","damage_taken":0,"relics_obtained":["MutagenicStrength"],"max_hp_gain":0,"max_hp_loss":0,"event_name":"Drug Dealer","floor":24,"gold_loss":0},{"damage_healed":0,"gold_gain":0,"player_choice":"Opened","damage_taken":0,"relics_obtained":["Juzu Bracelet"],"max_hp_gain":0,"max_hp_loss":0,"event_name":"The Mausoleum","floor":28,"gold_loss":0,"cards_obtained":["Writhe"]}],"is_beta":false,"boss_relics":[{"not_picked":["Runic Pyramid","Ectoplasm"],"picked":"White Beast Statue"}],"items_purged_floors":[],"is_endless":false,"potions_floor_spawned":[6,8,10,14,16,18,22],"killed_by":"Gremlin Leader","ascension_level":4}