{"path_per_floor":["M","?","$","?","M","E","R","E","T","$","?","?","$","M","R","B",null,"M","$","?","$","T","R","?","?","T","R","E","M","R"],"character_chosen":"DEFECT","items_purchased":["Scrape","Rebound"],"gold_per_floor":[113,213,138,138,150,182,182,210,210,28,28,28,28,40,40,140,140,155,4,4,4,4,4,4,4,30,30,56,67,67,67],"floor_reached":31,"campfire_rested":5,"playtime":902,"current_hp_per_floor":[72,72,72,69,68,2,24,16,16,16,1,26,26,26,48,39,75,31,31,31,31,31,53,53,45,45,67,14,1,23,0],"items_purged":["Strike_B","Strike_B","Strike_B"],"gold":67,"score":293,"play_id":"f8b622fe-2cf7-4cc0-adeb-d4d5d97650a8","local_time":"20180517211314","is_prod":false,"is_daily":false,"chose_seed":false,"is_ascension_mode":true,"campfire_upgraded":0,"timestamp":1526584394,"campfire_choices":[{"floor":7,"key":"REST"},{"floor":15,"key":"REST"},{"floor":23,"key":"REST"},{"floor":27,"key":"REST"},{"floor":30,"key":"REST"}],"path_taken":["M","?","$","?","M","E","R","E","T","$","?","?","?","M","R","BOSS","M","$","?","$","?","R","?","?","T","R","E","?","R","M"],"build_version":"2018-05-17","seed_source_timestamp":1075356826339445,"purchased_purges":3,"victory":false,"master_deck":["Defend_B","Defend_B+1","Defend_B+1","Zap","Dualcast","Gash","Cold Snap","Fusion+1","Scrape+1","Coolheaded+1","Fission+1","Barrage+1","Rebound+1","Gash+1","Loop+1"],"max_hp_per_floor":[75,75,75,75,75,75,75,75,75,75,75,75,75,75,75,75,75,75,75,75,75,75,75,75,75,75,75,75,75,75,75],"relics":["Cracked Core","Gremlin Horn","Calipers","Toxic Egg 2","Molten Egg 2","Black Star","Ice Cream","Omamori","Symbiotic Virus","Pantograph"],"card_choices":[{"not_picked":["Skim","Rebound"],"picked":"Gash","floor":1},{"not_picked":["Turbo","Hologram"],"picked":"Cold Snap","floor":5},{"not_picked":["Go for the Eyes","Ball Lightning","Reprogram"],"picked":"SKIP","floor":6},{"not_picked":["Sunder","Blizzard"],"picked":"Fusion","floor":8},{"not_picked":["Defragment","Rebound+1"],"picked":"Coolheaded+1","floor":14},{"not_picked":["Thunder Strike+1","Multi-Cast+1"],"picked":"Fission+1","floor":16},{"not_picked":["Steam+1","Genetic Algorithm+1"],"picked":"Barrage+1","floor":18},{"not_picked":["Axe Kick+1","Nova+1"],"picked":"Loop+1","floor":28},{"not_picked":["Turbo+1","Melter+1","Cold Snap+1"],"picked":"SKIP","floor":29}],"player_experience":68522,"potions_floor_usage":[6,16,18,31],"damage_taken":[{"damage":3,"enemies":"2 Louse","floor":1,"turns":3},{"damage":1,"enemies":"Cultist","floor":5,"turns":3},{"damage":66,"enemies":"Gremlin Nob","floor":6,"turns":7},{"damage":8,"enemies":"3 Sentries","floor":8,"turns":8},{"damage":0,"enemies":"Small Slimes","floor":14,"turns":3},{"damage":9,"enemies":"The Guardian","floor":16,"turns":11},{"damage":44,"enemies":"Chosen","floor":18,"turns":7},{"damage":53,"enemies":"Book of Stabbing","floor":28,"turns":7},{"damage":13,"enemies":"Shell Parasite","floor":29,"turns":4},{"damage":27,"enemies":"Cultist and Chosen","floor":31,"turns":5}],"relics_obtained":[{"floor":6,"key":"Calipers"},{"floor":8,"key":"Toxic Egg 2"},{"floor":9,"key":"Molten Egg 2"},{"floor":22,"key":"Ice Cream"},{"floor":26,"key":"Omamori"},{"floor":28,"key":"Symbiotic Virus"},{"floor":28,"key":"Pantograph"}],"event_choices":[{"event_name":"Golden Shrine","player_choice":"Pray","floor":2,"damage_taken":0},{"event_name":"Scrap Ooze","player_choice":"success","floor":4,"damage_taken":3},{"event_name":"Shining Light","player_choice":"Entered Light","floor":11,"damage_taken":0},{"event_name":"Big Fish","player_choice":"Banana","floor":12,"damage_taken":0},{"event_name":"Back to Basics","player_choice":"Elegance","floor":20,"damage_taken":0},{"event_name":"Duplicator","player_choice":"One dupe","floor":24,"damage_taken":0},{"event_name":"Knowing Skull","player_choice":"","floor":25,"damage_taken":0}],"boss_relics":[{"not_picked":["Orrery","Philosopher\u0027s Stone"],"picked":"Black Star"}],"potions_floor_spawned":[1,14,16,29],"seed_played":"-1218731581229594780","killed_by":"Cultist and Chosen","ascension_level":3,"potions_obtained":[{"floor":1,"key":"SkillPotion"},{"floor":14,"key":"GamblersBrew"},{"floor":16,"key":"Poison Potion"},{"floor":29,"key":"SkillPotion"}],"is_trial":false}