{"path_per_floor":["M","$","?","?","M","R","E","M","T","T","M","?","M","M","R","B",null,"M","M","$","?","M","R","M","M","T","R","$","?","?"],"character_chosen":"THE_SILENT","items_purchased":["Singing Bowl"],"gold_per_floor":[112,37,37,37,52,52,87,103,128,128,142,142,153,166,166,166,166,182,199,99,99,119,119,133,147,147,147,4,4,4,4],"floor_reached":31,"campfire_rested":2,"playtime":983,"current_hp_per_floor":[70,70,70,75,75,75,75,72,72,72,70,70,70,72,72,55,75,53,36,36,36,12,34,28,7,7,29,29,29,29,0],"items_purged":["Defend_G","Strike_G"],"gold":4,"score":262,"play_id":"2e6ce03e-1df1-4e09-aebc-30389f6a406f","local_time":"20180423222132","is_prod":false,"is_daily":false,"chose_seed":false,"is_ascension_mode":false,"campfire_upgraded":2,"timestamp":1524547292,"path_taken":["M","$","?","?","M","R","E","M","T","?","M","?","M","M","R","BOSS","M","M","$","?","M","R","M","M","T","R","$","?","?","M"],"build_version":"2018-04-19","seed_source_timestamp":1108887501329973,"purchased_purges":2,"victory":false,"master_deck":["Defend_G+1","Defend_G+1","Defend_G+1","Defend_G+1","Strike_G+1","Strike_G+1","Strike_G+1","Survivor","Neutralize","Backstab","Dagger Spray+1","Backstab","Dagger Spray","Deadly Poison","Blade Dance+1"],"max_hp_per_floor":[70,70,70,75,75,75,75,75,75,75,75,75,75,75,75,75,75,75,75,75,75,75,75,75,75,75,75,75,75,75,75],"relics":["Ring of the Snake","NeowsBlessing","Orichalcum","Blood Vial","Darkstone Periapt","Black Star","Omamori","Singing Bowl"],"card_choices":[{"not_picked":["Dagger Throw","PiercingWail"],"picked":"Backstab","floor":5},{"not_picked":["Outmaneuver","Caltrops"],"picked":"Dagger Spray","floor":13},{"not_picked":["Well Laid Plans","Sucker Punch"],"picked":"Backstab","floor":14},{"not_picked":["Dagger Throw","Predator"],"picked":"Dagger Spray","floor":19},{"not_picked":["Caltrops","Acrobatics"],"picked":"Deadly Poison","floor":24},{"not_picked":["Underhanded Strike","Acrobatics"],"picked":"Blade Dance","floor":25}],"player_experience":54278,"potions_floor_usage":[16,22,22,24],"damage_taken":[{"damage":0,"enemies":"2 Louse","floor":1,"turns":1},{"damage":0,"enemies":"Cultist","floor":5,"turns":1},{"damage":0,"enemies":"Lagavulin","floor":7,"turns":1},{"damage":3,"enemies":"Jaw Worm","floor":8,"turns":3},{"damage":4,"enemies":"2 Fungi Beasts","floor":11,"turns":5},{"damage":2,"enemies":"Looter","floor":13,"turns":3},{"damage":0,"enemies":"3 Louse","floor":14,"turns":2},{"damage":19,"enemies":"Slime Boss","floor":16,"turns":11},{"damage":22,"enemies":"Chosen","floor":18,"turns":7},{"damage":19,"enemies":"Shell Parasite","floor":19,"turns":8},{"damage":26,"enemies":"Cultist and Chosen","floor":22,"turns":8},{"damage":8,"enemies":"Snecko","floor":24,"turns":5},{"damage":23,"enemies":"3 Cultists","floor":25,"turns":5},{"damage":35,"enemies":"Snake Plant","floor":31,"turns":4}],"event_choices":[{"event_name":"Transmorgrifier","player_choice":"Transform","floor":3,"damage_taken":0},{"event_name":"Big Fish","player_choice":"Donut","floor":4,"damage_taken":0},{"event_name":"Living Wall","player_choice":"Forget","floor":12,"damage_taken":0},{"event_name":"Drug Dealer","player_choice":"Ignored","floor":21,"damage_taken":0},{"event_name":"Forgotten Altar","player_choice":"Smashed Altar","floor":29,"damage_taken":0},{"event_name":"Back to Basics","player_choice":"Simplicity","floor":30,"damage_taken":0}],"boss_relics":[{"not_picked":["Calling Bell","Runic Dome"],"picked":"Black Star"}],"potions_floor_spawned":[5,13,14,22],"seed_played":"2359256542210719765","killed_by":"Snake Plant","ascension_level":0,"is_trial":false}