{"path_per_floor":["M","?","?","?","M","R","E","$","T","E","?","$","R","M","R","B",null,"M","?","M"],"character_chosen":"THE_SILENT","items_purchased":["Acrobatics","Poisoned Stab"],"gold_per_floor":[114,114,114,114,127,127,159,34,34,66,66,14,14,33,33,159,159,172,172,192],"floor_reached":21,"campfire_rested":1,"playtime":1597,"current_hp_per_floor":[67,67,60,60,58,58,34,34,34,17,17,17,17,17,36,8,65,27,27,23],"items_purged":["Regret"],"gold":192,"play_id":"9a184361-ca65-4eaa-be0b-18e880d8dff0","is_prod":false,"is_daily":false,"is_ascension_mode":false,"campfire_upgraded":1,"path_taken":["M","?","?","?","M","R","E","$","T","E","?","$","R","M","R","BOSS","M","?","M","M"],"build_version":"2018-02-01-PROD3","purchased_purges":1,"victory":false,"master_deck":["Defend_G","Defend_G","Defend_G","Defend_G","Defend_G","Strike_G","Strike_G","Strike_G","Survivor","Neutralize","Catalyst+1","Poisoned Stab+1","Neutralize","Quick Slash","Catalyst","Acrobatics","Well Laid Plans","Poisoned Stab","Bouncing Flask","Corpse Explosion","Calculated Gamble","Writhe","Dagger Throw"],"max_hp_per_floor":[70,70,70,70,70,70,70,70,70,70,65,65,65,65,65,65,65,65,65,65],"relics":["Ring of the Snake","Gremlin Horn","Calipers","Peace Pipe","Golden Idol","Runic Pyramid","Bronze Scales"],"card_choices":[{"not_picked":["Dodge and Roll","Well Laid Plans"],"picked":"Catalyst"},{"not_picked":["Riddle With Holes","Backstab"],"picked":"Quick Slash"},{"not_picked":["Escape Plan","Skewer"],"picked":"Catalyst"},{"not_picked":["Flechettes","Acrobatics"],"picked":"Well Laid Plans"},{"not_picked":["Calculated Gamble","Sucker Punch"],"picked":"Bouncing Flask"},{"not_picked":["Adrenaline","Doppelganger"],"picked":"Corpse Explosion"},{"not_picked":["Sucker Punch","Acrobatics"],"picked":"Calculated Gamble"},{"not_picked":["PiercingWail","Acrobatics"],"picked":"Dagger Throw"}],"player_experience":14114,"potions_floor_usage":[18,20,21,21,21],"damage_taken":[{"damage":3,"enemies":"Jaw Worm","floor":1,"turns":5},{"damage":2,"enemies":"Cultist","floor":5,"turns":3},{"damage":24,"enemies":"3 Sentries","floor":7,"turns":12},{"damage":17,"enemies":"Gremlin Nob","floor":10,"turns":4},{"damage":0,"enemies":"Blue Slaver","floor":14,"turns":3},{"damage":28,"enemies":"The Guardian","floor":16,"turns":5},{"damage":38,"enemies":"3 Byrds","floor":18,"turns":4},{"damage":13,"enemies":"Shell Parasite","floor":20,"turns":4},{"damage":23,"enemies":"Sentry and Sphere","floor":21,"turns":6}],"event_choices":[{"event_name":"Accursed Blacksmith","player_choice":"Forge","floor":2,"damage_taken":0},{"event_name":"Golden Wing","player_choice":"Card Removal","floor":3,"damage_taken":0},{"event_name":"Match and Keep!","player_choice":"3 cards matched","floor":4,"damage_taken":0},{"event_name":"Golden Idol","player_choice":"Lose Max HP","floor":11,"damage_taken":0},{"event_name":"The Mausoleum","player_choice":"Yes","floor":19,"damage_taken":0}],"boss_relics":[{"not_picked":["Lizard Tail","Velvet Choker"],"picked":"Runic Pyramid"}],"potions_floor_spawned":[7,10,14,16,18,20],"seed_played":"4479110354448256137","killed_by":"Sentry and Sphere","ascension_level":0,"is_trial":false}