{"gold_per_floor":[116,191,191,204,218,218,250,250,276,276,288,319,319,334,334,433,433,445,445,457,477,180,180,198,123,123,150,150,150,150,182,182,281,281,292,292,115,170,190,190,209,243,290,165,75,85,96,126,126,126],"floor_reached":51,"playtime":7063,"items_purged":["Defend_B","Defend_B","Strike_B"],"score":895,"play_id":"1f962050-f0d6-4cda-a121-80b018c3412a","local_time":"20190325221807","is_ascension_mode":true,"campfire_choices":[{"data":"Zap","floor":6.0,"key":"SMITH"},{"data":"Dualcast","floor":10.0,"key":"SMITH"},{"floor":13.0,"key":"REST"},{"data":"Auto Shields","floor":15.0,"key":"SMITH"},{"data":"Defragment","floor":23.0,"key":"SMITH"},{"data":"Blizzard","floor":28.0,"key":"SMITH"},{"data":"White Noise","floor":30.0,"key":"SMITH"},{"data":"Glacier","floor":32.0,"key":"SMITH"},{"data":"Seek","floor":40.0,"key":"SMITH"},{"data":"Apotheosis","floor":49,"key":"SMITH"}],"neow_cost":"NONE","seed_source_timestamp":0,"circlet_count":0,"master_deck":["Zap+1","Dualcast+1","Cold Snap+1","Ball Lightning","Defragment+1","Defragment+1","Auto Shields+1","Biased Cognition","Core Surge","Glacier+1","Force Field+1","FTL","Blizzard+1","Master of Strategy","White Noise+1","Force Field","Seek+1","Multi-Cast+1","Blizzard+1","Amplify+1","Chill+1","Apotheosis+1","Mayhem","Thinking Ahead","Buffer","Heatsinks","Go for the Eyes+1","Redo+1","FTL+1","Fission"],"special_seed":0,"relics":["Lizard Tail","Centennial Puzzle","Shuriken","Bag of Marbles","Bird Faced Urn","Nuclear Battery","Thread and Needle","StoneCalendar","Darkstone Periapt","Oddly Smooth Stone","Astrolabe","Mango","Prayer Wheel","Regal Pillow","Blood Vial"],"potions_floor_usage":[42,50,50,50],"damage_taken":[{"damage":14.0,"enemies":"2 Louse","floor":1.0,"turns":3.0},{"damage":7.0,"enemies":"Jaw Worm","floor":4.0,"turns":4.0},{"damage":0.0,"enemies":"Small Slimes","floor":5.0,"turns":4.0},{"damage":17.0,"enemies":"Lagavulin","floor":7.0,"turns":6.0},{"damage":11.0,"enemies":"3 Louse","floor":11.0,"turns":3.0},{"damage":3.0,"enemies":"Gremlin Nob","floor":12.0,"turns":3.0},{"damage":18.0,"enemies":"Large Slime","floor":14.0,"turns":3.0},{"damage":57.0,"enemies":"Slime Boss","floor":16.0,"turns":11.0},{"damage":20.0,"enemies":"2 Thieves","floor":18.0,"turns":4.0},{"damage":2.0,"enemies":"Spheric Guardian","floor":20.0,"turns":4.0},{"damage":11.0,"enemies":"Centurion and Healer","floor":21.0,"turns":14.0},{"damage":0.0,"enemies":"Snake Plant","floor":24.0,"turns":6.0},{"damage":0.0,"enemies":"Book of Stabbing","floor":27.0,"turns":6.0},{"damage":25.0,"enemies":"Slavers","floor":31.0,"turns":6.0},{"damage":5.0,"enemies":"Collector","floor":33.0,"turns":8.0},{"damage":0.0,"enemies":"3 Darklings","floor":35.0,"turns":4.0},{"damage":0.0,"enemies":"2 Orb Walkers","floor":38.0,"turns":6.0},{"damage":1.0,"enemies":"Orb Walker","floor":39.0,"turns":4.0},{"damage":5,"enemies":"Writhing Mass","floor":41,"turns":5},{"damage":0,"enemies":"Reptomancer","floor":42,"turns":7},{"damage":0,"enemies":"4 Shapes","floor":46,"turns":4},{"damage":0,"enemies":"3 Darklings","floor":47,"turns":4},{"damage":0,"enemies":"Giant Head","floor":48,"turns":7},{"damage":8,"enemies":"Donu and Deca","floor":50,"turns":9}],"seed_played":"-5029308313956870379","potions_obtained":[{"floor":5.0,"key":"SkillPotion"},{"floor":12.0,"key":"SkillPotion"},{"floor":14.0,"key":"SpeedPotion"},{"floor":16.0,"key":"Block Potion"},{"floor":24.0,"key":"GamblersBrew"},{"floor":27.0,"key":"Ancient Potion"},{"floor":31.0,"key":"EssenceOfSteel"},{"floor":35.0,"key":"Explosive Potion"},{"floor":47,"key":"Ancient Potion"},{"floor":48,"key":"Explosive Potion"}],"is_trial":false,"path_per_floor":["M","?","?","M","M","R","E","?","T","R","M","E","R","M","R","B",null,"M","?","M","M","$","R","M","?","T","E","R","?","R","E","R","B",null,"M","?","$","?","M","R","M","E","T","$","?","M","M","E","R","B",null],"character_chosen":"DEFECT","items_purchased":["Blizzard","Master of Strategy","Buffer"],"campfire_rested":1,"item_purchase_floors":[22,22,37],"current_hp_per_floor":[61,50,47,40,40,40,23,23,23,23,12,9,31,17,17,6,75,57,57,61,56,56,56,62,62,62,70,70,70,70,53,53,56,75,75,65,65,89,89,89,89,89,89,89,89,89,89,89,89,89],"gold":126,"neow_bonus":"BOSS_RELIC","is_prod":false,"is_daily":false,"chose_seed":false,"campfire_upgraded":9,"win_rate":0,"timestamp":1553570287,"path_taken":["M","?","?","M","M","R","E","?","T","R","?","E","R","M","R","BOSS","M","?","M","M","$","R","M","?","T","E","R","?","R","E","R","BOSS","M","?","$","?","M","R","M","E","T","$","?","M","?","E","R","BOSS"],"build_version":"2019-01-23","purchased_purges":3,"victory":true,"max_hp_per_floor":[75,75,75,75,75,75,75,75,75,75,75,75,75,75,75,75,75,75,75,75,75,75,75,75,75,75,75,75,75,75,75,75,75,75,75,75,75,89,89,89,89,89,89,89,89,89,89,89,89,89],"card_choices":[{"not_picked":["Rebound","Doom and Gloom"],"picked":"Cold Snap","floor":1.0},{"not_picked":["Compile Driver","Hologram","Skim"],"picked":"SKIP","floor":4.0},{"not_picked":["Beam Cell","Redo"],"picked":"Ball Lightning","floor":5.0},{"not_picked":["Conserve Battery","Sweeping Beam"],"picked":"Defragment","floor":7.0},{"not_picked":["Gash","Coolheaded"],"picked":"Defragment","floor":11.0},{"not_picked":["Sweeping Beam","Turbo"],"picked":"Auto Shields","floor":12.0},{"not_picked":["Turbo","Streamline"],"picked":"Biased Cognition","floor":14.0},{"not_picked":["Multi-Cast","Rainbow"],"picked":"Core Surge","floor":16.0},{"not_picked":["Scrape","Redo"],"picked":"Glacier","floor":18.0},{"not_picked":["Recycle","Go for the Eyes"],"picked":"Force Field+1","floor":20.0},{"not_picked":["Reprogram","Streamline"],"picked":"FTL","floor":21.0},{"not_picked":["Compile Driver+1","Defragment"],"picked":"White Noise","floor":24.0},{"not_picked":["Hyperbeam","Scrape+1","Stack"],"picked":"SKIP","floor":27.0},{"not_picked":["Redo","Lockon"],"picked":"Force Field","floor":31.0},{"not_picked":["Reboot","Machine Learning"],"picked":"Seek","floor":33.0},{"not_picked":["Reprogram+1","Hologram+1"],"picked":"Chill+1","floor":35.0},{"not_picked":["Secret Technique","Purity"],"picked":"Apotheosis","floor":36.0},{"not_picked":["Enlightenment","Panache"],"picked":"Mayhem","floor":36.0},{"not_picked":["Bandage Up","Purity"],"picked":"Thinking Ahead","floor":36.0},{"not_picked":["Barrage","Go for the Eyes"],"picked":"Heatsinks","floor":38.0},{"not_picked":["Reprogram","Turbo","Gash"],"picked":"SKIP","floor":39.0},{"not_picked":["Hello World+1","Coolheaded+1","Sweeping Beam+1"],"picked":"SKIP","floor":41},{"not_picked":["Hello World+1","Coolheaded+1","Sweeping Beam+1"],"picked":"SKIP","floor":41},{"not_picked":["Steam Power","Coolheaded+1","Rip and Tear+1"],"picked":"SKIP","floor":42},{"not_picked":["Skim","Rebound"],"picked":"Go for the Eyes+1","floor":46},{"not_picked":["Thunder Strike","Streamline","Barrage+1"],"picked":"SKIP","floor":46},{"not_picked":["Barrage+1","Auto Shields+1"],"picked":"Redo+1","floor":47},{"not_picked":["Force Field","Cold Snap+1"],"picked":"FTL+1","floor":47},{"not_picked":["Auto Shields+1","Rip and Tear+1"],"picked":"Fission","floor":48}],"player_experience":80286,"relics_obtained":[{"floor":7.0,"key":"Shuriken"},{"floor":9.0,"key":"Bag of Marbles"},{"floor":12.0,"key":"Bird Faced Urn"},{"floor":26.0,"key":"StoneCalendar"},{"floor":27.0,"key":"Darkstone Periapt"},{"floor":31.0,"key":"Oddly Smooth Stone"},{"floor":38.0,"key":"Mango"},{"floor":42,"key":"Prayer Wheel"},{"floor":43,"key":"Regal Pillow"},{"floor":48,"key":"Blood Vial"}],"event_choices":[{"damage_healed":0.0,"max_hp_gain":0.0,"max_hp_loss":0.0,"gold_gain":75.0,"event_name":"World of Goop","player_choice":"Gather Gold","floor":2.0,"gold_loss":0.0,"damage_taken":11.0},{"damage_healed":0.0,"max_hp_gain":0.0,"max_hp_loss":0.0,"gold_gain":0.0,"event_name":"Scrap Ooze","player_choice":"Success","floor":3.0,"gold_loss":0.0,"damage_taken":3.0,"relics_obtained":["Centennial Puzzle"]},{"damage_healed":0.0,"max_hp_gain":0.0,"max_hp_loss":0.0,"gold_gain":0.0,"event_name":"Living Wall","player_choice":"Grow","floor":8.0,"gold_loss":0.0,"damage_taken":0.0,"cards_upgraded":["Defragment"]},{"damage_healed":0.0,"max_hp_gain":0.0,"max_hp_loss":0.0,"gold_gain":0.0,"event_name":"The Mausoleum","player_choice":"Opened","floor":19.0,"gold_loss":0.0,"damage_taken":0.0,"relics_obtained":["Thread and Needle"]},{"cards_removed":["Strike_B"],"damage_healed":0.0,"max_hp_gain":0.0,"max_hp_loss":0.0,"gold_gain":0.0,"event_name":"Beggar","player_choice":"Gave Gold","floor":25.0,"gold_loss":75.0,"damage_taken":0.0},{"damage_healed":0.0,"max_hp_gain":0.0,"max_hp_loss":0.0,"gold_gain":0.0,"event_name":"Ghosts","player_choice":"Ignored","floor":29.0,"gold_loss":0.0,"damage_taken":0.0},{"damage_healed":0.0,"max_hp_gain":0.0,"max_hp_loss":0.0,"gold_gain":0.0,"event_name":"SensoryStone","player_choice":"Memory 3","floor":36.0,"gold_loss":0.0,"damage_taken":10.0},{"damage_healed":0.0,"max_hp_gain":0.0,"max_hp_loss":0.0,"gold_gain":0.0,"event_name":"Mysterious Sphere","player_choice":"Fight","floor":38.0,"gold_loss":0.0,"damage_taken":0.0},{"cards_removed":["Defend_B"],"damage_healed":0,"gold_gain":0,"player_choice":"Upgrade and Remove","damage_taken":0,"max_hp_gain":0,"max_hp_loss":0,"event_name":"Designer","floor":45,"gold_loss":90,"cards_upgraded":["Cold Snap"]}],"is_beta":false,"boss_relics":[{"not_picked":["Pandora\u0027s Box","Black Star"],"picked":"Nuclear Battery"},{"not_picked":["Eternal Feather","Orrery"],"picked":"Astrolabe"}],"items_purged_floors":[22,37,44],"is_endless":false,"potions_floor_spawned":[5,12,14,16,24,27,31,35,47,48],"ascension_level":3}