{"path_per_floor":["M","$","M","?","$","E","R","E","T","E","$","E","M","M","R","B",null,"M","?","M","?","$","R","M","R","T","M","$","E","$","T","R","B",null,"M","M","?","$","M","E","T","E","T","$","M","M","R","M","R"],"character_chosen":"IRONCLAD","items_purchased":["Feel No Pain","Bag of Marbles","Warcry","Vajra","Havoc","Limit Break","Regen Potion","Dark Shackles"],"gold_per_floor":[109,37,50,225,24,55,55,90,115,143,68,130,143,159,159,255,255,268,268,287,287,87,87,102,102,126,138,10,36,36,36,36,135,135,145,159,159,62,82,115,183,218,218,118,134,151,151,165,165,165],"floor_reached":50,"campfire_rested":3,"playtime":2189,"current_hp_per_floor":[84,84,83,83,83,89,89,56,56,50,50,39,45,46,75,81,98,83,63,49,49,49,79,80,80,80,80,80,71,71,71,71,17,103,104,96,91,91,83,76,76,65,65,65,53,45,77,83,83,0],"items_purged":["Strike_R","Strike_R"],"gold":165,"score":678,"play_id":"dbb0bd5b-46cc-4e16-86cf-c8d7ff8d0f2a","local_time":"20180410015123","is_prod":false,"is_daily":false,"is_ascension_mode":true,"campfire_upgraded":4,"timestamp":1523317883,"path_taken":["M","?","M","?","$","E","R","E","T","E","?","E","?","M","R","BOSS","M","?","M","?","$","R","?","R","T","M","$","E","?","?","R","BOSS","M","M","?","$","M","E","?","E","T","$","?","M","R","M","R","BOSS"],"build_version":"2018-04-05v2","purchased_purges":5,"victory":false,"master_deck":["Strike_R","Strike_R","Strike_R","Defend_R","Defend_R","Defend_R+1","Defend_R","Bash+1","Inflame","Feel No Pain","Doubt","Warcry+1","Feel No Pain+1","Immolate","Wild Strike","Uppercut","Offering","Power Through","Thunderclap","Immolate","Havoc+1","Shrug It Off+1","Headbutt","Limit Break","Ghostly Armor","Offering","Regret","Pain","Clumsy","Warcry","Madness+1","Flash of Steel","Dark Shackles","Wild Strike+1","Carnage+1","Flex","Warcry"],"max_hp_per_floor":[88,88,88,88,88,98,98,98,98,98,98,98,98,98,98,98,98,98,103,103,103,103,103,103,103,103,103,103,103,103,103,103,103,103,105,105,105,105,105,107,107,107,107,107,107,109,109,109,109,109],"relics":["Black Blood","Bag of Marbles","Pear","Du-Vu Doll","Happy Flower","War Paint","Tiny Chest","Vajra","Art of War","Sundial","Calipers","Calling Bell","Ancient Tea Set","Singing Bowl","Paper Frog","Bronze Scales","Pantograph","Charon\u0027s Ashes","Champion Belt"],"card_choices":[{"not_picked":["Sentinel","Cleave"],"picked":"Inflame","floor":1},{"not_picked":["Anger","Armaments"],"picked":"Feel No Pain","floor":6},{"not_picked":["Headbutt","Sentinel"],"picked":"Immolate","floor":8},{"not_picked":["Dual Wield","Flame Barrier"],"picked":"Wild Strike","floor":12},{"not_picked":["Heavy Blade","Clothesline"],"picked":"Uppercut","floor":13},{"not_picked":["Fiend Fire","Juggernaut"],"picked":"Offering","floor":16},{"not_picked":["Perfected Strike","Sword Boomerang"],"picked":"Power Through","floor":18},{"not_picked":["Spot Weakness","Whirlwind"],"picked":"Thunderclap","floor":20},{"not_picked":["Anger","Body Slam"],"picked":"Shrug It Off","floor":24},{"not_picked":["Inflame","Flame Barrier"],"picked":"Headbutt","floor":27},{"not_picked":["Bloodletting","Fire Breathing"],"picked":"Ghostly Armor","floor":29},{"not_picked":["Exhume","Double Tap"],"picked":"Offering","floor":33},{"not_picked":["Clash","Hemokinesis"],"picked":"Warcry","floor":36},{"not_picked":["Secret Technique","Sadistic Nature"],"picked":"Madness","floor":37},{"not_picked":["Finesse","Panache"],"picked":"Flash of Steel","floor":37},{"not_picked":["Heavy Blade","Anger"],"picked":"Wild Strike","floor":39},{"not_picked":["Bludgeon","Searing Blow"],"picked":"Carnage","floor":42},{"not_picked":["Pommel Strike","Thunderclap"],"picked":"Flex","floor":45},{"not_picked":["Rampage","Reckless Charge"],"picked":"Warcry","floor":48}],"player_experience":86471,"potions_floor_usage":[6,12,16,18,24,27,29,33,40,42,46,50,50],"damage_taken":[{"damage":10,"enemies":"Cultist","floor":1,"turns":4},{"damage":7,"enemies":"Small Slimes","floor":3,"turns":3},{"damage":10,"enemies":"3 Sentries","floor":6,"turns":9},{"damage":39,"enemies":"Gremlin Nob","floor":8,"turns":5},{"damage":12,"enemies":"3 Sentries","floor":10,"turns":6},{"damage":17,"enemies":"Gremlin Nob","floor":12,"turns":5},{"damage":0,"enemies":"Jaw Worm","floor":13,"turns":1},{"damage":5,"enemies":"2 Fungi Beasts","floor":14,"turns":4},{"damage":0,"enemies":"Slime Boss","floor":16,"turns":9},{"damage":25,"enemies":"3 Byrds","floor":18,"turns":8},{"damage":24,"enemies":"Spheric Guardian","floor":20,"turns":7},{"damage":9,"enemies":"Centurion and Healer","floor":24,"turns":3},{"damage":25,"enemies":"Sentry and Sphere","floor":27,"turns":6},{"damage":31,"enemies":"Book of Stabbing","floor":29,"turns":5},{"damage":79,"enemies":"Automaton","floor":33,"turns":14},{"damage":11,"enemies":"Orb Walker","floor":35,"turns":2},{"damage":18,"enemies":"3 Shapes","floor":36,"turns":2},{"damage":18,"enemies":"3 Darklings","floor":39,"turns":3},{"damage":19,"enemies":"Giant Head","floor":40,"turns":8},{"damage":21,"enemies":"Nemesis","floor":42,"turns":7},{"damage":22,"enemies":"Sphere and 2 Shapes","floor":45,"turns":3},{"damage":35,"enemies":"Maw","floor":46,"turns":7},{"damage":4,"enemies":"4 Shapes","floor":48,"turns":3},{"damage":108,"enemies":"Donu and Deca","floor":50,"turns":7}],"event_choices":[{"event_name":"Liars Game","player_choice":"agreed","floor":4,"damage_taken":0},{"event_name":"Forgotten Altar","player_choice":"Shed Blood","floor":19,"damage_taken":0},{"event_name":"Duplicator","player_choice":"One dupe","floor":21,"damage_taken":0},{"event_name":"SensoryStone","player_choice":"Memory 2","floor":37,"damage_taken":0}],"boss_relics":[{"not_picked":["Orrery","Eternal Feather"],"picked":"Black Blood"},{"not_picked":["Snecko Eye","Lizard Tail"],"picked":"Calling Bell"}],"potions_floor_spawned":[1,8,13,14,16,24,29,36,40,45,46,48],"seed_played":"-5483591148729185603","killed_by":"Donu and Deca","ascension_level":1,"is_trial":false}