{"gold_per_floor":[109,109,89,109,37,71,71,82,109,120,136,136,154,80,80,180,180,211,91,6,6],"floor_reached":21,"playtime":2605,"items_purged":[],"score":179,"play_id":"eab93738-1233-49c2-895e-ea6b06566913","local_time":"20190331195209","is_ascension_mode":false,"campfire_choices":[{"floor":7,"key":"REST"},{"floor":12,"key":"REST"},{"data":"Body Slam","floor":15,"key":"SMITH"}],"neow_cost":"","seed_source_timestamp":28276758278158,"circlet_count":0,"master_deck":["Strike_R","Strike_R","Strike_R","Strike_R","Strike_R","Defend_R","Defend_R","Defend_R","Defend_R","Bash","Body Slam+1","Headbutt","Rage","Thunderclap","Clothesline","Cleave","Dropkick","Rampage","Dropkick","Double Tap","Clumsy","Writhe","Shame","Cleave","Thunderclap","Flame Barrier","Shrug It Off"],"relics":["Burning Blood","Regal Pillow","Anchor","PreservedInsect","Calling Bell","MawBank","Ornamental Fan","Thread and Needle","Toxic Egg 2"],"potions_floor_usage":[3],"damage_taken":[{"damage":1,"enemies":"Jaw Worm","floor":1,"turns":6},{"damage":2,"enemies":"Small Slimes","floor":4,"turns":4},{"damage":68,"enemies":"Lagavulin","floor":6,"turns":9},{"damage":1,"enemies":"Cultist","floor":8,"turns":3},{"damage":12,"enemies":"Exordium Wildlife","floor":10,"turns":4},{"damage":4,"enemies":"2 Fungi Beasts","floor":11,"turns":3},{"damage":6,"enemies":"Looter","floor":13,"turns":4},{"damage":81,"enemies":"The Guardian","floor":16,"turns":16},{"damage":56,"enemies":"3 Byrds","floor":18,"turns":8},{"damage":36,"enemies":"Spheric Guardian","floor":21,"turns":7}],"seed_played":"-3792252058971685857","potions_obtained":[{"floor":3,"key":"Fruit Juice"},{"floor":6,"key":"Block Potion"},{"floor":10,"key":"Dexterity Potion"},{"floor":13,"key":"Fire Potion"}],"is_trial":false,"path_per_floor":["M","?","?","M","$","E","R","M","T","M","M","R","M","$","R","B",null,"M","$","?","M"],"character_chosen":"IRONCLAD","items_purchased":["Rage","Dropkick","Thunderclap","Flame Barrier","Shrug It Off"],"campfire_rested":2,"item_purchase_floors":[5,14,19,19,19],"current_hp_per_floor":[80,62,67,71,71,9,49,54,54,48,50,85,85,85,85,10,85,35,35,35,0],"gold":6,"neow_bonus":"","is_prod":false,"is_daily":false,"chose_seed":false,"campfire_upgraded":1,"win_rate":0.0,"timestamp":1554076329,"path_taken":["M","?","?","M","$","E","R","?","T","M","M","R","M","$","R","BOSS","M","$","?","M"],"build_version":"2019-01-23","purchased_purges":0,"victory":false,"max_hp_per_floor":[80,80,85,85,85,85,85,85,85,85,85,85,85,85,85,85,85,85,85,85,85],"card_choices":[{"not_picked":["Shrug It Off","Searing Blow"],"picked":"Body Slam","floor":1},{"not_picked":["Perfected Strike","Dual Wield"],"picked":"Headbutt","floor":4},{"not_picked":["Second Wind","Iron Wave"],"picked":"Thunderclap","floor":6},{"not_picked":["Double Tap","Flex"],"picked":"Clothesline","floor":8},{"not_picked":["Rampage","Headbutt"],"picked":"Cleave","floor":10},{"not_picked":["Headbutt","Twin Strike"],"picked":"Dropkick","floor":11},{"not_picked":["Body Slam","Sword Boomerang"],"picked":"Rampage","floor":13},{"not_picked":["Brutality","Berserk"],"picked":"Double Tap","floor":16},{"not_picked":["Reckless Charge","Clothesline"],"picked":"Cleave","floor":18}],"player_experience":0,"relics_obtained":[{"floor":6,"key":"Anchor"},{"floor":9,"key":"PreservedInsect"},{"floor":17,"key":"MawBank"},{"floor":17,"key":"Ornamental Fan"},{"floor":17,"key":"Thread and Needle"}],"event_choices":[{"damage_healed":0,"gold_gain":0,"player_choice":"Success","damage_taken":18,"relics_obtained":["Regal Pillow"],"max_hp_gain":0,"max_hp_loss":0,"event_name":"Scrap Ooze","floor":2,"gold_loss":0},{"damage_healed":0,"gold_gain":0,"player_choice":"Bought 1 Potion","damage_taken":0,"max_hp_gain":0,"max_hp_loss":0,"event_name":"The Woman in Blue","floor":3,"gold_loss":0},{"damage_healed":0,"gold_gain":0,"player_choice":"Obtained Relic","damage_taken":0,"relics_obtained":["Toxic Egg 2"],"max_hp_gain":0,"max_hp_loss":0,"event_name":"Addict","floor":20,"gold_loss":85}],"is_beta":false,"boss_relics":[{"not_picked":["Ectoplasm","Snecko Eye"],"picked":"Calling Bell"}],"items_purged_floors":[],"is_endless":false,"potions_floor_spawned":[6,10,13],"killed_by":"Spheric Guardian","ascension_level":0}