{"gold_per_floor":[114,69,85,105,116,116,149,99,126,126,126],"floor_reached":11,"playtime":242,"items_purged":[],"score":95,"play_id":"506274dd-c90f-42b8-9bea-256635428686","local_time":"20190205161755","is_ascension_mode":true,"campfire_choices":[{"data":"Zap","floor":6,"key":"SMITH"}],"neow_cost":"NONE","seed_source_timestamp":8630070248364,"circlet_count":0,"master_deck":["Strike_B","Strike_B","Strike_B","Defend_B","Defend_B","Defend_B","Defend_B","Zap+1","Dualcast","Scrape","Beam Cell","Hologram","Chaos","Melter","Doom and Gloom"],"relics":["Cracked Core","NeowsBlessing","Lantern","Pen Nib","Happy Flower"],"potions_floor_usage":[],"damage_taken":[{"damage":0,"enemies":"Cultist","floor":1,"turns":1},{"damage":0,"enemies":"Small Slimes","floor":3,"turns":1},{"damage":0,"enemies":"2 Louse","floor":4,"turns":1},{"damage":12,"enemies":"Looter","floor":5,"turns":3},{"damage":22,"enemies":"Lagavulin","floor":7,"turns":4},{"damage":27,"enemies":"Gremlin Gang","floor":11,"turns":2}],"seed_played":"-87825251166829391","potions_obtained":[{"floor":3,"key":"EssenceOfSteel"},{"floor":5,"key":"FocusPotion"},{"floor":7,"key":"Weak Potion"}],"is_trial":false,"path_per_floor":["M","$","M","M","M","R","E","?","T","?","M"],"character_chosen":"DEFECT","items_purchased":["Beam Cell"],"campfire_rested":0,"item_purchase_floors":[2],"current_hp_per_floor":[68,68,68,68,56,56,34,34,34,22,0],"gold":126,"neow_bonus":"THREE_ENEMY_KILL","is_prod":false,"is_daily":false,"chose_seed":false,"campfire_upgraded":1,"win_rate":0,"timestamp":1549405075,"path_taken":["M","$","M","M","?","R","E","?","T","?","M"],"build_version":"2019-01-23","purchased_purges":0,"victory":false,"max_hp_per_floor":[75,75,75,75,75,75,75,75,75,75,75],"card_choices":[{"not_picked":["Beam Cell","Chill"],"picked":"Scrape","floor":1},{"not_picked":["Leap","Skim"],"picked":"Hologram","floor":3},{"not_picked":["Ball Lightning","Conserve Battery"],"picked":"Chaos","floor":4},{"not_picked":["Sweeping Beam","Cold Snap"],"picked":"Melter","floor":5},{"not_picked":["Sunder","Steam Power"],"picked":"Doom and Gloom","floor":7}],"player_experience":458177,"relics_obtained":[{"floor":7,"key":"Lantern"},{"floor":9,"key":"Pen Nib"}],"event_choices":[{"cards_removed":["Strike_B"],"damage_healed":0,"gold_gain":0,"player_choice":"Card Removal","damage_taken":0,"max_hp_gain":0,"max_hp_loss":0,"event_name":"The Cleric","floor":8,"gold_loss":50},{"damage_healed":0,"gold_gain":0,"player_choice":"Success","damage_taken":12,"relics_obtained":["Happy Flower"],"max_hp_gain":0,"max_hp_loss":0,"event_name":"Scrap Ooze","floor":10,"gold_loss":0}],"is_beta":false,"boss_relics":[],"items_purged_floors":[],"is_endless":false,"potions_floor_spawned":[3,5,7],"killed_by":"Gremlin Gang","ascension_level":6}