{"gold_per_floor":[115,133,145,162,173,173,193,193,193,42,42,42,54,70,70,165,165,177,189,189,114,124,141,154,187,187,187,204,204,217,251,251,352,352,371,386,404,424,440,440,473,473,547,547,3,3,0,0,0,0],"floor_reached":51,"playtime":9526,"items_purged":["Strike_B","Defend_B"],"score":740,"play_id":"e5d70128-43a6-4e6c-a4c2-882658a8a5d8","local_time":"20190404212831","is_ascension_mode":false,"campfire_choices":[{"floor":6.0,"key":"REST"},{"data":"Zap","floor":8.0,"key":"SMITH"},{"data":"Redo","floor":12.0,"key":"SMITH"},{"data":"Static Discharge","floor":15.0,"key":"SMITH"},{"floor":27.0,"key":"REST"},{"data":"Echo Form","floor":32.0,"key":"SMITH"},{"data":"Buffer","floor":40,"key":"SMITH"},{"floor":42,"key":"REST"},{"floor":44,"key":"REST"},{"floor":49,"key":"REST"}],"neow_cost":"NONE","seed_source_timestamp":0,"circlet_count":0,"master_deck":["Defend_B","Defend_B","Defend_B","Zap+1","Dualcast","Rebound","Chill","Redo+1","Buffer+1","Coolheaded","Self Repair","Static Discharge+1","BootSequence","Ball Lightning","Echo Form+1","Blizzard+1","Creative AI+1","Aggregate+1","Steam","Glacier+1","Sweeping Beam+1","Go for the Eyes","Blizzard+1","FTL","Redo+1","Coolheaded+1","Steam","Buffer+1","Coolheaded","Rebound","Multi-Cast","Coolheaded+1","Stack+1"],"special_seed":0,"relics":["Cracked Core","Ice Cream","Astrolabe","Enchiridion","Strawberry","Girya","Sundial","Nuclear Battery","FossilizedHelix","Shuriken","Incense Burner","Centennial Puzzle","Red Mask"],"potions_floor_usage":[50,50],"damage_taken":[{"damage":6.0,"enemies":"Cultist","floor":1.0,"turns":3.0},{"damage":2.0,"enemies":"2 Louse","floor":2.0,"turns":2.0},{"damage":0.0,"enemies":"Small Slimes","floor":3.0,"turns":3.0},{"damage":3.0,"enemies":"Looter","floor":4.0,"turns":3.0},{"damage":29.0,"enemies":"Exordium Thugs","floor":5.0,"turns":5.0},{"damage":4.0,"enemies":"3 Louse","floor":7.0,"turns":5.0},{"damage":0.0,"enemies":"2 Fungi Beasts","floor":13.0,"turns":4.0},{"damage":0.0,"enemies":"Exordium Wildlife","floor":14.0,"turns":6.0},{"damage":24.0,"enemies":"Hexaghost","floor":16.0,"turns":9.0},{"damage":8.0,"enemies":"Shell Parasite","floor":18.0,"turns":7.0},{"damage":9.0,"enemies":"Spheric Guardian","floor":19.0,"turns":6.0},{"damage":8.0,"enemies":"Shelled Parasite and Fungi","floor":22.0,"turns":6.0},{"damage":0.0,"enemies":"Centurion and Healer","floor":23.0,"turns":8.0},{"damage":0.0,"enemies":"3 Cultists","floor":24.0,"turns":5.0},{"damage":18.0,"enemies":"Book of Stabbing","floor":25.0,"turns":7.0},{"damage":7.0,"enemies":"Snake Plant","floor":28.0,"turns":5.0},{"damage":0.0,"enemies":"Centurion and Healer","floor":30.0,"turns":9.0},{"damage":14.0,"enemies":"Slavers","floor":31.0,"turns":5.0},{"damage":41.0,"enemies":"Champ","floor":33.0,"turns":11.0},{"damage":11.0,"enemies":"3 Shapes","floor":35.0,"turns":3.0},{"damage":19,"enemies":"3 Darklings","floor":36,"turns":7},{"damage":0,"enemies":"Transient","floor":37,"turns":5},{"damage":14,"enemies":"Writhing Mass","floor":38,"turns":6},{"damage":0,"enemies":"Maw","floor":39,"turns":9},{"damage":67,"enemies":"Reptomancer","floor":41,"turns":7},{"damage":0,"enemies":"Donu and Deca","floor":50,"turns":11}],"seed_played":"-6411226409974239242","potions_obtained":[{"floor":1.0,"key":"Block Potion"},{"floor":3.0,"key":"SpeedPotion"},{"floor":7.0,"key":"Fire Potion"},{"floor":19.0,"key":"Fruit Juice"},{"floor":31.0,"key":"EssenceOfSteel"},{"floor":37,"key":"EssenceOfSteel"}],"is_trial":false,"path_per_floor":["M","M","M","M","M","R","M","R","T","$","?","R","M","M","R","B",null,"M","M","?","?","M","M","M","E","T","R","M","?","M","E","R","B",null,"M","M","M","M","M","R","E","R","T","R","$","?","?","$","R","B",null],"character_chosen":"DEFECT","items_purchased":["Static Discharge","Incense Burner","Centennial Puzzle"],"campfire_rested":5,"item_purchase_floors":[10,45,45],"current_hp_per_floor":[69,67,67,64,35,57,53,53,53,53,53,53,53,60,60,43,75,74,72,56,56,48,62,69,58,58,82,87,87,87,73,73,39,87,83,71,71,64,71,71,4,30,30,56,56,56,56,56,80,83],"gold":0,"neow_bonus":"THREE_CARDS","is_prod":false,"is_daily":false,"chose_seed":false,"campfire_upgraded":5,"win_rate":0.0,"timestamp":1554427711,"path_taken":["M","M","M","M","M","R","M","R","T","?","?","R","M","M","R","BOSS","M","M","?","?","M","M","M","E","T","R","M","?","?","E","R","BOSS","M","M","M","M","M","R","E","R","T","R","$","?","?","?","R","BOSS"],"build_version":"2019-01-23","purchased_purges":2,"victory":true,"max_hp_per_floor":[75,75,75,75,75,75,75,75,75,75,75,75,75,75,75,75,75,75,75,75,75,75,75,75,82,82,82,87,87,87,87,87,87,87,87,87,87,87,87,87,87,87,87,87,87,83,83,83,83,83],"card_choices":[{"not_picked":["Capacitor","Sweeping Beam"],"picked":"Rebound","floor":0.0},{"not_picked":["Scrape","Beam Cell"],"picked":"Chill","floor":1.0},{"not_picked":["Rebound","Steam"],"picked":"Redo","floor":2.0},{"not_picked":["Hello World","Double Energy"],"picked":"Buffer","floor":3.0},{"not_picked":["Double Energy","Fusion"],"picked":"Coolheaded","floor":4.0},{"not_picked":["Barrage","Compile Driver"],"picked":"Hologram","floor":5.0},{"not_picked":["Barrage","Skim"],"picked":"Self Repair","floor":7.0},{"not_picked":["Consume","Compile Driver"],"picked":"BootSequence","floor":13.0},{"not_picked":["All For One","Rebound"],"picked":"Ball Lightning","floor":14.0},{"not_picked":["Machine Learning","Buffer"],"picked":"Echo Form","floor":16.0},{"not_picked":["Coolheaded","Compile Driver"],"picked":"Steam","floor":18.0},{"not_picked":["Steam+1","Capacitor"],"picked":"Glacier+1","floor":19.0},{"not_picked":["Tempest+1","White Noise"],"picked":"Sweeping Beam+1","floor":22.0},{"not_picked":["Aggregate+1","Cold Snap"],"picked":"Go for the Eyes","floor":23.0},{"not_picked":["Redo","Steam"],"picked":"Blizzard","floor":24.0},{"not_picked":["Stack","Sweeping Beam"],"picked":"FTL","floor":25.0},{"not_picked":["Machine Learning","Beam Cell"],"picked":"Redo+1","floor":28.0},{"not_picked":["Sunder","Steam"],"picked":"Coolheaded+1","floor":30.0},{"not_picked":["Electrodynamics","Skim"],"picked":"Steam","floor":31.0},{"not_picked":["Rainbow","Thunder Strike"],"picked":"Buffer","floor":33.0},{"not_picked":["Barrage","Hologram"],"picked":"Coolheaded","floor":35.0},{"not_picked":["Heatsinks","Steam+1"],"picked":"Rebound","floor":36},{"not_picked":["Redo","Sweeping Beam+1"],"picked":"Multi-Cast","floor":37},{"not_picked":["Consume+1","Conserve Battery+1"],"picked":"Coolheaded+1","floor":38},{"not_picked":["Steam+1","Consume","Aggregate"],"picked":"SKIP","floor":39},{"not_picked":["Thunder Strike","Static Discharge"],"picked":"Stack+1","floor":41}],"player_experience":52908,"relics_obtained":[{"floor":9.0,"key":"Ice Cream"},{"floor":20.0,"key":"Enchiridion"},{"floor":25.0,"key":"Strawberry"},{"floor":26.0,"key":"Girya"},{"floor":31.0,"key":"Sundial"},{"floor":41,"key":"FossilizedHelix"},{"floor":43,"key":"Shuriken"}],"event_choices":[{"damage_healed":0.0,"max_hp_gain":0.0,"max_hp_loss":0.0,"gold_gain":0.0,"event_name":"Living Wall","player_choice":"Grow","floor":11.0,"gold_loss":0.0,"damage_taken":0.0,"cards_upgraded":["Buffer"]},{"damage_healed":0.0,"max_hp_gain":0.0,"max_hp_loss":0.0,"gold_gain":0.0,"event_name":"Cursed Tome","player_choice":"Obtained Book","floor":20.0,"gold_loss":0.0,"damage_taken":16.0},{"cards_removed":["Hologram"],"damage_healed":0.0,"max_hp_gain":0.0,"max_hp_loss":0.0,"gold_gain":0.0,"event_name":"Beggar","player_choice":"Gave Gold","floor":21.0,"gold_loss":75.0,"damage_taken":0.0},{"damage_healed":0.0,"max_hp_gain":0.0,"max_hp_loss":0.0,"gold_gain":0.0,"event_name":"Upgrade Shrine","player_choice":"Upgraded","floor":29.0,"gold_loss":0.0,"damage_taken":0.0,"cards_upgraded":["Blizzard"]},{"damage_healed":0,"gold_gain":0,"player_choice":"Max HP","damage_taken":0,"max_hp_gain":0,"max_hp_loss":4,"event_name":"Winding Halls","floor":46,"gold_loss":0},{"damage_healed":0,"gold_gain":0,"player_choice":"Paid","damage_taken":0,"relics_obtained":["Red Mask"],"max_hp_gain":0,"max_hp_loss":0,"event_name":"Tomb of Lord Red Mask","floor":47,"gold_loss":3}],"is_beta":false,"boss_relics":[{"not_picked":["Empty Cage","Orrery"],"picked":"Astrolabe"},{"not_picked":["Snecko Eye","Eternal Feather"],"picked":"Nuclear Battery"}],"items_purged_floors":[10,45],"is_endless":false,"potions_floor_spawned":[1,3,5,7,16,18,19,25,28,31,36,37,39],"ascension_level":0}