{"gold_per_floor":[109,121,42,57,67,67,95,32,32,62,85,111,111,139,139,243,243,258,58,58,3,33,33,47,47,47,47],"floor_reached":27,"playtime":1083,"items_purged":["Pain"],"score":308,"play_id":"a9144f84-5efa-4fd0-ba66-50a5f0a855bb","local_time":"20181103153634","is_ascension_mode":true,"campfire_choices":[{"data":"Loop","floor":6,"key":"SMITH"},{"floor":15,"key":"REST"},{"data":"Chaos","floor":23,"key":"SMITH"},{"floor":25,"key":"REST"}],"neow_cost":"NONE","seed_source_timestamp":130326625434359,"circlet_count":0,"master_deck":["Strike_B","Strike_B","Strike_B","Defend_B","Defend_B","Defend_B","Defend_B","Zap+1","Dualcast","Self Repair","Conserve Battery","Loop+1","Darkness","Leap","Ball Lightning","FTL","Hello World","Leap","Genetic Algorithm+1","Coolheaded","Biased Cognition","Clumsy","Ball Lightning+1","Chill","Chaos+1","Shame","Skim"],"relics":["Cracked Core","The Courier","Gremlin Horn","Pantograph","Smiling Mask","StoneCalendar","Happy Flower","Calling Bell","War Paint","Question Card","Ice Cream","PreservedInsect","Tiny Chest","Molten Egg 2"],"potions_floor_usage":[12,14,27,27],"damage_taken":[{"damage":6,"enemies":"Cultist","floor":1,"turns":4},{"damage":5,"enemies":"2 Louse","floor":2,"turns":3},{"damage":7,"enemies":"Small Slimes","floor":4,"turns":4},{"damage":17,"enemies":"3 Louse","floor":5,"turns":5},{"damage":28,"enemies":"3 Sentries","floor":7,"turns":6},{"damage":9,"enemies":"Lagavulin","floor":10,"turns":5},{"damage":6,"enemies":"3 Sentries","floor":12,"turns":4},{"damage":28,"enemies":"Gremlin Nob","floor":14,"turns":4},{"damage":31,"enemies":"Slime Boss","floor":16,"turns":7},{"damage":24,"enemies":"Chosen","floor":18,"turns":7},{"damage":31,"enemies":"3 Byrds","floor":24,"turns":7},{"damage":40,"enemies":"Colosseum Slavers","floor":27,"turns":3},{"damage":29,"enemies":"Colosseum Nobs","floor":27,"turns":3}],"seed_played":"-6692717304002575021","potions_obtained":[{"floor":4,"key":"PowerPotion"},{"floor":10,"key":"Fire Potion"},{"floor":12,"key":"Energy Potion"},{"floor":24,"key":"Explosive Potion"}],"is_trial":false,"path_per_floor":["M","M","$","M","M","R","E","$","T","E","T","E","?","E","R","B",null,"M","$","?","$","?","R","M","R","T","?"],"character_chosen":"DEFECT","items_purchased":["Darkness","Hello World","Chill","PreservedInsect","Chaos"],"campfire_rested":2,"item_purchase_floors":[3,8,19,19,21],"current_hp_per_floor":[69,71,71,64,54,54,33,33,33,31,31,25,50,29,51,51,69,52,52,52,52,52,52,28,50,50,0],"gold":47,"neow_bonus":"TRANSFORM_CARD","is_prod":false,"is_daily":false,"chose_seed":false,"campfire_upgraded":2,"win_rate":0,"timestamp":1541277394,"path_taken":["M","M","$","M","M","R","E","$","T","E","?","E","?","E","R","BOSS","M","$","?","$","?","R","M","R","T","?"],"build_version":"2018-11-01","purchased_purges":1,"victory":false,"max_hp_per_floor":[75,75,75,75,75,75,75,75,75,75,75,75,75,75,75,75,75,75,75,75,75,75,75,75,75,75,75],"card_choices":[{"not_picked":["Turbo","Cold Snap"],"picked":"Conserve Battery","floor":1},{"not_picked":["Hello World","Glacier"],"picked":"Loop","floor":2},{"not_picked":["Streamline","Redo"],"picked":"Leap","floor":4},{"not_picked":["Streamline","Tempest"],"picked":"Ball Lightning","floor":5},{"not_picked":["Ball Lightning","Conserve Battery"],"picked":"FTL","floor":7},{"not_picked":["Gash","Rebound"],"picked":"Leap","floor":10},{"not_picked":["Buffer","Doom and Gloom"],"picked":"Genetic Algorithm","floor":12},{"not_picked":["Steam","Ball Lightning"],"picked":"Coolheaded","floor":14},{"not_picked":["Thunder Strike","Hyperbeam"],"picked":"Biased Cognition","floor":16},{"not_picked":["Beam Cell","Consume","Scrape"],"picked":"Ball Lightning+1","floor":18},{"not_picked":["Steam Power","BootSequence","Rebound"],"picked":"Skim","floor":24}],"player_experience":271762,"relics_obtained":[{"floor":7,"key":"The Courier"},{"floor":9,"key":"Gremlin Horn"},{"floor":10,"key":"Pantograph"},{"floor":11,"key":"Smiling Mask"},{"floor":12,"key":"StoneCalendar"},{"floor":14,"key":"Happy Flower"},{"floor":17,"key":"War Paint"},{"floor":17,"key":"Question Card"},{"floor":17,"key":"Ice Cream"},{"floor":26,"key":"Molten Egg 2"}],"event_choices":[{"damage_healed":25,"gold_gain":0,"player_choice":"Banana","damage_taken":0,"max_hp_gain":0,"max_hp_loss":0,"event_name":"Big Fish","floor":13,"gold_loss":0},{"cards_removed":["Regret"],"damage_healed":0,"gold_gain":0,"player_choice":"Elegance","damage_taken":0,"max_hp_gain":0,"max_hp_loss":0,"event_name":"Back to Basics","floor":20,"gold_loss":0},{"damage_healed":0,"gold_gain":0,"player_choice":"Stole Relic","damage_taken":0,"relics_obtained":["Tiny Chest"],"max_hp_gain":0,"max_hp_loss":0,"event_name":"Addict","floor":22,"gold_loss":0,"cards_obtained":["Shame"]},{"damage_healed":0,"gold_gain":0,"player_choice":"Fight","damage_taken":0,"max_hp_gain":0,"max_hp_loss":0,"event_name":"Colosseum","floor":27,"gold_loss":0},{"damage_healed":0,"gold_gain":0,"player_choice":"Fought Nobs","damage_taken":0,"max_hp_gain":0,"max_hp_loss":0,"event_name":"Colosseum","floor":27,"gold_loss":0}],"is_beta":false,"boss_relics":[{"not_picked":["Runic Dome","Velvet Choker"],"picked":"Calling Bell"}],"items_purged_floors":[19],"is_endless":false,"potions_floor_spawned":[4,10,12,24],"killed_by":"Colosseum Nobs","ascension_level":6}