{"gold_per_floor":[109,124,141,153,173,173,188,188,243,243,243,74,101,101,101,202,202,221,239,251,262,262,262],"floor_reached":23,"playtime":1092,"items_purged":[],"score":195,"play_id":"0f76e007-2d14-4b13-a0d3-1a4fc0952c8e","local_time":"20181011200143","is_ascension_mode":false,"campfire_choices":[{"data":"Static Discharge","floor":6.0,"key":"SMITH"},{"floor":8.0,"key":"REST"},{"floor":11.0,"key":"REST"},{"data":"Zap","floor":15.0,"key":"SMITH"}],"neow_cost":"","seed_source_timestamp":0,"circlet_count":0,"master_deck":["Strike_B","Strike_B","Strike_B","Strike_B","Defend_B","Defend_B","Defend_B","Defend_B","Zap+1","Dualcast","Static Discharge+1","Echo Form+1","Sweeping Beam","Ball Lightning","Reboot","Genetic Algorithm","Echo Form+1"],"special_seed":0,"relics":["Cracked Core","Blood Vial","Strawberry","Art of War","Question Card","Busted Crown"],"potions_floor_usage":[23,23],"damage_taken":[{"damage":6.0,"enemies":"Jaw Worm","floor":1.0,"turns":3.0},{"damage":6.0,"enemies":"2 Louse","floor":2.0,"turns":2.0},{"damage":1.0,"enemies":"Cultist","floor":3.0,"turns":3.0},{"damage":9.0,"enemies":"2 Fungi Beasts","floor":4.0,"turns":4.0},{"damage":11.0,"enemies":"Large Slime","floor":5.0,"turns":5.0},{"damage":10.0,"enemies":"Looter","floor":7.0,"turns":4.0},{"damage":24.0,"enemies":"Lagavulin","floor":13.0,"turns":5.0},{"damage":28.0,"enemies":"Hexaghost","floor":16.0,"turns":7.0},{"damage":5.0,"enemies":"Chosen","floor":18.0,"turns":4.0},{"damage":10.0,"enemies":"Spheric Guardian","floor":19.0,"turns":3.0},{"damage":30.0,"enemies":"Snecko","floor":20.0,"turns":4.0},{"damage":13.0,"enemies":"Centurion and Healer","floor":21.0,"turns":7.0},{"damage":31,"enemies":"Slavers","floor":23,"turns":3}],"seed_played":"-3835094008843159228","potions_obtained":[{"floor":4.0,"key":"Ancient Potion"},{"floor":5.0,"key":"SteroidPotion"},{"floor":7.0,"key":"Block Potion"},{"floor":13.0,"key":"SpeedPotion"},{"floor":16.0,"key":"Dexterity Potion"},{"floor":20.0,"key":"Swift Potion"},{"floor":21.0,"key":"PowerPotion"}],"is_trial":false,"path_per_floor":["M","M","M","M","M","R","M","R","T","?","R","$","E","?","R","B",null,"M","M","M","M","?"],"character_chosen":"DEFECT","items_purchased":["Ball Lightning","Strawberry"],"campfire_rested":2,"item_purchase_floors":[12,12],"current_hp_per_floor":[69,63,62,53,42,42,32,54,54,54,75,82,58,55,55,29,82,77,69,41,30,30,1],"gold":262,"neow_bonus":"","is_prod":false,"is_daily":false,"chose_seed":false,"campfire_upgraded":2,"win_rate":0.0,"timestamp":1539313303,"path_taken":["M","M","M","M","M","R","M","R","T","?","R","$","E","?","R","BOSS","M","M","M","M","?","E"],"build_version":"2018-10-11","purchased_purges":0,"victory":false,"max_hp_per_floor":[75,75,75,75,75,75,75,75,75,75,75,82,82,82,82,82,82,82,82,82,82,82,82],"card_choices":[{"not_picked":["Compile Driver","Coolheaded","Stack"],"picked":"SKIP","floor":1.0},{"not_picked":["Doom and Gloom","Force Field","Hello World"],"picked":"SKIP","floor":2.0},{"not_picked":["Cold Snap","Gash","Sweeping Beam"],"picked":"SKIP","floor":3.0},{"not_picked":["White Noise","Coolheaded"],"picked":"Static Discharge","floor":4.0},{"not_picked":["Ball Lightning","Undo"],"picked":"Echo Form","floor":5.0},{"not_picked":["Go for the Eyes","Streamline"],"picked":"Sweeping Beam","floor":7.0},{"not_picked":["White Noise","Auto Shields","Gash"],"picked":"SKIP","floor":13.0},{"not_picked":["Meteor Strike","Hyperbeam","Multi-Cast"],"picked":"Reboot","floor":16.0},{"not_picked":["Turbo","Steam+1"],"picked":"SKIP","floor":18.0},{"not_picked":["Leap","Rebound"],"picked":"SKIP","floor":19.0},{"not_picked":["Steam Power+1"],"picked":"Genetic Algorithm","floor":20.0},{"not_picked":["Streamline","Go for the Eyes"],"picked":"SKIP","floor":21.0}],"player_experience":100118,"relics_obtained":[{"floor":9.0,"key":"Blood Vial"},{"floor":13.0,"key":"Art of War"}],"event_choices":[{"event_name":"Living Wall","player_choice":"Grow","floor":10.0,"damage_taken":0.0},{"event_name":"Scrap Ooze","player_choice":"success","floor":14.0,"damage_taken":3.0},{"event_name":"Duplicator","player_choice":"One dupe","floor":22.0,"damage_taken":0.0}],"is_beta":false,"boss_relics":[{"not_picked":["Pandora\u0027s Box","Runic Pyramid"],"picked":"Busted Crown"}],"items_purged_floors":[],"is_endless":false,"potions_floor_spawned":[4,5,7,13,16,20,21],"killed_by":"Slavers","ascension_level":0}