{"gold_per_floor":[119,5,23,23,33,33,48,60,84,116,39,39,114,133,133,234,234,218,238,109,127,127,127,154,154,181,194,194,119,119,139,139,139],"floor_reached":33,"playtime":1513,"items_purged":["Strike_B"],"score":267,"play_id":"40b38cef-c52b-4086-a047-c50fd73c0aa8","local_time":"20180702120519","is_ascension_mode":false,"campfire_choices":[{"data":"Barrage","floor":6,"key":"SMITH"},{"floor":12,"key":"REST"},{"floor":15,"key":"REST"},{"data":"Echo Form","floor":23,"key":"SMITH"},{"data":"Sunder","floor":28,"key":"SMITH"},{"data":"Coolheaded","floor":30,"key":"SMITH"},{"floor":32,"key":"REST"}],"neow_cost":"NONE","seed_source_timestamp":39926282778125,"circlet_count":0,"master_deck":["Strike_B","Defend_B","Defend_B","Defend_B","Defend_B","Zap","Dualcast","Skim","Coolheaded+1","Storm","Reinforced Body","Barrage+1","Ball Lightning+1","Sunder+1","Compile Driver","Leap","Capacitor","Conserve Battery","Echo Form+1","Cold Snap+1","Streamline+1","Ball Lightning+1","Redo+1","Stack","Writhe","FTL+1","Conserve Battery+1"],"relics":["Cracked Core","Lantern","Anchor","Snecko Eye","Whetstone","Mercury Hourglass","Vajra"],"potions_floor_usage":[33],"damage_taken":[{"damage":5,"enemies":"Cultist","floor":1,"turns":4},{"damage":3,"enemies":"2 Louse","floor":3,"turns":3},{"damage":0,"enemies":"Small Slimes","floor":5,"turns":4},{"damage":5,"enemies":"Looter","floor":7,"turns":3},{"damage":10,"enemies":"Large Slime","floor":8,"turns":6},{"damage":34,"enemies":"Gremlin Nob","floor":10,"turns":6},{"damage":0,"enemies":"Exordium Wildlife","floor":14,"turns":3},{"damage":35,"enemies":"Slime Boss","floor":16,"turns":9},{"damage":0,"enemies":"2 Thieves","floor":18,"turns":4},{"damage":0,"enemies":"Shell Parasite","floor":19,"turns":3},{"damage":26,"enemies":"Cultist and Chosen","floor":21,"turns":6},{"damage":26,"enemies":"Book of Stabbing","floor":24,"turns":6},{"damage":6,"enemies":"Snake Plant","floor":27,"turns":4},{"damage":0,"enemies":"Centurion and Healer","floor":31,"turns":3},{"damage":74,"enemies":"Champ","floor":33,"turns":11}],"seed_played":"6151797151283898806","potions_obtained":[{"floor":5,"key":"FairyPotion"},{"floor":7,"key":"Explosive Potion"},{"floor":10,"key":"SpeedPotion"}],"is_trial":false,"path_per_floor":["M","$","M","$","M","R","M","M","T","E","$","R","?","M","R","B",null,"M","M","$","M","?","R","E","?","T","M","R","?","R","M","R"],"character_chosen":"DEFECT","items_purchased":["Storm","Reinforced Body","Capacitor","Ball Lightning"],"campfire_rested":3,"item_purchase_floors":[2,2,11,20],"current_hp_per_floor":[70,70,67,67,67,67,62,52,52,18,18,40,29,29,51,16,75,75,75,75,49,74,74,48,48,48,42,42,42,42,42,64,0],"gold":139,"neow_bonus":"TRANSFORM_CARD","is_prod":false,"is_daily":false,"chose_seed":false,"campfire_upgraded":4,"win_rate":0.0,"timestamp":1530554719,"path_taken":["M","?","M","$","M","R","M","M","T","E","$","R","?","M","R","BOSS","M","M","$","M","?","R","E","?","T","M","R","?","R","M","R","BOSS"],"build_version":"2018-06-28","purchased_purges":1,"victory":false,"max_hp_per_floor":[75,75,75,75,75,75,75,75,75,75,75,75,75,75,75,75,75,75,75,75,75,75,75,75,75,75,75,75,75,75,75,75,75],"card_choices":[{"not_picked":["Rebound","Hologram"],"picked":"Coolheaded","floor":1},{"not_picked":["Rebound","Doom and Gloom"],"picked":"Barrage","floor":3},{"not_picked":["Consume","Streamline"],"picked":"Ball Lightning","floor":5},{"not_picked":["Sweeping Beam","Coolheaded"],"picked":"Sunder","floor":7},{"not_picked":["Rip and Tear","Stack"],"picked":"Compile Driver","floor":8},{"not_picked":["Blizzard","Chaos"],"picked":"Leap","floor":10},{"not_picked":["Cold Snap","Steam"],"picked":"Conserve Battery","floor":14},{"not_picked":["Machine Learning","Reboot"],"picked":"Echo Form","floor":16},{"not_picked":["Melter","Beam Cell"],"picked":"Cold Snap+1","floor":18},{"not_picked":["Capacitor","Rip and Tear"],"picked":"Streamline+1","floor":19},{"not_picked":["Ball Lightning","Streamline"],"picked":"Redo+1","floor":21},{"not_picked":["Gash","Reinforced Body"],"picked":"Stack","floor":24},{"not_picked":["Echo Form","Aggregate"],"picked":"FTL+1","floor":27},{"not_picked":["Steam+1","Redo"],"picked":"Conserve Battery+1","floor":31}],"player_experience":47334,"relics_obtained":[{"floor":9,"key":"Lantern"},{"floor":10,"key":"Anchor"},{"floor":24,"key":"Whetstone"},{"floor":26,"key":"Vajra"}],"event_choices":[{"event_name":"World of Goop","player_choice":"Gather Gold","floor":13,"damage_taken":0},{"event_name":"The Library","player_choice":"Heal","floor":22,"damage_taken":0},{"event_name":"The Mausoleum","player_choice":"Yes","floor":25,"damage_taken":0},{"event_name":"Beggar","player_choice":"Gave Gold","floor":29,"damage_taken":0}],"boss_relics":[{"not_picked":["Eternal Feather","Empty Cage"],"picked":"Snecko Eye"}],"items_purged_floors":[20],"is_endless":false,"potions_floor_spawned":[5,7,10,24,27,31],"killed_by":"Champ","ascension_level":0}