{"gold_per_floor":[116,132,207,227,227,260,271,271,295,295,182,182,194,224,236,352,364,396,333,197,208,208,235,235,248,248,46,46,65,81,0,0,0],"floor_reached":33,"playtime":2431,"items_purged":["Strike_R","Defend_R"],"score":265,"play_id":"c7676500-a30f-4c71-89fd-a7892bbee7f5","local_time":"20181015004541","is_ascension_mode":false,"campfire_choices":[{"data":"Pommel Strike","floor":8,"key":"SMITH"},{"data":"Bash","floor":10,"key":"SMITH"},{"floor":15,"key":"REST"},{"floor":24,"key":"REST"},{"data":"Offering","floor":28,"key":"SMITH"},{"data":"Armaments","floor":32,"key":"SMITH"}],"neow_cost":"","seed_source_timestamp":203150424412800,"circlet_count":0,"master_deck":["Strike_R","Strike_R","Strike_R","Defend_R","Defend_R","Defend_R","Bash+1","Battle Trance","Twin Strike","Pommel Strike+1","Flex","Inflame","Rampage","Headbutt","Offering+1","Headbutt","Armaments+1","Seeing Red+1","Pommel Strike+1"],"relics":["Burning Blood","Juzu Bracelet","Orichalcum","MawBank","Bottled Lightning","Black Star","Blue Candle","Dodecahedron","Ornamental Fan","Lee\u0027s Waffle"],"potions_floor_usage":[6,6,16,23,33],"damage_taken":[{"damage":8,"enemies":"2 Louse","floor":1,"turns":4},{"damage":1,"enemies":"Cultist","floor":2,"turns":3},{"damage":6,"enemies":"Jaw Worm","floor":4,"turns":3},{"damage":27,"enemies":"Lagavulin","floor":6,"turns":6},{"damage":10,"enemies":"Looter","floor":7,"turns":2},{"damage":9,"enemies":"Gremlin Gang","floor":14,"turns":5},{"damage":44,"enemies":"The Guardian","floor":16,"turns":7},{"damage":20,"enemies":"Shell Parasite","floor":18,"turns":5},{"damage":24,"enemies":"2 Thieves","floor":21,"turns":3},{"damage":63,"enemies":"Gremlin Leader","floor":23,"turns":6},{"damage":21,"enemies":"Cultist and Chosen","floor":25,"turns":6},{"damage":16,"enemies":"Snecko","floor":29,"turns":3},{"damage":14,"enemies":"Centurion and Healer","floor":30,"turns":3},{"damage":93,"enemies":"Automaton","floor":33,"turns":6}],"seed_played":"-503935662818748553","potions_obtained":[{"floor":1,"key":"Block Potion"},{"floor":2,"key":"Poison Potion"},{"floor":14,"key":"Weak Potion"},{"floor":18,"key":"FearPotion"},{"floor":25,"key":"Block Potion"}],"is_trial":false,"path_per_floor":["M","M","?","M","?","E","M","R","T","R","$","?","T","M","R","B",null,"M","?","$","M","?","E","R","M","T","$","R","M","M","?","R"],"character_chosen":"IRONCLAD","items_purchased":["Rampage","Armaments","Lee\u0027s Waffle"],"campfire_rested":2,"item_purchase_floors":[11,20,27],"current_hp_per_floor":[78,80,69,69,74,53,49,49,49,49,49,37,37,34,59,21,85,71,71,71,53,81,24,49,34,34,92,92,82,74,74,74,0],"gold":0,"neow_bonus":"","is_prod":false,"is_daily":false,"chose_seed":false,"campfire_upgraded":4,"win_rate":0,"timestamp":1539582341,"path_taken":["M","M","?","?","?","E","M","R","T","R","?","?","?","M","R","BOSS","M","?","?","M","?","E","R","M","T","?","R","M","M","?","R","BOSS"],"build_version":"2018-10-11","purchased_purges":2,"victory":false,"max_hp_per_floor":[80,80,80,80,85,85,85,85,85,85,85,85,85,85,85,85,85,85,85,85,85,85,85,85,85,85,92,92,92,92,92,92,92],"card_choices":[{"not_picked":["Shockwave","Flex"],"picked":"Battle Trance","floor":1},{"not_picked":["Seeing Red","Bloodletting"],"picked":"Twin Strike","floor":2},{"not_picked":["Second Wind","Clothesline"],"picked":"Pommel Strike","floor":4},{"not_picked":["Headbutt","Cleave"],"picked":"Flex","floor":6},{"not_picked":["Perfected Strike","Demon Form"],"picked":"Inflame","floor":7},{"not_picked":["Shrug It Off","Havoc"],"picked":"Headbutt","floor":14},{"not_picked":["Fiend Fire","Limit Break"],"picked":"Offering","floor":16},{"not_picked":["True Grit","Cleave"],"picked":"Headbutt","floor":18},{"not_picked":["Sever Soul+1","Sword Boomerang","Reckless Charge"],"picked":"SKIP","floor":21},{"not_picked":["Feel No Pain","Shockwave"],"picked":"Seeing Red+1","floor":23},{"not_picked":["Thunderclap","Perfected Strike+1","Uppercut"],"picked":"SKIP","floor":25},{"not_picked":["Heavy Blade","Spot Weakness","Fire Breathing"],"picked":"SKIP","floor":29},{"not_picked":["Warcry","Anger"],"picked":"Pommel Strike+1","floor":30}],"player_experience":59131,"relics_obtained":[{"floor":6,"key":"Juzu Bracelet"},{"floor":9,"key":"Orichalcum"},{"floor":13,"key":"Bottled Lightning"},{"floor":23,"key":"Blue Candle"},{"floor":23,"key":"Dodecahedron"},{"floor":26,"key":"Ornamental Fan"}],"event_choices":[{"event_name":"World of Goop","player_choice":"Gather Gold","floor":3,"damage_taken":0},{"event_name":"Big Fish","player_choice":"Donut","floor":5,"damage_taken":0},{"event_name":"Scrap Ooze","player_choice":"success","floor":12,"damage_taken":12},{"event_name":"Beggar","player_choice":"Gave Gold","floor":19,"damage_taken":0},{"event_name":"The Library","player_choice":"Heal","floor":22,"damage_taken":0},{"event_name":"Masked Bandits","player_choice":"Paid Fearfully","floor":31,"damage_taken":0}],"is_beta":false,"boss_relics":[{"not_picked":["Runic Pyramid","White Beast Statue"],"picked":"Black Star"}],"items_purged_floors":[11,20],"is_endless":false,"potions_floor_spawned":[1,2,14,18,25],"killed_by":"Automaton","ascension_level":0}