{"gold_per_floor":[114,289,239,47,47,74,85,100,100,100,100,110,110],"floor_reached":13,"playtime":243,"items_purged":[],"score":127,"play_id":"53b1304d-7e8b-4bea-924e-7c1236d343d1","local_time":"20190209181526","is_ascension_mode":true,"campfire_choices":[{"floor":10,"key":"RECALL"}],"neow_cost":"NONE","seed_source_timestamp":361287401401216,"circlet_count":0,"master_deck":["Strike_R","Strike_R","Strike_R","Strike_R","Strike_R","Defend_R","Defend_R","Defend_R","Defend_R","Bash","Seeing Red","Magnetism","Combust","Parasite","Clothesline","Burning Pact","Headbutt","Anger"],"relics":["Burning Blood","NeowsBlessing","Bottled Lightning","PreservedInsect"],"potions_floor_usage":[11],"damage_taken":[{"damage":0,"enemies":"Jaw Worm","floor":1,"turns":1},{"damage":0,"enemies":"Lagavulin","floor":6,"turns":1},{"damage":1,"enemies":"Small Slimes","floor":7,"turns":1},{"damage":1,"enemies":"Cultist","floor":8,"turns":3},{"damage":0,"enemies":"Exordium Thugs","floor":11,"turns":1},{"damage":24,"enemies":"3 Louse","floor":12,"turns":2},{"damage":21,"enemies":"Large Slime","floor":13,"turns":6}],"seed_played":"-2565983372450698624","potions_obtained":[{"floor":7,"key":"BloodPotion"},{"floor":8,"key":"SmokeBomb"}],"is_trial":false,"path_per_floor":["M","?","?","$","?","E","M","M","T","R","M","M","M"],"character_chosen":"IRONCLAD","items_purchased":["Magnetism"],"campfire_rested":0,"item_purchase_floors":[4],"current_hp_per_floor":[80,80,80,80,80,80,80,80,80,80,80,62,41],"gold":110,"neow_bonus":"THREE_ENEMY_KILL","is_prod":false,"is_daily":false,"chose_seed":false,"campfire_upgraded":0,"win_rate":0,"timestamp":1549757726,"path_taken":["M","?","?","$","?","E","M","M","T","R","?","M","M"],"build_version":"2019-01-23","purchased_purges":0,"victory":false,"max_hp_per_floor":[80,80,80,80,80,80,80,80,80,80,80,80,80],"card_choices":[{"not_picked":["Body Slam","Reckless Charge"],"picked":"Seeing Red","floor":1},{"not_picked":["Second Wind","Wild Strike"],"picked":"Burning Pact","floor":6},{"not_picked":["Perfected Strike","Twin Strike","Body Slam"],"picked":"SKIP","floor":7},{"not_picked":["Second Wind","Thunderclap"],"picked":"Headbutt","floor":8},{"not_picked":["Hemokinesis","Whirlwind"],"picked":"Anger","floor":12}],"player_experience":467856,"relics_obtained":[{"floor":6,"key":"Bottled Lightning"},{"floor":9,"key":"PreservedInsect"}],"event_choices":[{"damage_healed":0,"gold_gain":175,"player_choice":"AGREE","damage_taken":0,"max_hp_gain":0,"max_hp_loss":0,"event_name":"Liars Game","floor":2,"gold_loss":0,"cards_obtained":["Doubt"]},{"cards_removed":["Doubt"],"damage_healed":0,"gold_gain":0,"player_choice":"Card Removal","damage_taken":0,"max_hp_gain":0,"max_hp_loss":0,"event_name":"The Cleric","floor":3,"gold_loss":50},{"damage_healed":0,"gold_gain":0,"player_choice":"3 cards matched","damage_taken":0,"max_hp_gain":0,"max_hp_loss":0,"event_name":"Match and Keep!","floor":5,"gold_loss":0,"cards_obtained":["Combust","Parasite","Clothesline"]}],"is_beta":false,"boss_relics":[],"items_purged_floors":[],"is_endless":false,"potions_floor_spawned":[7,8],"killed_by":"Large Slime","ascension_level":3}