{"path_per_floor":["M","M","M","?","?","E","R","?","T","E","R","M","$","M","R","B",null,"M","?","$","?","M","E","R","M","T","R","$","?","M","?","R"],"character_chosen":"IRONCLAD","items_purchased":["Vajra"],"gold_per_floor":[117,127,138,116,116,141,141,141,141,170,170,185,41,55,55,151,151,163,88,13,13,32,66,66,86,86,86,86,86,105,20,20],"floor_reached":33,"campfire_rested":3,"playtime":1498,"current_hp_per_floor":[80,80,71,71,76,54,79,84,84,67,67,71,71,80,80,57,85,81,81,81,81,75,14,40,54,61,61,61,61,64,64,94],"items_purged":["Strike_R"],"gold":20,"play_id":"462d3ff0-a4f5-4a61-8add-0737582758dd","is_prod":false,"is_daily":false,"is_ascension_mode":false,"campfire_upgraded":2,"path_taken":["M","M","M","?","?","E","R","?","T","E","R","M","$","M","R","BOSS","M","?","$","?","M","E","R","M","T","R","$","?","?","?","R","BOSS"],"build_version":"2018-01-25-PROD3","purchased_purges":1,"victory":false,"master_deck":["Strike_R","Defend_R","Defend_R","Defend_R","Defend_R","Bash+1","Headbutt","Dropkick","Rampage+1","Pommel Strike","Shrug It Off","Flex","Feed","Twin Strike+1","Feed","Inflame+1","Headbutt","Injury","Blood for Blood+1"],"max_hp_per_floor":[80,80,80,80,85,85,85,85,85,85,85,85,85,85,85,85,85,85,85,85,85,88,88,88,91,98,98,98,98,101,101,101],"relics":["Burning Blood","Magic Flower","Peace Pipe","Anchor","Vajra","White Beast Statue","Mercury Hourglass","Strawberry","Smiling Mask"],"card_choices":[{"not_picked":["Combust","Warcry"],"picked":"Headbutt"},{"not_picked":["Rage","Sword Boomerang"],"picked":"Perfected Strike"},{"not_picked":["Spot Weakness","Body Slam"],"picked":"Dropkick"},{"not_picked":["Second Wind","Cleave"],"picked":"Rampage"},{"not_picked":["Berserk","Combust"],"picked":"Pommel Strike"},{"not_picked":["Searing Blow","Sword Boomerang"],"picked":"Shrug It Off"},{"not_picked":["Bloodletting","Thunderclap"],"picked":"Flex"},{"not_picked":["Brutality","Double Tap"],"picked":"Feed"},{"not_picked":["Sword Boomerang","Cleave"],"picked":"Twin Strike"},{"not_picked":["Iron Wave","Corruption"],"picked":"Inflame"},{"not_picked":["Whirlwind","Clash"],"picked":"Headbutt"},{"not_picked":["Thunderclap","Sword Boomerang"],"picked":"Blood for Blood"}],"player_experience":30570,"potions_floor_usage":[14,16,16,22,25,30,33],"damage_taken":[{"damage":5,"enemies":"Small Slimes","floor":1,"turns":3},{"damage":1,"enemies":"Cultist","floor":2,"turns":3},{"damage":15,"enemies":"Blue Slaver","floor":3,"turns":6},{"damage":28,"enemies":"Gremlin Nob","floor":6,"turns":4},{"damage":26,"enemies":"Lagavulin","floor":10,"turns":7},{"damage":5,"enemies":"3 Louse","floor":12,"turns":3},{"damage":0,"enemies":"Red Slaver","floor":14,"turns":2},{"damage":32,"enemies":"Hexaghost","floor":16,"turns":7},{"damage":13,"enemies":"Chosen","floor":18,"turns":5},{"damage":20,"enemies":"Spheric Guardian","floor":22,"turns":4},{"damage":70,"enemies":"Book of Stabbing","floor":23,"turns":6},{"damage":0,"enemies":"Snake Plant","floor":25,"turns":3},{"damage":11,"enemies":"Snecko","floor":30,"turns":3},{"damage":121,"enemies":"Collector","floor":33,"turns":8}],"event_choices":[{"event_name":"World of Goop","player_choice":"Left","floor":4,"damage_taken":0},{"event_name":"Big Fish","player_choice":"Donut","floor":5,"damage_taken":0},{"event_name":"Bonfire Elementals","player_choice":"COMMON","floor":8,"damage_taken":0},{"event_name":"Beggar","player_choice":"Gave Gold","floor":19,"damage_taken":0},{"event_name":"Duplicator","player_choice":"One dupe","floor":21,"damage_taken":0},{"event_name":"Accursed Blacksmith","player_choice":"Forge","floor":29,"damage_taken":0},{"event_name":"Addict","player_choice":"Obtained Relic","floor":31,"damage_taken":0}],"boss_relics":[{"not_picked":["Mark of Pain","Calling Bell"],"picked":"White Beast Statue"}],"potions_floor_spawned":[3,12,14,18,22,23,25,30],"seed_played":"-2220708564689867718","killed_by":"Collector","ascension_level":0,"is_trial":false}