{"gold_per_floor":[113,113,126,140,65,65,65,81,81,81,115,132,132,151,151,248,248,264,274,274,274,274,274,293,55,128,28,53,53,86,100,100,201,201,215,215,215,231,245,245,278,278],"floor_reached":42,"playtime":1529,"items_purged":["Defend_G","Normality"],"score":593,"play_id":"5ef8345d-2e8e-4ef8-b4db-5371c02ea67a","local_time":"20180721051415","is_ascension_mode":true,"campfire_choices":[{"data":"Dash","floor":6,"key":"SMITH"},{"data":"Wraith Form v2","floor":13,"key":"SMITH"},{"data":"Neutralize","floor":15,"key":"SMITH"},{"data":"A Thousand Cuts","floor":23,"key":"SMITH"},{"floor":29,"key":"REST"},{"floor":32,"key":"REST"},{"floor":40,"key":"REST"}],"neow_cost":"NONE","seed_source_timestamp":1796638323755812,"circlet_count":0,"master_deck":["Defend_G","Defend_G","Defend_G","Defend_G","Strike_G","Strike_G","Strike_G","Strike_G","Survivor","Neutralize+1","Dagger Spray","Cloak And Dagger","Dash+1","Deadly Poison","Wraith Form v2+1","Sucker Punch","A Thousand Cuts+1","Infinite Blades","RitualDagger","Heel Hook","Dagger Throw+1","Prepared","Venomology","Sucker Punch+1","Escape Plan+1"],"relics":["Ring of the Snake","Vajra","Pantograph","Busted Crown","Blue Candle","Kunai","Darkstone Periapt","Peace Pipe","Mercury Hourglass","Eternal Feather","Question Card"],"potions_floor_usage":[11,12,16,24,28,28,33,35,39,41,41,41,42],"damage_taken":[{"damage":2,"enemies":"Jaw Worm","floor":1,"turns":5},{"damage":0,"enemies":"Small Slimes","floor":3,"turns":2},{"damage":4,"enemies":"Cultist","floor":4,"turns":4},{"damage":0,"enemies":"3 Louse","floor":8,"turns":3},{"damage":0,"enemies":"Lagavulin","floor":11,"turns":7},{"damage":13,"enemies":"Large Slime","floor":12,"turns":6},{"damage":1,"enemies":"Red Slaver","floor":14,"turns":4},{"damage":34,"enemies":"The Guardian","floor":16,"turns":11},{"damage":1,"enemies":"Spheric Guardian","floor":18,"turns":5},{"damage":4,"enemies":"2 Thieves","floor":19,"turns":4},{"damage":24,"enemies":"Centurion and Healer","floor":24,"turns":5},{"damage":0,"enemies":"Book of Stabbing","floor":28,"turns":6},{"damage":4,"enemies":"Gremlin Leader","floor":30,"turns":5},{"damage":28,"enemies":"Snake Plant","floor":31,"turns":4},{"damage":55,"enemies":"Champ","floor":33,"turns":11},{"damage":9,"enemies":"Orb Walker","floor":35,"turns":5},{"damage":13,"enemies":"3 Darklings","floor":38,"turns":5},{"damage":34,"enemies":"Maw","floor":39,"turns":8},{"damage":57,"enemies":"Giant Head","floor":41,"turns":11},{"damage":16,"enemies":"4 Shapes","floor":42,"turns":1}],"seed_played":"-5424525783992322124","potions_obtained":[{"floor":1,"key":"FearPotion"},{"floor":8,"key":"Dexterity Potion"},{"floor":14,"key":"SkillPotion"},{"floor":18,"key":"Explosive Potion"},{"floor":19,"key":"Dexterity Potion"},{"floor":20,"key":"Fire Potion"},{"floor":31,"key":"Explosive Potion"},{"floor":38,"key":"LiquidBronze"},{"floor":41,"key":"Weak Potion"}],"is_trial":false,"path_per_floor":["M","?","M","M","$","R","?","M","T","?","E","M","R","M","R","B",null,"M","M","?","?","?","R","M","$","T","$","E","R","E","M","R","B",null,"M","?","?","M","M","R","E"],"character_chosen":"THE_SILENT","items_purchased":["Kunai"],"campfire_rested":3,"item_purchase_floors":[25],"current_hp_per_floor":[68,68,68,64,64,64,69,69,69,69,69,56,56,55,55,41,75,74,70,70,64,64,64,40,40,40,40,40,62,58,30,52,20,75,66,66,66,53,19,56,14,0],"gold":278,"neow_bonus":"THREE_CARDS","is_prod":false,"is_daily":false,"chose_seed":false,"campfire_upgraded":4,"win_rate":0,"timestamp":1532142855,"path_taken":["M","?","?","M","$","R","?","M","T","?","E","M","R","?","R","BOSS","M","M","?","?","?","R","M","$","T","?","E","R","E","M","R","BOSS","M","?","?","M","?","R","E","M"],"build_version":"2018-07-19v2","purchased_purges":2,"victory":false,"max_hp_per_floor":[70,70,70,70,70,70,75,75,75,75,75,75,75,75,75,75,75,75,75,75,75,75,75,75,75,75,75,75,75,75,75,75,75,75,75,75,75,75,75,75,75,75],"card_choices":[{"not_picked":["Bane","Dodge and Roll"],"picked":"Dagger Spray","floor":0},{"not_picked":["Distraction","Dodge and Roll"],"picked":"Cloak And Dagger","floor":1},{"not_picked":["Dodge and Roll","Dagger Throw"],"picked":"Dash","floor":3},{"not_picked":["PiercingWail","Catalyst"],"picked":"Deadly Poison","floor":4},{"not_picked":["Bane","Blur","PiercingWail"],"picked":"SKIP","floor":8},{"not_picked":["Bouncing Flask","Choke"],"picked":"Wraith Form v2","floor":11},{"not_picked":["Catalyst","Accuracy"],"picked":"Sucker Punch","floor":12},{"not_picked":["Eviscerate","Slice","Dagger Throw"],"picked":"SKIP","floor":14},{"not_picked":["Night Terror","Storm of Steel"],"picked":"A Thousand Cuts","floor":16},{"not_picked":["Outmaneuver"],"picked":"SKIP","floor":18},{"not_picked":[],"picked":"Infinite Blades","floor":19},{"not_picked":[],"picked":"Heel Hook","floor":24},{"not_picked":[],"picked":"Dagger Throw+1","floor":28},{"not_picked":[],"picked":"Prepared","floor":30},{"not_picked":["Deflect+1"],"picked":"SKIP","floor":31},{"not_picked":[],"picked":"Venomology","floor":33},{"not_picked":[],"picked":"Sucker Punch+1","floor":35},{"not_picked":["Deadly Poison"],"picked":"SKIP","floor":38},{"not_picked":[],"picked":"Escape Plan+1","floor":39},{"not_picked":["Sucker Punch"],"picked":"SKIP","floor":41}],"player_experience":127761,"relics_obtained":[{"floor":9,"key":"Vajra"},{"floor":11,"key":"Pantograph"},{"floor":26,"key":"Darkstone Periapt"},{"floor":28,"key":"Peace Pipe"},{"floor":30,"key":"Mercury Hourglass"},{"floor":41,"key":"Question Card"}],"event_choices":[{"event_name":"Living Wall","player_choice":"Forget","floor":2,"damage_taken":0},{"event_name":"Big Fish","player_choice":"Donut","floor":7,"damage_taken":0},{"event_name":"Liars Game","player_choice":"disagreed","floor":10,"damage_taken":0},{"event_name":"The Lab","player_choice":"Got Potions","floor":20,"damage_taken":0},{"event_name":"Nest","player_choice":"Joined the Cult","floor":21,"damage_taken":0},{"event_name":"Accursed Blacksmith","player_choice":"Rummage","floor":22,"damage_taken":0},{"event_name":"Tomb of Lord Red Mask","player_choice":"Ignored","floor":36,"damage_taken":0},{"event_name":"SensoryStone","player_choice":"Memory 1","floor":37,"damage_taken":0}],"is_beta":false,"boss_relics":[{"not_picked":["Lizard Tail","Empty Cage"],"picked":"Busted Crown"},{"not_picked":["Astrolabe","HoveringKite"],"picked":"Eternal Feather"}],"items_purged_floors":[5,27],"is_endless":false,"potions_floor_spawned":[1,8,14,18,19,31,38,41],"killed_by":"4 Shapes","ascension_level":3}