{"gold_per_floor":[112,112,131,131,146,21,21,49,49,60,89,89,89,102,102,102],"floor_reached":16,"playtime":881,"items_purged":["Regret"],"score":163,"play_id":"594be35f-244c-415a-85f5-5e7170a8a07d","local_time":"20190321152950","is_ascension_mode":true,"campfire_choices":[{"data":"Storm of Steel","floor":7,"key":"SMITH"},{"floor":12,"key":"REST"},{"floor":15,"key":"REST"}],"neow_cost":"NONE","seed_source_timestamp":328079568965693,"circlet_count":0,"master_deck":["Defend_G","Defend_G","Defend_G","Defend_G","Defend_G","Strike_G","Strike_G","Strike_G","Strike_G","Survivor+1","Neutralize","Slice","Storm of Steel+1","Infinite Blades","Dagger Throw","Blade Dance","Acrobatics","Cloak And Dagger+1","Backflip"],"relics":["Ring of the Snake","Anchor","Darkstone Periapt","Mango","Potion Belt","Regal Pillow"],"potions_floor_usage":[11,16,16],"damage_taken":[{"damage":0,"enemies":"2 Louse","floor":1,"turns":3},{"damage":0,"enemies":"Cultist","floor":3,"turns":4},{"damage":3,"enemies":"Small Slimes","floor":5,"turns":5},{"damage":28,"enemies":"Lagavulin","floor":8,"turns":10},{"damage":6,"enemies":"3 Louse","floor":10,"turns":4},{"damage":37,"enemies":"3 Sentries","floor":11,"turns":10},{"damage":9,"enemies":"Red Slaver","floor":14,"turns":3},{"damage":76,"enemies":"Slime Boss","floor":16,"turns":11}],"seed_played":"3860136170788775","potions_obtained":[{"floor":5,"key":"Poison Potion"},{"floor":10,"key":"GamblersBrew"},{"floor":11,"key":"EssenceOfSteel"}],"is_trial":false,"path_per_floor":["M","?","M","?","M","$","R","E","T","M","E","R","?","M","R","B"],"character_chosen":"THE_SILENT","items_purchased":["Blade Dance"],"campfire_rested":2,"item_purchase_floors":[6],"current_hp_per_floor":[70,70,70,76,73,73,73,59,59,53,16,58,40,31,73,0],"gold":102,"neow_bonus":"RANDOM_COMMON_RELIC","is_prod":false,"is_daily":false,"chose_seed":false,"campfire_upgraded":1,"win_rate":0,"timestamp":1553203790,"path_taken":["M","?","?","?","M","$","R","E","T","M","E","R","?","M","R","BOSS"],"build_version":"2019-01-23","purchased_purges":1,"victory":false,"max_hp_per_floor":[70,70,70,76,76,76,76,90,90,90,90,90,90,90,90,90],"card_choices":[{"not_picked":["Quick Slash","Terror"],"picked":"Slice","floor":1},{"not_picked":["Sucker Punch","Distraction"],"picked":"Infinite Blades","floor":3},{"not_picked":["Sucker Punch","Flying Knee"],"picked":"Dagger Throw","floor":5},{"not_picked":["Bane","Masterful Stab"],"picked":"Acrobatics","floor":8},{"not_picked":["Dagger Spray","Sucker Punch"],"picked":"Cloak And Dagger","floor":10},{"not_picked":["Bouncing Flask","Crippling Poison","Wraith Form v2"],"picked":"SKIP","floor":11},{"not_picked":["Infinite Blades","Slice"],"picked":"Backflip","floor":14}],"player_experience":124288,"relics_obtained":[{"floor":8,"key":"Mango"},{"floor":9,"key":"Potion Belt"},{"floor":11,"key":"Regal Pillow"}],"event_choices":[{"damage_healed":0,"gold_gain":0,"cards_transformed":["Strike_G"],"player_choice":"Transformed","damage_taken":0,"max_hp_gain":0,"max_hp_loss":0,"event_name":"Transmorgrifier","floor":2,"gold_loss":0,"cards_obtained":["Storm of Steel"]},{"damage_healed":0,"gold_gain":0,"player_choice":"Box","damage_taken":0,"relics_obtained":["Darkstone Periapt"],"max_hp_gain":0,"max_hp_loss":0,"event_name":"Big Fish","floor":4,"gold_loss":0,"cards_obtained":["Regret"]},{"damage_healed":0,"gold_gain":0,"player_choice":"Entered Light","damage_taken":18,"max_hp_gain":0,"max_hp_loss":0,"event_name":"Shining Light","floor":13,"gold_loss":0,"cards_upgraded":["Cloak And Dagger","Survivor"]}],"is_beta":false,"boss_relics":[],"items_purged_floors":[6],"is_endless":false,"potions_floor_spawned":[5,10,11],"killed_by":"Slime Boss","ascension_level":5}