{"gold_per_floor":[114,114,146,158,184,196,243,255,290,337,378,420,444,470,482,596,608,635,594,594,594,605,638,638,638,638,638,651,651,400,400,400,504,504,519,530,548,273,291,291,324,324],"floor_reached":42,"playtime":2485,"items_purged":["Corruption+1","Strike_R"],"score":607,"play_id":"1e1fa307-c487-4aa4-9564-19e9ee60d71f","local_time":"20190407193328","is_ascension_mode":true,"campfire_choices":[{"data":"Intimidate","floor":6,"key":"SMITH"},{"floor":8,"key":"REST"},{"data":"Pommel Strike","floor":15,"key":"SMITH"},{"floor":24,"key":"REST"},{"floor":27,"key":"REST"},{"floor":32,"key":"REST"},{"floor":40,"key":"REST"}],"neow_cost":"NONE","seed_source_timestamp":257894024530872,"circlet_count":0,"master_deck":["Strike_R","Strike_R","Strike_R","Defend_R","Defend_R","Defend_R","Defend_R","Bash","Pommel Strike+1","Metallicize","Intimidate+1","Feed","Feed","Metallicize","Metallicize","Demon Form","Armaments+1","Limit Break","Shrug It Off+1","J.A.X.","Juggernaut","Headbutt+1","Pommel Strike+1","Battle Trance+1","Armaments+1","Double Tap","Thunderclap+1","Sadistic Nature","Seeing Red+1"],"relics":["Burning Blood","MawBank","StoneCalendar","Orichalcum","Smiling Mask","Odd Mushroom","Strawberry","White Beast Statue","Enchiridion","Juzu Bracelet","Bottled Flame","Bronze Scales","Orrery","Letter Opener"],"potions_floor_usage":[11,12,18,18,23,28,33,33,33,37,37,39,42,42],"damage_taken":[{"damage":4,"enemies":"Small Slimes","floor":1,"turns":4},{"damage":12,"enemies":"Jaw Worm","floor":3,"turns":2},{"damage":8,"enemies":"2 Louse","floor":5,"turns":4},{"damage":49,"enemies":"3 Sentries","floor":7,"turns":10},{"damage":14,"enemies":"Gremlin Nob","floor":10,"turns":4},{"damage":3,"enemies":"The Mushroom Lair","floor":11,"turns":3},{"damage":17,"enemies":"3 Sentries","floor":12,"turns":7},{"damage":6,"enemies":"Red Slaver","floor":13,"turns":4},{"damage":0,"enemies":"Blue Slaver","floor":14,"turns":4},{"damage":38,"enemies":"The Guardian","floor":16,"turns":19},{"damage":13,"enemies":"2 Thieves","floor":18,"turns":5},{"damage":7,"enemies":"Shell Parasite","floor":22,"turns":7},{"damage":55,"enemies":"Slavers","floor":23,"turns":7},{"damage":52,"enemies":"3 Cultists","floor":28,"turns":7},{"damage":30,"enemies":"Champ","floor":33,"turns":8},{"damage":54,"enemies":"3 Darklings","floor":35,"turns":7},{"damage":7,"enemies":"3 Shapes","floor":36,"turns":4},{"damage":28,"enemies":"Transient","floor":37,"turns":5},{"damage":16,"enemies":"Maw","floor":39,"turns":7},{"damage":46,"enemies":"Nemesis","floor":41,"turns":7},{"damage":11,"enemies":"Jaw Worm Horde","floor":42,"turns":2}],"seed_played":"-763861732462748113","potions_obtained":[{"floor":10,"key":"Explosive Potion"},{"floor":11,"key":"SkillPotion"},{"floor":14,"key":"Energy Potion"},{"floor":16,"key":"Energy Potion"},{"floor":18,"key":"GamblersBrew"},{"floor":22,"key":"AttackPotion"},{"floor":23,"key":"FearPotion"},{"floor":28,"key":"BloodPotion"},{"floor":33,"key":"Dexterity Potion"},{"floor":35,"key":"Ancient Potion"},{"floor":36,"key":"AttackPotion"},{"floor":37,"key":"SteroidPotion"},{"floor":39,"key":"Dexterity Potion"}],"is_trial":false,"path_per_floor":["M","?","M","?","M","R","E","R","T","E","?","E","M","M","R","B",null,"M","$","?","?","M","E","R","?","T","R","M","?","$","?","R","B",null,"M","M","M","$","M","R","E","M"],"character_chosen":"IRONCLAD","items_purchased":["Armaments","Bronze Scales","AttackPotion","SkillPotion","Sadistic Nature"],"campfire_rested":5,"item_purchase_floors":[19,30,30,38,38],"current_hp_per_floor":[80,77,71,71,69,69,26,50,50,42,51,50,53,62,62,33,105,98,98,82,82,81,32,63,42,42,75,32,32,32,32,65,52,113,65,67,45,45,39,75,35,24],"gold":324,"neow_bonus":"THREE_CARDS","is_prod":false,"is_daily":false,"chose_seed":false,"campfire_upgraded":2,"win_rate":0,"timestamp":1554683608,"path_taken":["M","?","M","?","M","R","E","R","T","E","?","E","M","?","R","BOSS","M","$","?","?","?","E","R","?","T","R","M","?","?","?","R","BOSS","M","M","M","$","M","R","E","M"],"build_version":"2019-01-23","purchased_purges":2,"victory":false,"max_hp_per_floor":[80,80,80,80,80,80,80,80,80,80,86,96,99,102,102,105,105,105,105,105,105,105,105,105,110,110,110,113,113,113,113,113,113,113,113,116,116,116,120,120,120,120],"card_choices":[{"not_picked":["Cleave","Blood for Blood"],"picked":"Pommel Strike","floor":0},{"not_picked":["Havoc","True Grit"],"picked":"Corruption","floor":1},{"not_picked":["Blood for Blood","Pommel Strike"],"picked":"Metallicize","floor":3},{"not_picked":["Heavy Blade","Power Through"],"picked":"Intimidate","floor":5},{"not_picked":["Clash","Rupture"],"picked":"Feed","floor":7},{"not_picked":["Flex","Clash"],"picked":"Feed","floor":10},{"not_picked":["Iron Wave","Evolve"],"picked":"Metallicize","floor":12},{"not_picked":["Flex","Thunderclap"],"picked":"Metallicize","floor":13},{"not_picked":["Clash","Shockwave","Warcry"],"picked":"SKIP","floor":14},{"not_picked":["Brutality","Dark Embrace"],"picked":"Demon Form","floor":16},{"not_picked":["Sword Boomerang+1","Clothesline","Feel No Pain"],"picked":"SKIP","floor":18},{"not_picked":["Cleave","Clothesline","Shrug It Off"],"picked":"SKIP","floor":22},{"not_picked":["Rupture+1","Pommel Strike"],"picked":"Limit Break","floor":23},{"not_picked":["Hemokinesis","Rage+1"],"picked":"Shrug It Off+1","floor":28},{"not_picked":["Berserk","Impervious"],"picked":"Juggernaut","floor":33},{"not_picked":["Entrench+1","Shrug It Off"],"picked":"Headbutt+1","floor":34},{"not_picked":["Metallicize","True Grit+1"],"picked":"Pommel Strike+1","floor":34},{"not_picked":["Ghostly Armor","Iron Wave"],"picked":"Battle Trance+1","floor":34},{"not_picked":["Warcry+1","Twin Strike"],"picked":"Armaments+1","floor":35},{"not_picked":["Twin Strike+1","Feel No Pain"],"picked":"Double Tap","floor":36},{"not_picked":["Anger+1","Havoc"],"picked":"Thunderclap+1","floor":37},{"not_picked":["Warcry+1","Evolve+1"],"picked":"Seeing Red+1","floor":39},{"not_picked":["Hemokinesis","Berserk","Battle Trance"],"picked":"SKIP","floor":41}],"player_experience":897189,"relics_obtained":[{"floor":7,"key":"StoneCalendar"},{"floor":9,"key":"Orichalcum"},{"floor":10,"key":"Smiling Mask"},{"floor":11,"key":"Odd Mushroom"},{"floor":12,"key":"Strawberry"},{"floor":20,"key":"Enchiridion"},{"floor":23,"key":"Juzu Bracelet"},{"floor":26,"key":"Bottled Flame"},{"floor":41,"key":"Letter Opener"}],"event_choices":[{"damage_healed":0,"gold_gain":0,"player_choice":"Success","damage_taken":3,"relics_obtained":["MawBank"],"max_hp_gain":0,"max_hp_loss":0,"event_name":"Scrap Ooze","floor":2,"gold_loss":0},{"damage_healed":0,"gold_gain":0,"player_choice":"Grow","damage_taken":0,"max_hp_gain":0,"max_hp_loss":0,"event_name":"Living Wall","floor":4,"gold_loss":0,"cards_upgraded":["Corruption"]},{"damage_healed":0,"gold_gain":0,"player_choice":"Fought Mushrooms","damage_taken":0,"max_hp_gain":0,"max_hp_loss":0,"event_name":"Mushrooms","floor":11,"gold_loss":0},{"damage_healed":0,"gold_gain":0,"player_choice":"Obtained Book","damage_taken":16,"max_hp_gain":0,"max_hp_loss":0,"event_name":"Cursed Tome","floor":20,"gold_loss":0},{"cards_removed":["Strike_R"],"damage_healed":0,"gold_gain":0,"player_choice":"Purged","damage_taken":0,"max_hp_gain":0,"max_hp_loss":0,"event_name":"Purifier","floor":21,"gold_loss":0},{"damage_healed":0,"gold_gain":0,"player_choice":"Shed Blood","damage_taken":26,"max_hp_gain":5,"max_hp_loss":0,"event_name":"Forgotten Altar","floor":25,"gold_loss":0},{"damage_healed":0,"gold_gain":0,"player_choice":"Obtain J.A.X.","damage_taken":0,"max_hp_gain":0,"max_hp_loss":0,"event_name":"Drug Dealer","floor":29,"gold_loss":0,"cards_obtained":["J.A.X."]},{"damage_healed":0,"gold_gain":0,"player_choice":"Forge","damage_taken":0,"max_hp_gain":0,"max_hp_loss":0,"event_name":"Accursed Blacksmith","floor":31,"gold_loss":0,"cards_upgraded":["Armaments"]}],"is_beta":false,"boss_relics":[{"not_picked":["Cursed Key","Busted Crown"],"picked":"White Beast Statue"},{"not_picked":["Runic Dome","Velvet Choker"],"picked":"Orrery"}],"items_purged_floors":[30,38],"is_endless":false,"potions_floor_spawned":[10,11,14,16,18,22,23,28,33,35,36,37,39,41],"killed_by":"Jaw Worm Horde","ascension_level":4}