{"gold_per_floor":[111,111,125,143,158,158,186,186,210,235,248,262,262,15,15,114,114,128,128,146,166,166],"floor_reached":22,"playtime":2022,"items_purged":[],"score":297,"play_id":"a5e2401b-b60f-4cc2-bea3-8989fd12bf30","local_time":"20190407102721","is_ascension_mode":true,"campfire_choices":[{"data":"Dash","floor":6,"key":"SMITH"},{"data":"Setup","floor":8,"key":"SMITH"},{"floor":15,"key":"REST"}],"neow_cost":"NONE","seed_source_timestamp":178664189844493,"circlet_count":0,"master_deck":["AscendersBane","Defend_G","Defend_G","Defend_G","Defend_G","Defend_G","Strike_G","Strike_G","Strike_G","Strike_G","Strike_G","Survivor+1","Neutralize+1","Deflect","Leg Sweep","Dash+1","Setup+1","Glass Knife","Blur","Footwork","Panache","Bullet Time","Dodge and Roll+1","Cloak And Dagger","Backflip+1"],"relics":["Ring of the Snake","Omamori","Bag of Preparation","Lizard Tail","Nloth\u0027s Gift"],"potions_floor_usage":[7,7,16,16,20,22],"damage_taken":[{"damage":2,"enemies":"2 Louse","floor":1,"turns":3},{"damage":8,"enemies":"Cultist","floor":3,"turns":5},{"damage":6,"enemies":"Jaw Worm","floor":4,"turns":7},{"damage":0,"enemies":"Blue Slaver","floor":5,"turns":7},{"damage":6,"enemies":"Lagavulin","floor":7,"turns":12},{"damage":23,"enemies":"3 Sentries","floor":10,"turns":13},{"damage":0,"enemies":"Exordium Thugs","floor":11,"turns":4},{"damage":0,"enemies":"3 Louse","floor":12,"turns":3},{"damage":32,"enemies":"Slime Boss","floor":16,"turns":28},{"damage":29,"enemies":"Spheric Guardian","floor":18,"turns":6},{"damage":0,"enemies":"Shell Parasite","floor":20,"turns":10},{"damage":14,"enemies":"Shelled Parasite and Fungi","floor":21,"turns":13},{"damage":89,"enemies":"Cultist and Chosen","floor":22,"turns":19}],"seed_played":"7711022168161834079","potions_obtained":[{"floor":3,"key":"Dexterity Potion"},{"floor":5,"key":"FearPotion"},{"floor":10,"key":"Weak Potion"},{"floor":11,"key":"Explosive Potion"},{"floor":18,"key":"Regen Potion"},{"floor":21,"key":"Dexterity Potion"}],"is_trial":false,"path_per_floor":["M","?","M","M","M","R","E","R","T","E","M","M","?","$","R","B",null,"M","?","M","M","M"],"character_chosen":"THE_SILENT","items_purchased":["Footwork","Panache"],"campfire_rested":1,"item_purchase_floors":[14,14],"current_hp_per_floor":[61,61,53,47,47,47,41,41,41,18,18,18,18,18,39,7,54,25,25,40,26,0],"gold":166,"neow_bonus":"UPGRADE_CARD","is_prod":false,"is_daily":false,"chose_seed":false,"campfire_upgraded":2,"win_rate":0,"timestamp":1554658041,"path_taken":["M","?","M","M","M","R","E","R","T","E","M","?","?","$","R","BOSS","M","?","M","M","M"],"build_version":"2019-01-23","purchased_purges":0,"victory":false,"max_hp_per_floor":[70,70,70,70,70,70,70,70,70,70,70,70,70,70,70,70,70,70,70,70,70,70],"card_choices":[{"not_picked":["Deadly Poison","Flying Knee"],"picked":"Deflect","floor":1},{"not_picked":["Expertise","Acrobatics"],"picked":"Leg Sweep","floor":3},{"not_picked":["Sucker Punch","Deadly Poison","Flying Knee"],"picked":"SKIP","floor":4},{"not_picked":["Tactician","Catalyst"],"picked":"Dash","floor":5},{"not_picked":["Grand Finale","Flying Knee"],"picked":"Setup","floor":7},{"not_picked":["Underhanded Strike","Bane"],"picked":"Glass Knife","floor":10},{"not_picked":["Flying Knee","Choke","Dodge and Roll"],"picked":"SKIP","floor":11},{"not_picked":["Deadly Poison","Dodge and Roll"],"picked":"Blur","floor":12},{"not_picked":["Phantasmal Killer","Venomology"],"picked":"Bullet Time","floor":16},{"not_picked":["Underhanded Strike","Flechettes"],"picked":"Dodge and Roll+1","floor":18},{"not_picked":["Prepared","Dagger Throw+1"],"picked":"Cloak And Dagger","floor":20},{"not_picked":["Dagger Spray","Burst"],"picked":"Backflip+1","floor":21}],"player_experience":269631,"relics_obtained":[{"floor":7,"key":"Omamori"},{"floor":9,"key":"Ancient Tea Set"},{"floor":10,"key":"Bag of Preparation"}],"event_choices":[{"damage_healed":0,"gold_gain":0,"player_choice":"Upgraded","damage_taken":0,"max_hp_gain":0,"max_hp_loss":0,"event_name":"Upgrade Shrine","floor":2,"gold_loss":0,"cards_upgraded":["Survivor"]},{"damage_healed":0,"gold_gain":0,"player_choice":"Ignored","damage_taken":0,"max_hp_gain":0,"max_hp_loss":0,"event_name":"Golden Idol","floor":13,"gold_loss":0},{"damage_healed":0,"gold_gain":0,"player_choice":"Traded Relic","damage_taken":0,"relics_obtained":["Nloth\u0027s Gift"],"max_hp_gain":0,"max_hp_loss":0,"event_name":"N\u0027loth","floor":19,"relics_lost":["Ancient Tea Set"],"gold_loss":0}],"is_beta":false,"boss_relics":[{"not_picked":["Fusion Hammer","Empty Cage"],"picked":"Lizard Tail"}],"items_purged_floors":[],"is_endless":false,"potions_floor_spawned":[3,5,10,11,18,21],"killed_by":"Cultist and Chosen","ascension_level":10}