{"gold_per_floor":[110,110,121,138,88,119,119,150,173,173,205,219,219,232,232,336,386,406,157,182,182,195,195,213,246,273,289,317,335,348,348],"floor_reached":31,"playtime":2812,"items_purged":["Strike_B"],"score":342,"play_id":"50ed048d-9e85-4422-bd65-586045236451","local_time":"20190325100541","is_ascension_mode":true,"campfire_choices":[{"data":"Hologram","floor":7,"key":"SMITH"},{"data":"Defend_B","floor":10,"key":"SMITH"},{"data":"Go for the Eyes","floor":15,"key":"SMITH"},{"data":"Apotheosis","floor":23,"key":"SMITH"}],"neow_cost":"NONE","seed_source_timestamp":69099757052360,"circlet_count":0,"master_deck":["Strike_B","Strike_B","Defend_B","Defend_B","Defend_B","Defend_B+1","Zap+1","Dualcast+1","Leap","FTL","Hologram+1","Ball Lightning+1","Go for the Eyes+1","Glacier","Machine Learning","Conserve Battery","Apotheosis+1","Skim","All For One","White Noise"],"relics":["Cracked Core","Boot","Lantern","Happy Flower","Potion Belt","Pocketwatch","Tiny House","Red Mask","Peace Pipe","Regal Pillow","Art of War"],"potions_floor_usage":[6,11,16,20,20,28,30,31,31],"damage_taken":[{"damage":1,"enemies":"Cultist","floor":1,"turns":3},{"damage":0,"enemies":"2 Louse","floor":3,"turns":2},{"damage":0,"enemies":"Jaw Worm","floor":4,"turns":3},{"damage":22,"enemies":"3 Sentries","floor":6,"turns":8},{"damage":16,"enemies":"Lagavulin","floor":8,"turns":7},{"damage":2,"enemies":"3 Sentries","floor":11,"turns":5},{"damage":0,"enemies":"Red Slaver","floor":12,"turns":2},{"damage":0,"enemies":"Exordium Thugs","floor":14,"turns":3},{"damage":16,"enemies":"Slime Boss","floor":16,"turns":8},{"damage":1,"enemies":"Shell Parasite","floor":18,"turns":5},{"damage":18,"enemies":"Masked Bandits","floor":20,"turns":5},{"damage":0,"enemies":"3 Byrds","floor":22,"turns":4},{"damage":0,"enemies":"Snecko","floor":24,"turns":6},{"damage":32,"enemies":"Slavers","floor":25,"turns":8},{"damage":4,"enemies":"Chosen and Byrds","floor":27,"turns":6},{"damage":4,"enemies":"Book of Stabbing","floor":28,"turns":6},{"damage":0,"enemies":"Sentry and Sphere","floor":29,"turns":3},{"damage":2,"enemies":"Snake Plant","floor":30,"turns":5},{"damage":13,"enemies":"Shelled Parasite and Fungi","floor":31,"turns":2}],"seed_played":"156851506720990807","potions_obtained":[{"floor":3,"key":"SkillPotion"},{"floor":4,"key":"Energy Potion"},{"floor":6,"key":"PowerPotion"},{"floor":12,"key":"SpeedPotion"},{"floor":14,"key":"Explosive Potion"},{"floor":17,"key":"PowerPotion"},{"floor":22,"key":"Weak Potion"},{"floor":25,"key":"GamblersBrew"},{"floor":27,"key":"PowerPotion"},{"floor":29,"key":"GamblersBrew"}],"is_trial":false,"path_per_floor":["M","?","M","M","?","E","R","E","T","R","E","M","?","M","R","B",null,"M","$","?","?","M","R","M","E","T","M","E","M","M","M"],"character_chosen":"DEFECT","items_purchased":["Apotheosis"],"campfire_rested":0,"item_purchase_floors":[19],"current_hp_per_floor":[74,74,74,74,74,52,52,36,36,36,34,34,34,34,34,18,80,79,79,61,53,53,53,53,21,21,17,13,13,11,0],"gold":348,"neow_bonus":"UPGRADE_CARD","is_prod":false,"is_daily":false,"chose_seed":false,"campfire_upgraded":4,"win_rate":0,"timestamp":1553526341,"path_taken":["M","?","?","M","?","E","R","E","T","R","E","M","?","?","R","BOSS","M","$","?","?","M","R","?","E","T","M","E","M","M","M"],"build_version":"2019-01-23","purchased_purges":1,"victory":false,"max_hp_per_floor":[75,75,75,75,75,75,75,75,75,75,75,75,75,75,75,75,80,80,80,80,80,80,80,80,80,80,80,80,80,80,80],"card_choices":[{"not_picked":["Double Energy","Turbo"],"picked":"Leap","floor":1},{"not_picked":["Gash","Skim","Beam Cell"],"picked":"SKIP","floor":3},{"not_picked":["Conserve Battery","Coolheaded"],"picked":"FTL","floor":4},{"not_picked":["Streamline","Aggregate"],"picked":"Hologram","floor":6},{"not_picked":["Storm","Darkness"],"picked":"Ball Lightning","floor":8},{"not_picked":["Hologram","Heatsinks","Compile Driver"],"picked":"SKIP","floor":11},{"not_picked":["Coolheaded","Sweeping Beam"],"picked":"Go for the Eyes","floor":12},{"not_picked":["Sweeping Beam","Heatsinks"],"picked":"Glacier","floor":14},{"not_picked":["Core Surge","Buffer"],"picked":"Machine Learning","floor":16},{"not_picked":["Self Repair","Cold Snap"],"picked":"Conserve Battery","floor":17},{"not_picked":["Leap","Streamline","Doom and Gloom+1"],"picked":"SKIP","floor":18},{"not_picked":["Go for the Eyes","Double Energy"],"picked":"Skim","floor":20},{"not_picked":["Tempest","Gash","Streamline"],"picked":"SKIP","floor":22},{"not_picked":["Sweeping Beam","Machine Learning","Stack+1"],"picked":"SKIP","floor":24},{"not_picked":["Go for the Eyes","Turbo"],"picked":"All For One","floor":25},{"not_picked":["Redo","Compile Driver","Leap"],"picked":"SKIP","floor":27},{"not_picked":["Aggregate","Go for the Eyes+1"],"picked":"White Noise","floor":28},{"not_picked":["Streamline","Capacitor","Tempest"],"picked":"SKIP","floor":29},{"not_picked":["Turbo","Streamline","Redo"],"picked":"SKIP","floor":30}],"player_experience":75820,"relics_obtained":[{"floor":6,"key":"Boot"},{"floor":8,"key":"Lantern"},{"floor":9,"key":"Happy Flower"},{"floor":11,"key":"Potion Belt"},{"floor":20,"key":"Red Mask"},{"floor":25,"key":"Peace Pipe"},{"floor":26,"key":"Regal Pillow"},{"floor":28,"key":"Art of War"}],"event_choices":[{"damage_healed":0,"gold_gain":0,"player_choice":"Forge","damage_taken":0,"max_hp_gain":0,"max_hp_loss":0,"event_name":"Accursed Blacksmith","floor":2,"gold_loss":0,"cards_upgraded":["Dualcast"]},{"cards_removed":["Strike_B"],"damage_healed":0,"gold_gain":0,"player_choice":"Card Removal","damage_taken":0,"max_hp_gain":0,"max_hp_loss":0,"event_name":"The Cleric","floor":5,"gold_loss":50},{"damage_healed":0,"gold_gain":0,"player_choice":"Gave Potion","damage_taken":0,"relics_obtained":["Pocketwatch"],"max_hp_gain":0,"max_hp_loss":0,"event_name":"WeMeetAgain","floor":13,"gold_loss":0},{"damage_healed":0,"gold_gain":0,"player_choice":"Fought Bandits","damage_taken":0,"max_hp_gain":0,"max_hp_loss":0,"event_name":"Masked Bandits","floor":20,"gold_loss":0},{"damage_healed":0,"gold_gain":0,"player_choice":"","damage_taken":8,"max_hp_gain":0,"max_hp_loss":0,"event_name":"Knowing Skull","floor":21,"potions_obtained":[],"gold_loss":0,"cards_obtained":[]}],"is_beta":false,"boss_relics":[{"not_picked":["Coffee Dripper","Snecko Eye"],"picked":"Tiny House"}],"items_purged_floors":[19],"is_endless":false,"potions_floor_spawned":[3,4,6,12,14,22,25,27,29],"killed_by":"Shelled Parasite and Fungi","ascension_level":3}