{"gold_per_floor":[118,98,111,125,125,125,189,189,189,114,114,127,140,168,168,265,265,283,302,227,227,244,244,263,282,305,333,344,344,53,83,83,182,182,192,205,80,91,104,104,104],"floor_reached":41,"playtime":38573,"items_purged":["Defend_G","Strike_G","Strike_G"],"score":435,"play_id":"3cc694c6-c4b1-4c8a-9b95-17eade3322ac","local_time":"20190406080845","is_ascension_mode":false,"campfire_choices":[{"data":"Noxious Fumes","floor":6,"key":"SMITH"},{"floor":8,"key":"REST"},{"data":"Neutralize","floor":11,"key":"SMITH"},{"floor":15,"key":"REST"},{"floor":23,"key":"REST"},{"floor":29,"key":"REST"},{"floor":32,"key":"REST"},{"floor":40,"key":"REST"}],"neow_cost":"PERCENT_DAMAGE","seed_source_timestamp":6524989902343257,"circlet_count":0,"master_deck":["Strike_G+1","Strike_G+1","Strike_G","Survivor+1","Neutralize+1","Noxious Fumes+1","Eviscerate","Dagger Throw","Finisher","Bullet Time","Blade Dance+1","Tactician","After Image","Underhanded Strike+1","Escape Plan+1","Iron Wave","Expertise+1","Blade Dance+1","Tools of the Trade","Calculated Gamble+1","Predator+1","Endless Agony","Crippling Poison","Tools of the Trade","Finisher+1","Outmaneuver+1","Underhanded Strike+1","Well Laid Plans"],"relics":["Ring of the Snake","Happy Flower","Bottled Tornado","Whetstone","Fusion Hammer","Snake Skull","War Paint","Bag of Preparation","Bronze Scales","Cursed Key"],"potions_floor_usage":[14,16,16,33,38,39,41],"damage_taken":[{"damage":11,"enemies":"Small Slimes","floor":1,"turns":3},{"damage":1,"enemies":"Cultist","floor":3,"turns":4},{"damage":4,"enemies":"2 Louse","floor":4,"turns":4},{"damage":31,"enemies":"Lagavulin Event","floor":7,"turns":8},{"damage":8,"enemies":"2 Fungi Beasts","floor":12,"turns":3},{"damage":2,"enemies":"Looter","floor":13,"turns":3},{"damage":5,"enemies":"Gremlin Nob","floor":14,"turns":3},{"damage":20,"enemies":"Hexaghost","floor":16,"turns":6},{"damage":0,"enemies":"3 Byrds","floor":18,"turns":4},{"damage":18,"enemies":"2 Thieves","floor":19,"turns":4},{"damage":9,"enemies":"Chosen and Byrds","floor":22,"turns":5},{"damage":5,"enemies":"Centurion and Healer","floor":24,"turns":5},{"damage":0,"enemies":"Snecko","floor":25,"turns":4},{"damage":27,"enemies":"Book of Stabbing","floor":27,"turns":4},{"damage":11,"enemies":"Cultist and Chosen","floor":28,"turns":4},{"damage":22,"enemies":"Gremlin Leader","floor":31,"turns":3},{"damage":26,"enemies":"Collector","floor":33,"turns":6},{"damage":14,"enemies":"3 Darklings","floor":35,"turns":3},{"damage":13,"enemies":"Orb Walker","floor":36,"turns":2},{"damage":5,"enemies":"Spire Growth","floor":38,"turns":3},{"damage":21,"enemies":"Jaw Worm Horde","floor":39,"turns":2},{"damage":41,"enemies":"Nemesis","floor":41,"turns":3}],"seed_played":"-3794277663449295820","potions_obtained":[{"floor":1,"key":"Fire Potion"},{"floor":2,"key":"Poison Potion"},{"floor":3,"key":"FearPotion"},{"floor":13,"key":"Energy Potion"},{"floor":16,"key":"Poison Potion"},{"floor":19,"key":"AttackPotion"},{"floor":27,"key":"Block Potion"},{"floor":28,"key":"Explosive Potion"},{"floor":38,"key":"SpeedPotion"}],"is_trial":false,"path_per_floor":["M","?","M","M","?","R","?","R","T","$","R","M","M","E","R","B",null,"M","M","?","?","M","R","M","M","T","E","M","R","$","E","R","B",null,"M","M","$","M","M","R","E"],"character_chosen":"THE_SILENT","items_purchased":["Bag of Preparation","Endless Agony"],"campfire_rested":6,"item_purchase_floors":[30,30],"current_hp_per_floor":[38,38,37,33,33,33,2,23,23,23,23,15,13,8,29,9,70,70,52,52,52,43,64,59,59,59,32,21,42,42,20,41,15,70,56,43,43,38,17,38,0],"gold":104,"neow_bonus":"REMOVE_TWO","is_prod":false,"is_daily":false,"chose_seed":false,"campfire_upgraded":2,"win_rate":0.0,"timestamp":1554552525,"path_taken":["M","?","?","M","?","R","?","R","T","$","R","M","M","E","R","BOSS","M","M","?","?","M","R","M","M","T","E","M","R","$","E","R","BOSS","M","M","$","?","M","R","E"],"build_version":"2019-01-23","purchased_purges":3,"victory":false,"max_hp_per_floor":[70,70,70,70,70,70,70,70,70,70,70,70,70,70,70,70,70,70,70,70,70,70,70,70,70,70,70,70,70,70,70,70,70,70,70,70,70,70,70,70,70],"card_choices":[{"not_picked":["Deadly Poison","Poisoned Stab"],"picked":"Noxious Fumes","floor":1},{"not_picked":["Prepared","Blade Dance"],"picked":"Eviscerate","floor":3},{"not_picked":["Quick Slash","Reflex"],"picked":"Dagger Throw","floor":4},{"not_picked":["Deadly Poison","Masterful Stab"],"picked":"Finisher","floor":7},{"not_picked":["Outmaneuver","Sucker Punch"],"picked":"Bullet Time","floor":12},{"not_picked":["Poisoned Stab","Deflect"],"picked":"Blade Dance","floor":13},{"not_picked":["Dodge and Roll","PiercingWail"],"picked":"Tactician","floor":14},{"not_picked":["Night Terror","Malaise"],"picked":"After Image","floor":16},{"not_picked":["Backstab","Escape Plan"],"picked":"Underhanded Strike+1","floor":18},{"not_picked":["Heel Hook","Dodge and Roll+1"],"picked":"Escape Plan+1","floor":19},{"not_picked":["Riddle With Holes+1","Sucker Punch"],"picked":"Expertise+1","floor":22},{"not_picked":["Deflect","PiercingWail+1"],"picked":"Blade Dance+1","floor":24},{"not_picked":["Quick Slash","Tactician"],"picked":"Tools of the Trade","floor":25},{"not_picked":["Masterful Stab","Deadly Poison"],"picked":"Calculated Gamble+1","floor":27},{"not_picked":["Backflip","Underhanded Strike"],"picked":"Predator+1","floor":28},{"not_picked":["Sucker Punch","Flying Knee"],"picked":"Crippling Poison","floor":31},{"not_picked":["Glass Knife","Malaise"],"picked":"Tools of the Trade","floor":33},{"not_picked":["Flying Knee","Tactician"],"picked":"Finisher+1","floor":35},{"not_picked":["Flying Knee+1","Deflect+1"],"picked":"Outmaneuver+1","floor":36},{"not_picked":["Flying Knee+1","Prepared+1"],"picked":"Underhanded Strike+1","floor":38},{"not_picked":["Leg Sweep","Dagger Throw+1"],"picked":"Well Laid Plans","floor":39}],"player_experience":94848,"relics_obtained":[{"floor":7,"key":"Happy Flower"},{"floor":9,"key":"Bottled Tornado"},{"floor":14,"key":"Whetstone"},{"floor":26,"key":"Snake Skull"},{"floor":27,"key":"War Paint"},{"floor":31,"key":"Bronze Scales"}],"event_choices":[{"damage_healed":0,"gold_gain":0,"player_choice":"Bought 1 Potion","damage_taken":0,"max_hp_gain":0,"max_hp_loss":0,"event_name":"The Woman in Blue","floor":2,"gold_loss":0},{"damage_healed":0,"gold_gain":0,"player_choice":"Ignored","damage_taken":0,"max_hp_gain":0,"max_hp_loss":0,"event_name":"Shining Light","floor":5,"gold_loss":0},{"damage_healed":0,"gold_gain":0,"player_choice":"Searched \u00272\u0027 times","damage_taken":0,"max_hp_gain":0,"max_hp_loss":0,"event_name":"Dead Adventurer","floor":7,"gold_loss":0},{"cards_removed":["Defend_G"],"damage_healed":0,"gold_gain":0,"player_choice":"Gave Gold","damage_taken":0,"max_hp_gain":0,"max_hp_loss":0,"event_name":"Beggar","floor":20,"gold_loss":75},{"cards_removed":["Defend_G"],"damage_healed":0,"gold_gain":0,"player_choice":"Took Card","damage_taken":0,"max_hp_gain":0,"max_hp_loss":0,"event_name":"NoteForYourself","floor":21,"gold_loss":0,"cards_obtained":["Iron Wave"]}],"is_beta":false,"boss_relics":[{"not_picked":["Busted Crown","HoveringKite"],"picked":"Fusion Hammer"},{"not_picked":["Orrery","Lizard Tail"],"picked":"Cursed Key"}],"items_purged_floors":[10,30,37],"is_endless":false,"potions_floor_spawned":[1,3,13,16,19,27,28,38],"killed_by":"Nemesis","ascension_level":0}