{"gold_per_floor":[20,38,54,65,83,118,118,145,193,193,193,212,227,244,244,349,349,368,384,309,320,23,23,23,37,60,60,70,70,83,111,111,215,215,233,0,46,64,13,45,45,45,45,57,68,82,82,1,1,1],"floor_reached":51,"playtime":2432,"items_purged":["Thunderclap"],"score":788,"play_id":"e8dde44e-cbb2-46f2-b3f2-0637d6d27378","local_time":"20180711163700","is_ascension_mode":false,"campfire_choices":[{"floor":7,"key":"REST"},{"data":"Heavy Blade","floor":10,"key":"SMITH"},{"data":"Flex","floor":15,"key":"SMITH"},{"data":"Flex","floor":23,"key":"SMITH"},{"data":"Anger","floor":27,"key":"SMITH"},{"data":"Fire Breathing","floor":29,"key":"SMITH"},{"data":"Battle Trance","floor":32,"key":"SMITH"},{"data":"Heavy Blade","floor":42,"key":"SMITH"},{"data":"Twin Strike","floor":47,"key":"SMITH"},{"data":"Inflame","floor":49,"key":"SMITH"}],"neow_cost":"NO_GOLD","seed_source_timestamp":70061114322210,"circlet_count":0,"master_deck":["Feed","Heavy Blade+1","Battle Trance+1","Flex+1","Thunderclap","Sword Boomerang","Twin Strike+1","Anger+1","Heavy Blade+1","Whirlwind","Sword Boomerang","Flex+1","Fire Breathing+1","Fire Breathing+1","Flex+1","Flex+1","Shrug It Off+1","Inflame+1"],"relics":["Burning Blood","Anchor","Oddly Smooth Stone","Whetstone","Pear","Pandora\u0027s Box","Omamori","Vajra","Orichalcum","Cursed Key","Red Mask","Torii","Mercury Hourglass","Kunai"],"potions_floor_usage":[4,6,8,13,16,28,30,31,40,50,50,50],"damage_taken":[{"damage":1,"enemies":"Jaw Worm","floor":1,"turns":5},{"damage":5,"enemies":"Cultist","floor":2,"turns":4},{"damage":12,"enemies":"Small Slimes","floor":3,"turns":3},{"damage":27,"enemies":"2 Fungi Beasts","floor":4,"turns":4},{"damage":6,"enemies":"Exordium Wildlife","floor":5,"turns":3},{"damage":24,"enemies":"Gremlin Nob","floor":6,"turns":4},{"damage":25,"enemies":"3 Sentries","floor":8,"turns":14},{"damage":4,"enemies":"Exordium Thugs","floor":12,"turns":4},{"damage":8,"enemies":"Gremlin Gang","floor":13,"turns":5},{"damage":0,"enemies":"3 Louse","floor":14,"turns":3},{"damage":58,"enemies":"The Guardian","floor":16,"turns":13},{"damage":0,"enemies":"3 Byrds","floor":18,"turns":2},{"damage":10,"enemies":"Spheric Guardian","floor":19,"turns":3},{"damage":32,"enemies":"Snake Plant","floor":21,"turns":3},{"damage":10,"enemies":"Cultist and Chosen","floor":25,"turns":4},{"damage":0,"enemies":"Centurion and Healer","floor":28,"turns":4},{"damage":10,"enemies":"Sentry and Sphere","floor":30,"turns":3},{"damage":20,"enemies":"Book of Stabbing","floor":31,"turns":3},{"damage":76,"enemies":"Champ","floor":33,"turns":7},{"damage":1,"enemies":"3 Darklings","floor":35,"turns":2},{"damage":12,"floor":37,"turns":3},{"damage":1,"enemies":"Orb Walker","floor":38,"turns":2},{"damage":8,"enemies":"2 Orb Walkers","floor":40,"turns":3},{"damage":5,"enemies":"Sphere and 2 Shapes","floor":44,"turns":1},{"damage":0,"enemies":"Maw","floor":45,"turns":4},{"damage":9,"enemies":"4 Shapes","floor":46,"turns":3},{"damage":48,"enemies":"Donu and Deca","floor":50,"turns":5}],"seed_played":"804797262181617971","potions_obtained":[{"floor":1,"key":"Weak Potion"},{"floor":2,"key":"Poison Potion"},{"floor":5,"key":"Dexterity Potion"},{"floor":6,"key":"Energy Potion"},{"floor":13,"key":"FearPotion"},{"floor":16,"key":"Weak Potion"},{"floor":25,"key":"LiquidBronze"},{"floor":28,"key":"Ancient Potion"},{"floor":30,"key":"AttackPotion"},{"floor":33,"key":"EssenceOfSteel"},{"floor":37,"key":"PowerPotion"},{"floor":45,"key":"Explosive Potion"}],"is_trial":false,"path_per_floor":["M","M","M","M","M","E","R","E","T","R","?","M","M","M","R","B",null,"M","M","?","M","$","R","?","M","T","R","M","R","M","E","R","B",null,"M","?","?","M","$","E","$","R","T","M","M","M","R","$","R","B"],"character_chosen":"IRONCLAD","items_purchased":["Omamori","GamblersBrew","Swift Potion","Inflame"],"campfire_rested":1,"item_purchase_floors":[22,22,39,48],"current_hp_per_floor":[83,86,83,65,68,53,82,66,66,66,76,81,82,91,91,39,120,120,116,116,93,93,93,93,92,92,92,101,101,100,98,98,28,135,138,138,135,140,140,138,138,138,138,142,147,144,144,144,144,105],"gold":1,"neow_bonus":"THREE_RARE_CARDS","is_prod":false,"is_daily":false,"chose_seed":false,"campfire_upgraded":9,"win_rate":0.0,"timestamp":1531352220,"path_taken":["M","M","M","M","M","E","R","E","T","R","?","M","?","M","R","BOSS","M","M","?","M","$","R","?","M","T","R","?","R","M","E","R","BOSS","M","?","?","?","?","E","$","R","T","?","M","M","R","?","R","BOSS"],"build_version":"2018-07-05","purchased_purges":1,"victory":true,"max_hp_per_floor":[83,86,89,92,95,98,98,101,101,101,111,114,117,120,120,120,120,120,120,120,123,123,123,123,126,126,126,129,129,132,135,135,135,135,138,138,141,141,141,141,141,141,141,144,147,147,147,147,147,150],"card_choices":[{"not_picked":["Demon Form","Impervious"],"picked":"Feed","floor":0},{"not_picked":["Uppercut","Infernal Blade"],"picked":"Heavy Blade","floor":1},{"not_picked":["True Grit","Reckless Charge"],"picked":"Battle Trance","floor":2},{"not_picked":["Carnage","Cleave","Body Slam"],"picked":"SKIP","floor":3},{"not_picked":["Twin Strike","Hemokinesis","Havoc"],"picked":"SKIP","floor":4},{"not_picked":["Heavy Blade","Intimidate","True Grit"],"picked":"SKIP","floor":5},{"not_picked":["Fiend Fire","Anger","Bloodletting"],"picked":"SKIP","floor":6},{"not_picked":["Rupture","Corruption","Hemokinesis"],"picked":"SKIP","floor":8},{"not_picked":["Havoc","Twin Strike"],"picked":"Flex","floor":12},{"not_picked":["Pummel","Sword Boomerang","Power Through"],"picked":"SKIP","floor":13},{"not_picked":["Warcry","Cleave","Iron Wave"],"picked":"SKIP","floor":14},{"not_picked":["Perfected Strike+1","Warcry"],"picked":"Fire Breathing+1","floor":18},{"not_picked":["Armaments","Pommel Strike","Iron Wave"],"picked":"SKIP","floor":19},{"not_picked":["Armaments","Evolve+1","Infernal Blade+1"],"picked":"SKIP","floor":21},{"not_picked":["Iron Wave","Bloodletting","Warcry"],"picked":"SKIP","floor":25},{"not_picked":["Shockwave","Sentinel"],"picked":"Fire Breathing","floor":28},{"not_picked":["Power Through","Shrug It Off","Rupture"],"picked":"SKIP","floor":30},{"not_picked":["Shockwave","Rupture+1","Havoc+1"],"picked":"SKIP","floor":31},{"not_picked":["Whirlwind","Uppercut+1"],"picked":"Flex+1","floor":35},{"not_picked":["Heavy Blade+1","Intimidate","True Grit+1"],"picked":"SKIP","floor":38},{"not_picked":["Armaments+1","Rupture+1","Anger+1"],"picked":"SKIP","floor":40},{"not_picked":["Impervious","Flame Barrier+1"],"picked":"Flex+1","floor":44},{"not_picked":["Rage+1","Disarm","Flex"],"picked":"SKIP","floor":45},{"not_picked":["Body Slam","Combust"],"picked":"Shrug It Off+1","floor":46}],"player_experience":62598,"relics_obtained":[{"floor":6,"key":"Anchor"},{"floor":8,"key":"Oddly Smooth Stone"},{"floor":9,"key":"Whetstone"},{"floor":26,"key":"Vajra"},{"floor":31,"key":"Orichalcum"},{"floor":37,"key":"Torii"},{"floor":40,"key":"Mercury Hourglass"},{"floor":43,"key":"Kunai"}],"event_choices":[{"event_name":"Accursed Blacksmith","player_choice":"Rummage","floor":11,"damage_taken":0},{"event_name":"Beggar","player_choice":"Gave Gold","floor":20,"damage_taken":0},{"event_name":"Cursed Tome","player_choice":"Ignored","floor":24,"damage_taken":0},{"event_name":"Tomb of Lord Red Mask","player_choice":"Paid","floor":36,"damage_taken":0},{"event_name":"Mysterious Sphere","player_choice":"Fight","floor":37,"damage_taken":0}],"boss_relics":[{"not_picked":["Black Blood","Astrolabe"],"picked":"Pandora\u0027s Box"},{"not_picked":["Runic Cube","Coffee Dripper"],"picked":"Cursed Key"}],"items_purged_floors":[22],"is_endless":false,"potions_floor_spawned":[1,2,5,6,13,16,25,28,30,33,37,38,45],"ascension_level":0}