{"gold_per_floor":[111,211,3,15,29,29,54,54,54,54,68,68,0,32,32,32],"floor_reached":16,"playtime":365,"items_purged":[],"score":113,"play_id":"d79f18ad-b70d-4df3-b08f-0ee28ca10f13","local_time":"20181226210801","is_ascension_mode":true,"campfire_choices":[{"data":"Ball Lightning","floor":6,"key":"SMITH"},{"floor":8,"key":"REST"},{"floor":12,"key":"REST"},{"floor":15,"key":"REST"}],"neow_cost":"NONE","seed_source_timestamp":518274111481681,"circlet_count":0,"master_deck":["Strike_B","Strike_B","Strike_B","Strike_B","Defend_B","Defend_B","Defend_B","Defend_B","Zap+1","Dualcast","Ball Lightning+1","Hologram","Cold Snap","Pain","Blizzard","Zap","Turbo","Loop+1","Steam"],"relics":["Cracked Core","Runic Capacitor","Dodecahedron","Frozen Egg 2","Kunai"],"potions_floor_usage":[],"damage_taken":[{"damage":1,"enemies":"Jaw Worm","floor":1,"turns":4},{"damage":0,"enemies":"Cultist","floor":4,"turns":3},{"damage":6,"enemies":"Small Slimes","floor":5,"turns":3},{"damage":35,"enemies":"Gremlin Nob","floor":7,"turns":4},{"damage":18,"enemies":"Red Slaver","floor":11,"turns":2},{"damage":23,"enemies":"3 Sentries","floor":14,"turns":5},{"damage":61,"enemies":"The Guardian","floor":16,"turns":8}],"seed_played":"-8485013953174416410","potions_obtained":[{"floor":1,"key":"SkillPotion"}],"is_trial":false,"path_per_floor":["M","?","$","M","M","R","E","R","T","?","M","R","$","E","R","B"],"character_chosen":"DEFECT","items_purchased":["Runic Capacitor","Loop+1"],"campfire_rested":3,"item_purchase_floors":[3,13],"current_hp_per_floor":[74,74,74,74,68,68,33,55,55,55,37,59,59,36,58,0],"gold":32,"neow_bonus":"UPGRADE_CARD","is_prod":false,"is_daily":false,"chose_seed":false,"campfire_upgraded":1,"win_rate":0,"timestamp":1545880081,"path_taken":["M","?","$","?","?","R","E","R","T","?","?","R","?","E","R","BOSS"],"build_version":"2018-12-20","purchased_purges":0,"victory":false,"max_hp_per_floor":[75,75,75,75,75,75,75,75,75,75,75,75,75,75,75,75],"card_choices":[{"not_picked":["FTL","Compile Driver"],"picked":"Ball Lightning","floor":1},{"not_picked":["Force Field","Darkness"],"picked":"Hologram","floor":4},{"not_picked":["Tempest","Undo","Barrage"],"picked":"SKIP","floor":5},{"not_picked":["Melter","Beam Cell"],"picked":"Cold Snap","floor":7},{"not_picked":["Rip and Tear","Gash"],"picked":"Turbo","floor":11},{"not_picked":["Beam Cell","Hologram"],"picked":"Steam","floor":14}],"player_experience":125749,"relics_obtained":[{"floor":7,"key":"Dodecahedron"},{"floor":9,"key":"Frozen Egg 2"},{"floor":14,"key":"Kunai"}],"event_choices":[{"damage_healed":0,"gold_gain":100,"player_choice":"Pray","damage_taken":0,"max_hp_gain":0,"max_hp_loss":0,"event_name":"Golden Shrine","floor":2,"gold_loss":0},{"damage_healed":0,"gold_gain":0,"player_choice":"3 cards matched","damage_taken":0,"max_hp_gain":0,"max_hp_loss":0,"event_name":"Match and Keep!","floor":10,"gold_loss":0,"cards_obtained":["Pain","Blizzard","Zap"]}],"is_beta":false,"boss_relics":[],"items_purged_floors":[],"is_endless":false,"potions_floor_spawned":[1],"killed_by":"The Guardian","ascension_level":1}