{"gold_per_floor":[112,122,122,206,55,90,90,107,160,175,189,219,239,256,256,256],"floor_reached":16,"playtime":584,"items_purged":["Strike_B"],"score":271,"play_id":"0a0d53a6-1b71-4b6c-8a8a-b84945a1ebff","local_time":"20190329125351","is_ascension_mode":true,"campfire_choices":[{"data":"BasicCrystalCard","floor":7,"key":"SMITH"},{"floor":15,"key":"REST"}],"neow_cost":"NONE","seed_source_timestamp":747726368671646,"circlet_count":0,"master_deck":["AscendersBane","Strike_B","Strike_B","Strike_B+1","Defend_B","Defend_B","Defend_B+1","Defend_B","Zap","Dualcast","Rebound+1","Conserve Battery","Redo","BasicCrystalCard+1","Defragment","Buffer","Conserve Battery","Cold Snap","Leap","Coolheaded","White Noise","Chill"],"relics":["Cracked Core","NeowsBlessing","Omamori","Whetstone","Bag of Marbles","Solar Panel"],"potions_floor_usage":[10,12,13],"damage_taken":[{"damage":0,"enemies":"Small Slimes","floor":1,"turns":1},{"damage":0,"enemies":"2 Louse","floor":2,"turns":1},{"damage":0,"enemies":"Gremlin Nob","floor":6,"turns":1},{"damage":0,"enemies":"Cultist","floor":8,"turns":3},{"damage":0,"enemies":"Gremlin Gang","floor":10,"turns":1},{"damage":23,"enemies":"Lots of Slimes","floor":11,"turns":6},{"damage":35,"enemies":"3 Sentries","floor":12,"turns":7},{"damage":0,"enemies":"3 Louse","floor":13,"turns":2},{"damage":4,"enemies":"2 Fungi Beasts","floor":14,"turns":4},{"damage":21,"enemies":"Fading Forest","floor":16,"turns":7}],"seed_played":"-2396595099724195850","potions_obtained":[{"floor":2,"key":"Dexterity Potion"},{"floor":6,"key":"Explosive Potion"},{"floor":11,"key":"Reflective Coating"},{"floor":12,"key":"Fire Potion"}],"is_trial":false,"path_per_floor":["M","M","?","?","$","E","R","M","T","M","M","E","M","M","R","B"],"character_chosen":"DEFECT","items_purchased":["Defragment"],"campfire_rested":1,"item_purchase_floors":[5],"current_hp_per_floor":[64,64,64,64,64,64,64,64,64,64,41,6,10,10,31,18],"gold":256,"neow_bonus":"THREE_ENEMY_KILL","is_prod":false,"is_daily":false,"chose_seed":false,"campfire_upgraded":1,"win_rate":0,"timestamp":1553882031,"path_taken":["M","M","?","?","$","E","R","M","T","?","M","E","M","?","R","BOSS"],"build_version":"2019-01-23","purchased_purges":1,"victory":false,"max_hp_per_floor":[71,71,71,71,71,71,71,71,71,71,71,71,71,71,71,71],"card_choices":[{"not_picked":["Turbo","Conserve Battery"],"picked":"Rebound","floor":1},{"not_picked":["Steam Power","Beam Cell"],"picked":"Conserve Battery","floor":2},{"not_picked":["Melter","Ball Lightning"],"picked":"Redo","floor":4},{"not_picked":["Ball Lightning","Chaos"],"picked":"BasicCrystalCard","floor":4},{"not_picked":["Coolheaded","Stack"],"picked":"Buffer","floor":6},{"not_picked":["Steam","Turbo"],"picked":"Conserve Battery","floor":8},{"not_picked":["Turbo","Stack"],"picked":"Cold Snap","floor":10},{"not_picked":["Panic Button","Barrage"],"picked":"Leap","floor":11},{"not_picked":["Thunder Strike","Force Field"],"picked":"Coolheaded","floor":12},{"not_picked":["ReplayTheSpireMod:System Scan","Barrage"],"picked":"White Noise","floor":13},{"not_picked":["Beam Cell","Barrage"],"picked":"Chill","floor":14}],"player_experience":867157,"relics_obtained":[{"floor":4,"key":"Omamori"},{"floor":6,"key":"Whetstone"},{"floor":9,"key":"Bag of Marbles"},{"floor":12,"key":"Solar Panel"}],"event_choices":[],"is_beta":false,"boss_relics":[],"items_purged_floors":[5],"is_endless":false,"potions_floor_spawned":[2,6,11,12],"killed_by":"Fading Forest","ascension_level":19}