{"path_per_floor":["M","M","M","M","?","R","E","R","T","R","E","?","M","M","R","B",null,"M","?","M","$","M","E","R","?","T","E","M","M","E","$","R","B",null,"M","?","M","$","?","R","M","R","T","R","M","R","?","M","R","B"],"character_chosen":"THE_SILENT","items_purchased":["Snake Skull","Oddly Smooth Stone","Noxious Fumes","Footwork","Heel Hook"],"gold_per_floor":[119,136,149,163,163,163,188,188,215,215,248,248,265,284,284,385,385,402,402,412,37,48,80,80,80,103,134,152,162,194,18,18,122,122,135,135,147,2,47,47,65,65,65,65,85,85,85,96,96,96],"floor_reached":51,"campfire_rested":3,"playtime":3127,"current_hp_per_floor":[70,70,70,68,54,60,46,52,52,58,44,49,48,41,49,26,75,68,68,68,68,65,55,63,53,53,32,18,7,10,10,44,14,81,72,72,40,40,26,38,28,40,40,52,22,58,48,48,81,37],"items_purged":["Strike_G","Strike_G"],"gold":96,"score":593,"play_id":"697f6394-0dfd-4b50-a086-f7f3ca7bc7d2","is_prod":false,"is_daily":false,"is_ascension_mode":false,"campfire_upgraded":5,"path_taken":["M","M","M","M","?","R","E","R","T","R","E","?","M","M","R","BOSS","M","?","M","$","M","E","R","?","T","E","M","M","E","$","R","BOSS","M","?","M","$","?","R","M","R","T","R","M","R","?","M","R","BOSS"],"build_version":"2018-02-08-BETA1","purchased_purges":4,"victory":true,"master_deck":["Defend_G","Defend_G","Defend_G","Defend_G","Survivor","Neutralize+1","Deadly Poison","Deadly Poison+1","Backflip","Bane+1","Crippling Poison+1","Terror","Dash+1","A Thousand Cuts","Deadly Poison+1","Flying Knee","Doppelganger","Blur","Necronomicurse","Backflip","Dodge and Roll","Flying Knee+1","Corpse Explosion","Noxious Fumes","A Thousand Cuts","Outmaneuver+1","Deadly Poison+1","Footwork+1","Heel Hook","PiercingWail","Leg Sweep+1","Backflip+1","Madness","Madness"],"max_hp_per_floor":[70,70,70,70,70,70,70,70,70,70,70,75,75,75,75,75,75,75,75,75,75,75,75,75,81,81,81,81,81,81,81,81,81,81,81,81,81,81,81,81,81,81,81,81,81,81,81,81,81,81],"relics":["Eternal Feather","Darkstone Periapt","Lantern","Peace Pipe","Velvet Choker","Snake Skull","Oddly Smooth Stone","Bottled Tornado","Necronomicon","Bag of Marbles","Juzu Bracelet","Dodecahedron","The Specimen","Calipers","Whetstone"],"card_choices":[{"not_picked":["Acrobatics","Dagger Spray"],"picked":"Deadly Poison"},{"not_picked":["Malaise","Skewer"],"picked":"Deadly Poison"},{"not_picked":["PiercingWail","Eviscerate"],"picked":"Backflip"},{"not_picked":["Cloak And Dagger","Heel Hook"],"picked":"Bane"},{"not_picked":["Sucker Punch","Slice"],"picked":"Crippling Poison"},{"not_picked":["Finisher","Prepared"],"picked":"Night Terror"},{"not_picked":["All Out Attack","Concentrate"],"picked":"Terror"},{"not_picked":["Skewer","Prepared"],"picked":"Dash"},{"not_picked":["Bullet Time","Unload"],"picked":"A Thousand Cuts"},{"not_picked":["Calculated Gamble","Riddle With Holes"],"picked":"Deadly Poison"},{"not_picked":["Slice","Prepared"],"picked":"Flying Knee"},{"not_picked":["Eviscerate","Flechettes"],"picked":"Doppelganger"},{"not_picked":["Quick Slash","Reflex"],"picked":"Blur"},{"not_picked":["Slice","Concentrate"],"picked":"Backflip"},{"not_picked":["Dagger Throw","Finisher"],"picked":"Dodge and Roll"},{"not_picked":["Dagger Throw","Choke"],"picked":"Flying Knee"},{"not_picked":["Dagger Throw","Distraction"],"picked":"Corpse Explosion"},{"not_picked":["Wraith Form","Bullet Time"],"picked":"A Thousand Cuts"},{"not_picked":["Dodge and Roll","Prepared"],"picked":"Outmaneuver"},{"not_picked":["Outmaneuver","PiercingWail"],"picked":"Deadly Poison"},{"not_picked":["Flechettes","Deadly Poison"],"picked":"PiercingWail"},{"not_picked":["Backflip","Poisoned Stab"],"picked":"Leg Sweep"},{"not_picked":["Leg Sweep","Flying Knee"],"picked":"Backflip"}],"player_experience":99166,"potions_floor_usage":[7,18,18,22,23,27,28,30,33,39,45,50],"damage_taken":[{"damage":0,"enemies":"Cultist","floor":1,"turns":5},{"damage":0,"enemies":"2 Louse","floor":2,"turns":3},{"damage":0,"enemies":"Small Slimes","floor":3,"turns":5},{"damage":2,"enemies":"Looter","floor":4,"turns":4},{"damage":14,"enemies":"3 Sentries","floor":7,"turns":10},{"damage":14,"enemies":"Gremlin Nob","floor":11,"turns":4},{"damage":1,"enemies":"2 Fungi Beasts","floor":13,"turns":3},{"damage":7,"enemies":"Lots of Slimes","floor":14,"turns":6},{"damage":23,"enemies":"Hexaghost","floor":16,"turns":10},{"damage":7,"enemies":"2 Thieves","floor":18,"turns":4},{"damage":0,"enemies":"Chosen","floor":20,"turns":4},{"damage":3,"enemies":"Centurion and Healer","floor":22,"turns":6},{"damage":10,"enemies":"Book of Stabbing","floor":23,"turns":5},{"damage":21,"enemies":"Slavers","floor":27,"turns":6},{"damage":14,"enemies":"Cultist and Chosen","floor":28,"turns":7},{"damage":11,"enemies":"Chosen and Byrds","floor":29,"turns":7},{"damage":12,"enemies":"Book of Stabbing","floor":30,"turns":5},{"damage":30,"enemies":"Collector","floor":33,"turns":9},{"damage":9,"enemies":"Orb Walker","floor":35,"turns":4},{"damage":32,"enemies":"Flame Bruiser 1 Orb","floor":37,"turns":6},{"damage":14,"enemies":"Mysterious Sphere","floor":39,"turns":6},{"damage":10,"enemies":"3 Darklings","floor":41,"turns":6},{"damage":30,"enemies":"Flame Bruiser 2 Orb","floor":45,"turns":7},{"damage":0,"enemies":"Maw","floor":48,"turns":7},{"damage":44,"enemies":"Donu and Deca","floor":50,"turns":10}],"event_choices":[{"event_name":"Shining Light","player_choice":"Entered Light","floor":5,"damage_taken":0},{"event_name":"Big Fish","player_choice":"Donut","floor":12,"damage_taken":0},{"event_name":"Bonfire Elementals","player_choice":"BASIC","floor":19,"damage_taken":0},{"event_name":"Cursed Tome","player_choice":"Obtained Book","floor":25,"damage_taken":0},{"event_name":"Mysterious Sphere","player_choice":"Fight","floor":39,"damage_taken":0},{"event_name":"Winding Halls","player_choice":"Embrace Madness","floor":47,"damage_taken":0}],"boss_relics":[{"not_picked":["Runic Dome","Ectoplasm"],"picked":"Velvet Choker"},{"not_picked":["Tiny House","Astrolabe"],"picked":"The Specimen"}],"potions_floor_spawned":[2,3,13,14,20,23,27,29,30,35,41,45],"seed_played":"4914656639496095161","ascension_level":0,"is_trial":false}