{"gold_per_floor":[112,35,35,50,65,65,83,3,3,22,22,22,41,53,53,158,158,169,0,0],"floor_reached":20,"playtime":899,"items_purged":[],"score":224,"play_id":"0280e3ab-3dfd-4521-9156-12c9067d717f","local_time":"20190227112049","is_ascension_mode":true,"campfire_choices":[{"data":"Capacitor","floor":6,"key":"SMITH"},{"floor":12,"key":"REST"},{"floor":15,"key":"REST"}],"neow_cost":"CURSE","seed_source_timestamp":815374727427811,"circlet_count":0,"master_deck":["Strike_B","Defend_B","Defend_B","Defend_B","Defend_B","Zap","Dualcast","Injury","Echo Form","Machine Learning","Blizzard","Loop","Coolheaded","Capacitor+1","Barrage","Defragment","Defragment","BootSequence","Ball Lightning","Buffer","Reboot"],"relics":["Cracked Core","Pocketwatch","Gambling Chip","Nuclear Battery"],"potions_floor_usage":[5,10,14],"damage_taken":[{"damage":16,"enemies":"2 Louse","floor":1,"turns":3},{"damage":0,"enemies":"Cultist","floor":4,"turns":5},{"damage":7,"enemies":"Jaw Worm","floor":5,"turns":6},{"damage":15,"enemies":"3 Louse","floor":7,"turns":6},{"damage":5,"enemies":"2 Fungi Beasts","floor":10,"turns":3},{"damage":4,"enemies":"Red Slaver","floor":13,"turns":5},{"damage":13,"enemies":"Exordium Thugs","floor":14,"turns":4},{"damage":17,"enemies":"Slime Boss","floor":16,"turns":9},{"damage":31,"enemies":"Shell Parasite","floor":18,"turns":7},{"damage":7,"enemies":"3 Byrds","floor":20,"turns":2}],"seed_played":"4152054676621647222","potions_obtained":[{"floor":4,"key":"Energy Potion"},{"floor":7,"key":"Explosive Potion"},{"floor":13,"key":"AttackPotion"}],"is_trial":false,"path_per_floor":["M","$","?","M","M","R","M","$","T","M","?","R","M","M","R","B",null,"M","?","M"],"character_chosen":"DEFECT","items_purchased":["Loop","Defragment"],"campfire_rested":2,"item_purchase_floors":[2,8],"current_hp_per_floor":[52,52,52,52,45,45,30,30,30,25,13,35,31,18,40,23,62,31,31,24],"gold":0,"neow_bonus":"TRANSFORM_TWO_CARDS","is_prod":false,"is_daily":false,"chose_seed":false,"campfire_upgraded":1,"win_rate":0,"timestamp":1551288049,"path_taken":["M","$","?","M","M","R","?","?","T","?","?","R","M","M","R","BOSS","M","?","M"],"build_version":"2019-01-23","purchased_purges":0,"victory":false,"max_hp_per_floor":[75,75,75,75,75,75,75,75,75,75,75,75,75,75,75,75,75,75,75,75],"card_choices":[{"not_picked":["Streamline","Go for the Eyes"],"picked":"Blizzard","floor":1},{"not_picked":["Hologram","Go for the Eyes"],"picked":"Capacitor","floor":4},{"not_picked":["Recycle","Turbo"],"picked":"Barrage","floor":5},{"not_picked":["Steam","Reinforced Body"],"picked":"Defragment","floor":7},{"not_picked":["Gash","Streamline"],"picked":"BootSequence","floor":10},{"not_picked":["Gash","Genetic Algorithm"],"picked":"Ball Lightning","floor":13},{"not_picked":["Beam Cell","Aggregate"],"picked":"Buffer","floor":14},{"not_picked":["Multi-Cast","Biased Cognition"],"picked":"Reboot","floor":16},{"not_picked":["Streamline","Turbo","Beam Cell+1"],"picked":"SKIP","floor":18}],"player_experience":565201,"relics_obtained":[{"floor":9,"key":"Pocketwatch"}],"event_choices":[{"damage_healed":0,"gold_gain":0,"cards_transformed":["Strike_B"],"player_choice":"Transformed","damage_taken":0,"max_hp_gain":0,"max_hp_loss":0,"event_name":"Transmorgrifier","floor":3,"gold_loss":0,"cards_obtained":["Coolheaded"]},{"damage_healed":0,"gold_gain":0,"player_choice":"Success","damage_taken":12,"relics_obtained":["Gambling Chip"],"max_hp_gain":0,"max_hp_loss":0,"event_name":"Scrap Ooze","floor":11,"gold_loss":0},{"damage_healed":0,"gold_gain":0,"player_choice":"Paid Fearfully","damage_taken":0,"max_hp_gain":0,"max_hp_loss":0,"event_name":"Masked Bandits","floor":19,"gold_loss":169}],"is_beta":false,"boss_relics":[{"not_picked":["White Beast Statue","Snecko Eye"],"picked":"Nuclear Battery"}],"items_purged_floors":[],"is_endless":false,"potions_floor_spawned":[4,7,13],"killed_by":"3 Byrds","ascension_level":7}