{"gold_per_floor":[110,110,110,120,120,149,149,176,225,225,239,249,268,286,286,286],"floor_reached":16,"playtime":1315,"items_purged":[],"score":118,"play_id":"def07331-11d5-438a-9f05-c8ddc0213f68","local_time":"20190312235552","is_ascension_mode":true,"campfire_choices":[{"data":"Toxin Wave","floor":7,"key":"SMITH"},{"floor":10,"key":"REST"},{"floor":15,"key":"DIG"}],"neow_cost":"NONE","seed_source_timestamp":970593187809789,"circlet_count":0,"master_deck":["Defend_G","Defend_G","Defend_G","Defend_G","Defend_G","Strike_G","Strike_G","Strike_G","Strike_G","Strike_G","Survivor","Neutralize","Toxin Wave+1","RemiliaMod:CYMZW","Backflip","Backflip","Dash","Dagger Spray","Footwork","Blade Dance","Outmaneuver"],"relics":["Ring of the Snake","GremlinMask","hubris:SlimyHat","Arrowhead","Replay:Rubber Ducky","Thread and Needle"],"potions_floor_usage":[6,8,8,8,16,16],"damage_taken":[{"damage":1,"enemies":"2 Louse","floor":1,"turns":3},{"damage":0,"enemies":"Small Slimes","floor":4,"turns":3},{"damage":56,"enemies":"Lagavulin","floor":6,"turns":12},{"damage":14,"enemies":"3 Sentries","floor":8,"turns":11},{"damage":1,"enemies":"Cultist","floor":11,"turns":5},{"damage":2,"enemies":"Gremlin Gang","floor":12,"turns":3},{"damage":7,"enemies":"Exordium Wildlife","floor":13,"turns":4},{"damage":0,"enemies":"Blue Slaver","floor":14,"turns":4},{"damage":19,"enemies":"Hexaghost","floor":16,"turns":21}],"seed_played":"5243919814016784466","potions_obtained":[{"floor":0,"key":"Energy Potion"},{"floor":0,"key":"Languid Potion"},{"floor":0,"key":"Elixir"},{"floor":6,"key":"Adrenaline Potion"},{"floor":11,"key":"Elixir"},{"floor":14,"key":"Explosive Potion"}],"is_trial":false,"path_per_floor":["M","?","?","M","?","E","R","E","T","R","M","M","M","M","R","B"],"character_chosen":"THE_SILENT","items_purchased":[],"campfire_rested":1,"item_purchase_floors":[],"current_hp_per_floor":[69,69,74,74,74,18,18,4,4,26,25,23,16,16,16,0],"gold":286,"neow_bonus":"THREE_SMALL_POTIONS","is_prod":false,"is_daily":false,"chose_seed":false,"campfire_upgraded":1,"win_rate":0,"timestamp":1552460152,"path_taken":["M","?","?","M","?","E","R","E","T","R","M","?","M","?","R","BOSS"],"build_version":"2019-01-23","purchased_purges":0,"victory":false,"max_hp_per_floor":[70,70,75,75,75,75,75,75,75,75,75,75,75,75,75,75],"card_choices":[{"not_picked":["Outmaneuver","Deflect"],"picked":"Toxin Wave","floor":1},{"not_picked":["Outmaneuver","ReplayTheSpireMod:The Works"],"picked":"Backflip","floor":4},{"not_picked":["Reflex","Cloak And Dagger"],"picked":"Backflip","floor":6},{"not_picked":["Cloak And Dagger","After Image"],"picked":"Dash","floor":8},{"not_picked":["Underhanded Strike","Fluid Movement"],"picked":"Dagger Spray","floor":11},{"not_picked":["Cloak And Dagger","Deflect"],"picked":"Footwork","floor":12},{"not_picked":["Skewer","Acrobatics"],"picked":"Blade Dance","floor":13},{"not_picked":["Quick Slash","Dodge and Roll"],"picked":"Outmaneuver","floor":14}],"player_experience":267828,"relics_obtained":[{"floor":6,"key":"hubris:SlimyHat"},{"floor":8,"key":"Arrowhead"},{"floor":9,"key":"Replay:Rubber Ducky"},{"floor":15,"key":"Thread and Needle"}],"event_choices":[{"damage_healed":0,"gold_gain":0,"player_choice":"Disagree","damage_taken":0,"max_hp_gain":0,"max_hp_loss":0,"event_name":"conspire:LoneGhost","floor":2,"gold_loss":0},{"damage_healed":0,"gold_gain":0,"player_choice":"CYMZW","damage_taken":0,"max_hp_gain":5,"max_hp_loss":0,"event_name":"Remilia_CDSJ09","floor":3,"gold_loss":0},{"damage_healed":0,"gold_gain":0,"player_choice":"Trade","damage_taken":0,"relics_obtained":["GremlinMask"],"max_hp_gain":0,"max_hp_loss":0,"event_name":"FaceTrader","floor":5,"gold_loss":0}],"is_beta":false,"boss_relics":[],"items_purged_floors":[],"is_endless":false,"potions_floor_spawned":[6,11,14],"killed_by":"Hexaghost","ascension_level":1}