{"gold_per_floor":[113,113,188,188,363,363,393,393,420,440,473,473,506,526,526,631,631,646,571,589,589,589,589,589],"floor_reached":24,"playtime":923,"items_purged":[],"score":247,"play_id":"a7edfdf0-49e9-438c-a50d-5211a97da864","local_time":"20190324111310","is_ascension_mode":true,"campfire_choices":[{"data":"Bash","floor":6,"key":"SMITH"},{"data":"Uppercut","floor":8,"key":"SMITH"},{"data":"Rampage","floor":12,"key":"SMITH"},{"data":"Defend_R","floor":15,"key":"SMITH"},{"floor":23,"key":"REST"}],"neow_cost":"NONE","seed_source_timestamp":837156296011635,"circlet_count":0,"master_deck":["Strike_R+1","Strike_R","Strike_R","Strike_R","Defend_R","Defend_R","Defend_R","Defend_R+1","Bash+1","Cleave+1","Uppercut+1","Dual Wield","Rampage+1","Barricade","Inflame+1","Decay"],"relics":["Burning Blood","NeowsBlessing","Smiling Mask","Regal Pillow","Singing Bowl","WingedGreaves","Lizard Tail"],"potions_floor_usage":[13,16,18,20],"damage_taken":[{"damage":0,"enemies":"Jaw Worm","floor":1,"turns":1},{"damage":0,"enemies":"3 Sentries","floor":7,"turns":2},{"damage":0,"enemies":"Small Slimes","floor":10,"turns":1},{"damage":10,"enemies":"Gremlin Nob","floor":11,"turns":4},{"damage":29,"enemies":"Lagavulin","floor":13,"turns":6},{"damage":5,"enemies":"2 Louse","floor":14,"turns":2},{"damage":37,"enemies":"The Guardian","floor":16,"turns":13},{"damage":35,"enemies":"2 Thieves","floor":18,"turns":5},{"damage":33,"enemies":"Shell Parasite","floor":20,"turns":8},{"damage":52,"enemies":"Slavers","floor":24,"turns":4}],"seed_played":"6251290948147094057","potions_obtained":[{"floor":1,"key":"BloodPotion"},{"floor":13,"key":"SpeedPotion"},{"floor":16,"key":"Poison Potion"},{"floor":18,"key":"SpeedPotion"}],"is_trial":false,"path_per_floor":["M","?","?","?","?","R","E","R","T","M","E","R","E","M","R","B",null,"M","?","M","?","?","R","E"],"character_chosen":"IRONCLAD","items_purchased":[],"campfire_rested":1,"item_purchase_floors":[],"current_hp_per_floor":[80,73,62,46,46,46,52,52,52,58,54,54,41,44,44,13,84,57,57,30,30,30,70,18],"gold":589,"neow_bonus":"THREE_ENEMY_KILL","is_prod":false,"is_daily":false,"chose_seed":false,"campfire_upgraded":4,"win_rate":0,"timestamp":1553451190,"path_taken":["M","?","?","?","?","R","E","R","T","M","E","R","E","M","R","BOSS","M","?","M","?","?","R","E"],"build_version":"2019-01-23","purchased_purges":0,"victory":false,"max_hp_per_floor":[80,80,80,80,80,80,80,80,80,80,80,80,82,84,84,84,84,86,86,86,86,86,86,86],"card_choices":[{"not_picked":["Feel No Pain","Evolve"],"picked":"Cleave","floor":1},{"not_picked":["Anger","Combust"],"picked":"Uppercut","floor":7},{"not_picked":["Searing Blow","Thunderclap"],"picked":"Dual Wield","floor":10},{"not_picked":["Bloodletting","Shockwave"],"picked":"Rampage","floor":11},{"not_picked":["Pommel Strike","Intimidate","Dark Embrace"],"picked":"Singing Bowl","floor":13},{"not_picked":["Sever Soul","Perfected Strike","Sword Boomerang"],"picked":"Singing Bowl","floor":14},{"not_picked":["Demon Form","Impervious"],"picked":"Barricade","floor":16},{"not_picked":["Rampage+1","Havoc","Clothesline"],"picked":"Singing Bowl","floor":18},{"not_picked":["Burning Pact","Perfected Strike"],"picked":"Inflame+1","floor":20}],"player_experience":207441,"relics_obtained":[{"floor":7,"key":"Smiling Mask"},{"floor":9,"key":"Regal Pillow"},{"floor":11,"key":"Singing Bowl"},{"floor":13,"key":"WingedGreaves"}],"event_choices":[{"cards_removed":["Strike_R"],"damage_healed":0,"gold_gain":0,"player_choice":"Card Removal","damage_taken":7,"max_hp_gain":0,"max_hp_loss":0,"event_name":"Golden Wing","floor":2,"gold_loss":0},{"damage_healed":0,"gold_gain":75,"player_choice":"Gather Gold","damage_taken":11,"max_hp_gain":0,"max_hp_loss":0,"event_name":"World of Goop","floor":3,"gold_loss":0},{"damage_healed":0,"gold_gain":0,"player_choice":"Entered Light","damage_taken":16,"max_hp_gain":0,"max_hp_loss":0,"event_name":"Shining Light","floor":4,"gold_loss":0,"cards_upgraded":["Cleave","Strike_R"]},{"damage_healed":0,"gold_gain":175,"player_choice":"AGREE","damage_taken":0,"max_hp_gain":0,"max_hp_loss":0,"event_name":"Liars Game","floor":5,"gold_loss":0,"cards_obtained":["Doubt"]},{"cards_removed":["Doubt"],"damage_healed":0,"gold_gain":0,"player_choice":"Gave Gold","damage_taken":0,"max_hp_gain":0,"max_hp_loss":0,"event_name":"Beggar","floor":19,"gold_loss":75},{"damage_healed":0,"gold_gain":0,"player_choice":"Smashed Altar","damage_taken":0,"max_hp_gain":0,"max_hp_loss":0,"event_name":"Forgotten Altar","floor":21,"gold_loss":0,"cards_obtained":["Decay"]},{"damage_healed":0,"gold_gain":0,"player_choice":"Ignored","damage_taken":0,"max_hp_gain":0,"max_hp_loss":0,"event_name":"Vampires","floor":22,"gold_loss":0}],"is_beta":false,"boss_relics":[{"not_picked":["Cursed Key","Runic Cube"],"picked":"Lizard Tail"}],"items_purged_floors":[],"is_endless":false,"potions_floor_spawned":[1,13,16,18],"killed_by":"Slavers","ascension_level":1}