{"gold_per_floor":[211,386,386,386,402,402,433,457,457,475,488,501,501,522,522,645,645,624,624,624,624,345,345,363,363,363,376,376,400,400,400],"floor_reached":31,"playtime":2031,"items_purged":["Doubt"],"score":237,"play_id":"94145bf6-a7ba-493e-80ed-3f3f27d3ca3d","local_time":"20181016000707","is_ascension_mode":false,"campfire_choices":[{"data":"Warcry","floor":6,"key":"SMITH"},{"data":"Bash","floor":13,"key":"SMITH"},{"floor":15,"key":"REST"},{"data":"Flex","floor":23,"key":"SMITH"},{"data":"Exhume","floor":25,"key":"SMITH"},{"data":"Second Wind","floor":28,"key":"SMITH"}],"neow_cost":"NONE","seed_source_timestamp":287635662676160,"circlet_count":0,"master_deck":["Strike_R","Strike_R","Strike_R","Strike_R","Strike_R","Defend_R","Defend_R","Bash+1","Battle Trance","Warcry+1","Clash","Iron Wave","Rupture+1","Clash","True Grit","Second Wind+1","Exhume+1","Clothesline+1","Armaments+1","Flex+1","Exhume","Feel No Pain+1","Corruption+1","J.A.X."],"relics":["Burning Blood","Golden Idol","Frozen Egg 2","Astrolabe","Lee\u0027s Waffle","Blue Candle"],"potions_floor_usage":[7,16],"damage_taken":[{"damage":10,"enemies":"2 Louse","floor":1,"turns":3},{"damage":2,"enemies":"Small Slimes","floor":5,"turns":4},{"damage":26,"enemies":"Lagavulin","floor":7,"turns":8},{"damage":6,"enemies":"Jaw Worm","floor":8,"turns":3},{"damage":22,"enemies":"Gremlin Gang","floor":10,"turns":6},{"damage":4,"enemies":"2 Fungi Beasts","floor":11,"turns":4},{"damage":2,"enemies":"Blue Slaver","floor":12,"turns":3},{"damage":13,"enemies":"Large Slime","floor":14,"turns":8},{"damage":50,"enemies":"Slime Boss","floor":16,"turns":9},{"damage":31,"enemies":"2 Thieves","floor":18,"turns":5},{"damage":49,"enemies":"Colosseum Slavers","floor":20,"turns":7},{"damage":30,"enemies":"Spheric Guardian","floor":24,"turns":4},{"damage":39,"enemies":"Snecko","floor":27,"turns":8},{"damage":25,"enemies":"Chosen and Byrds","floor":29,"turns":10},{"damage":14,"enemies":"Sentry and Sphere","floor":31,"turns":3}],"seed_played":"6729709303175664837","potions_obtained":[{"floor":1,"key":"PowerPotion"},{"floor":10,"key":"Swift Potion"},{"floor":18,"key":"Dexterity Potion"},{"floor":27,"key":"FearPotion"}],"is_trial":false,"path_per_floor":["M","?","?","?","M","R","E","M","T","M","M","M","R","M","R","B",null,"M","?","?","?","$","R","M","R","T","M","R","M","?"],"character_chosen":"IRONCLAD","items_purchased":["Lee\u0027s Waffle"],"campfire_rested":1,"item_purchase_floors":[22],"current_hp_per_floor":[76,76,76,76,80,80,60,60,60,44,46,50,50,43,67,23,80,55,55,12,12,87,87,63,63,63,30,30,11,11,0],"gold":400,"neow_bonus":"HUNDRED_GOLD","is_prod":false,"is_daily":false,"chose_seed":false,"campfire_upgraded":5,"win_rate":0,"timestamp":1539666427,"path_taken":["M","?","?","?","M","R","E","M","T","M","M","M","R","M","R","BOSS","M","?","?","?","$","R","?","R","T","M","R","M","?","M"],"build_version":"2018-10-11","purchased_purges":1,"victory":false,"max_hp_per_floor":[80,80,80,80,80,80,80,80,80,80,80,80,80,80,80,80,80,80,80,80,80,87,87,87,87,87,87,87,87,87,87],"card_choices":[{"not_picked":["Clash","Twin Strike"],"picked":"Battle Trance","floor":1},{"not_picked":["Dropkick","Sword Boomerang"],"picked":"Warcry","floor":5},{"not_picked":["Blood for Blood","Reckless Charge"],"picked":"Clash","floor":7},{"not_picked":["Shockwave","Infernal Blade"],"picked":"Iron Wave","floor":8},{"not_picked":["Iron Wave","Twin Strike"],"picked":"Rupture+1","floor":10},{"not_picked":["Fiend Fire","Inflame+1"],"picked":"Clash","floor":11},{"not_picked":["Wild Strike","Sentinel"],"picked":"True Grit","floor":12},{"not_picked":["Thunderclap","Anger"],"picked":"Second Wind","floor":14},{"not_picked":["Reaper","Impervious"],"picked":"Exhume","floor":16},{"not_picked":["Perfected Strike","Armaments"],"picked":"Flex","floor":18},{"not_picked":["Havoc","Armaments","Intimidate"],"picked":"SKIP","floor":24},{"not_picked":["Searing Blow","Limit Break"],"picked":"Feel No Pain+1","floor":27},{"not_picked":["Fire Breathing+1","Twin Strike"],"picked":"Corruption+1","floor":29}],"player_experience":76788,"relics_obtained":[{"floor":7,"key":"Frozen Egg 2"},{"floor":26,"key":"Blue Candle"}],"event_choices":[{"event_name":"Liars Game","player_choice":"agreed","floor":2,"damage_taken":0},{"event_name":"Purifier","player_choice":"One Purge","floor":3,"damage_taken":0},{"event_name":"Golden Idol","player_choice":"Take Wound","floor":4,"damage_taken":0},{"event_name":"Ghosts","player_choice":"Ignored","floor":19,"damage_taken":0},{"event_name":"Colosseum","player_choice":"Fight","floor":20,"damage_taken":0},{"event_name":"Colosseum","player_choice":"Fled From Nobs","floor":20,"damage_taken":0},{"event_name":"Duplicator","player_choice":"One dupe","floor":21,"damage_taken":0},{"event_name":"Drug Dealer","player_choice":"Got JAX","floor":30,"damage_taken":0}],"is_beta":false,"boss_relics":[{"not_picked":["Cursed Key","Mark of Pain"],"picked":"Astrolabe"}],"items_purged_floors":[22],"is_endless":false,"potions_floor_spawned":[1,10,18,20,27],"killed_by":"Sentry and Sphere","ascension_level":0}