{"path_per_floor":["M","M","?","M","?","E","R","E","T","E","M","E","M","M","R","B",null,"M","$","M","$","?","E","M","?","T","R","M","$"],"character_chosen":"DEFECT","items_purchased":["Matryoshka","War Paint","Defragment"],"gold_per_floor":[116,127,127,140,240,270,270,302,329,357,371,405,418,434,434,534,534,552,231,245,96,0,27,44,44,68,68,88,48,48],"floor_reached":30,"campfire_rested":3,"playtime":1021,"current_hp_per_floor":[67,67,52,52,52,34,56,60,60,46,45,44,37,37,61,40,82,77,77,64,64,64,15,9,9,9,43,43,43,0],"items_purged":["Strike_B"],"gold":48,"score":322,"play_id":"ed913cd9-d499-4517-8f11-4dad1863e0d8","local_time":"20180518044312","is_prod":false,"is_daily":false,"chose_seed":false,"is_ascension_mode":true,"campfire_upgraded":0,"timestamp":1526611392,"campfire_choices":[{"floor":7,"key":"REST"},{"floor":15,"key":"REST"},{"floor":27,"key":"REST"}],"path_taken":["M","M","?","?","?","E","R","E","T","E","M","E","M","M","R","BOSS","M","$","M","$","?","E","M","?","T","R","M","$","E"],"build_version":"2018-05-17","seed_source_timestamp":1102238094736858,"purchased_purges":1,"victory":false,"master_deck":["Strike_B","Strike_B","Strike_B","Defend_B","Defend_B+1","Defend_B","Defend_B+1","Zap","Dualcast","Rip and Tear","Beam Cell+1","Cold Snap","Rainbow","Rebound","Coolheaded","Sunder","Gash","Leap+1","Glacier","All For One","Melter","Beam Cell+1","Axe Kick+1","Steam+1","Writhe","Self Repair","Defragment"],"max_hp_per_floor":[75,75,75,75,75,75,75,82,82,82,82,82,82,82,82,82,82,82,82,82,82,82,82,82,82,82,82,82,82,82],"relics":["Cracked Core","Anchor","Oddly Smooth Stone","Strawberry","Juzu Bracelet","Bag of Marbles","Bottled Lightning","Eternal Feather","Matryoshka","War Paint","Molten Egg 2","Potion Belt","Bag of Preparation","Boot"],"card_choices":[{"not_picked":["Leap","Skim"],"picked":"Rip and Tear","floor":1},{"not_picked":["Capacitor","Sweeping Beam"],"picked":"Beam Cell","floor":2},{"not_picked":["Consume","Scrape"],"picked":"Cold Snap","floor":4},{"not_picked":["Steam","Fusion"],"picked":"Rainbow","floor":6},{"not_picked":["Reprogram","Fusion"],"picked":"Rebound","floor":8},{"not_picked":["Steam","Barrage"],"picked":"Coolheaded","floor":10},{"not_picked":["Chill","Capacitor"],"picked":"Sunder","floor":11},{"not_picked":["Melter","Meteor Strike"],"picked":"Gash","floor":12},{"not_picked":["Barrage","Skim"],"picked":"Leap","floor":13},{"not_picked":["Steam","Hologram"],"picked":"Glacier","floor":14},{"not_picked":["Hyperbeam","Rainbow"],"picked":"All For One","floor":16},{"not_picked":["Storm+1","Fusion"],"picked":"Melter","floor":18},{"not_picked":["Capacitor","Stack"],"picked":"Beam Cell+1","floor":20},{"not_picked":["Scrape","Coolheaded"],"picked":"Axe Kick+1","floor":23},{"not_picked":["Coolheaded","Reprogram"],"picked":"Steam+1","floor":24},{"not_picked":["Leap","Aggregate+1"],"picked":"Self Repair","floor":28}],"player_experience":71426,"potions_floor_usage":[6,8,8,12,20,20,20,20,23,23,24],"damage_taken":[{"damage":8,"enemies":"Small Slimes","floor":1,"turns":4},{"damage":0,"enemies":"Jaw Worm","floor":2,"turns":3},{"damage":0,"enemies":"2 Louse","floor":4,"turns":1},{"damage":18,"enemies":"Lagavulin","floor":6,"turns":5},{"damage":3,"enemies":"Gremlin Nob","floor":8,"turns":3},{"damage":14,"enemies":"3 Sentries","floor":10,"turns":5},{"damage":1,"enemies":"Lots of Slimes","floor":11,"turns":3},{"damage":1,"enemies":"Gremlin Nob","floor":12,"turns":3},{"damage":7,"enemies":"2 Fungi Beasts","floor":13,"turns":3},{"damage":0,"enemies":"Exordium Thugs","floor":14,"turns":3},{"damage":21,"enemies":"The Guardian","floor":16,"turns":11},{"damage":5,"enemies":"Spheric Guardian","floor":18,"turns":4},{"damage":13,"enemies":"2 Thieves","floor":20,"turns":3},{"damage":49,"enemies":"Book of Stabbing","floor":23,"turns":5},{"damage":6,"enemies":"Snake Plant","floor":24,"turns":3},{"damage":0,"enemies":"Centurion and Healer","floor":28,"turns":5},{"damage":47,"enemies":"Gremlin Leader","floor":30,"turns":7}],"relics_obtained":[{"floor":6,"key":"Oddly Smooth Stone"},{"floor":8,"key":"Strawberry"},{"floor":9,"key":"Juzu Bracelet"},{"floor":10,"key":"Bag of Marbles"},{"floor":12,"key":"Bottled Lightning"},{"floor":23,"key":"Molten Egg 2"},{"floor":26,"key":"Bag of Preparation"},{"floor":26,"key":"Boot"}],"event_choices":[{"event_name":"Shining Light","player_choice":"Entered Light","floor":3,"damage_taken":0},{"event_name":"Golden Shrine","player_choice":"Pray","floor":5,"damage_taken":0},{"event_name":"Masked Bandits","player_choice":"Paid Bandits 96 gold","floor":22,"damage_taken":0},{"event_name":"The Mausoleum","player_choice":"Yes","floor":25,"damage_taken":0}],"boss_relics":[{"not_picked":["Ectoplasm","Tiny House"],"picked":"Eternal Feather"}],"potions_floor_spawned":[1,4,6,11,12,14,16,18,23],"seed_played":"4912429226926746065","killed_by":"Gremlin Leader","ascension_level":3,"potions_obtained":[{"floor":1,"key":"SteroidPotion"},{"floor":4,"key":"Energy Potion"},{"floor":6,"key":"Dexterity Potion"},{"floor":11,"key":"EssenceOfSteel"},{"floor":12,"key":"Explosive Potion"},{"floor":14,"key":"Fire Potion"},{"floor":16,"key":"EntropicBrew"},{"floor":18,"key":"FocusPotion"},{"floor":23,"key":"EssenceOfSteel"}],"is_trial":false}