{"gold_per_floor":[109,109,109,134,59,59,75,109,135,135,35,35,60,85,85,205,205,218,236,17,17,42,80,80,80],"floor_reached":25,"playtime":892,"items_purged":["Strike_B","Strike_B","Strike_B"],"score":287,"play_id":"4a78b7ad-fce0-4c02-bf69-d83025d1091e","local_time":"20181117005053","is_ascension_mode":true,"campfire_choices":[{"floor":6,"key":"REST"},{"floor":10,"key":"REST"},{"data":"Dualcast","floor":12,"key":"SMITH"},{"floor":15,"key":"REST"},{"floor":24,"key":"REST"}],"neow_cost":"NONE","seed_source_timestamp":75591043482915,"circlet_count":0,"master_deck":["Strike_B","Defend_B","Defend_B","Defend_B","Defend_B+1","Zap+1","Dualcast+1","Gash","Multi-Cast+1","Compile Driver","Go for the Eyes","Gash","Go for the Eyes","Beam Cell","All For One","Loop+1","Gash","Defragment","Conserve Battery","Reinforced Body+1"],"relics":["Cracked Core","Golden Idol","War Paint","Omamori","White Beast Statue","Bird Faced Urn"],"potions_floor_usage":[8,16,19,22,23,23,25],"damage_taken":[{"damage":2,"enemies":"Jaw Worm","floor":1,"turns":3},{"damage":1,"enemies":"Cultist","floor":4,"turns":3},{"damage":8,"enemies":"Small Slimes","floor":7,"turns":2},{"damage":25,"enemies":"Lagavulin","floor":8,"turns":5},{"damage":2,"enemies":"2 Fungi Beasts","floor":13,"turns":2},{"damage":19,"enemies":"Exordium Thugs","floor":14,"turns":4},{"damage":52,"enemies":"The Guardian","floor":16,"turns":11},{"damage":9,"enemies":"Shell Parasite","floor":18,"turns":3},{"damage":7,"enemies":"Chosen","floor":19,"turns":4},{"damage":27,"enemies":"Centurion and Healer","floor":22,"turns":6},{"damage":18,"enemies":"Gremlin Leader","floor":23,"turns":5},{"damage":28,"enemies":"3 Cultists","floor":25,"turns":3}],"seed_played":"7112469193929767715","potions_obtained":[{"floor":4,"key":"Strength Potion"},{"floor":7,"key":"Strength Potion"},{"floor":8,"key":"Weak Potion"},{"floor":16,"key":"Fire Potion"},{"floor":18,"key":"Regen Potion"},{"floor":19,"key":"LiquidBronze"},{"floor":22,"key":"Dexterity Potion"},{"floor":23,"key":"GamblersBrew"}],"is_trial":false,"path_per_floor":["M","?","?","M","$","R","M","E","T","R","$","R","M","M","R","B",null,"M","M","$","?","M","E","R","M"],"character_chosen":"DEFECT","items_purchased":["Gash","Defragment"],"campfire_rested":4,"item_purchase_floors":[20,20],"current_hp_per_floor":[66,48,48,47,47,69,61,36,36,58,58,58,56,37,59,7,58,49,54,54,47,20,2,24,0],"gold":80,"neow_bonus":"UPGRADE_CARD","is_prod":false,"is_daily":false,"chose_seed":false,"campfire_upgraded":1,"win_rate":0,"timestamp":1542412253,"path_taken":["M","?","?","M","$","R","?","E","T","R","$","R","M","?","R","BOSS","M","M","$","?","M","E","R","M"],"build_version":"2018-11-15","purchased_purges":3,"victory":false,"max_hp_per_floor":[75,75,75,75,75,75,75,75,75,75,75,75,75,75,75,75,75,75,75,75,75,75,75,75,75],"card_choices":[{"not_picked":["Double Energy","Capacitor"],"picked":"Gash","floor":1},{"not_picked":["Force Field","Barrage"],"picked":"Compile Driver","floor":4},{"not_picked":["Fusion","Compile Driver"],"picked":"Go for the Eyes","floor":7},{"not_picked":["Leap","Rebound"],"picked":"Gash","floor":8},{"not_picked":["Hello World","Coolheaded"],"picked":"Go for the Eyes","floor":13},{"not_picked":["Reboot","Rip and Tear"],"picked":"Beam Cell","floor":14},{"not_picked":["Rainbow","Multi-Cast"],"picked":"All For One","floor":16},{"not_picked":["Sweeping Beam","Leap","Turbo"],"picked":"SKIP","floor":18},{"not_picked":["Conserve Battery","Stack"],"picked":"Loop+1","floor":19},{"not_picked":["Hologram","Loop"],"picked":"Conserve Battery","floor":22},{"not_picked":["Barrage","Amplify"],"picked":"Reinforced Body+1","floor":23}],"player_experience":154277,"relics_obtained":[{"floor":8,"key":"War Paint"},{"floor":9,"key":"Omamori"},{"floor":23,"key":"Bird Faced Urn"}],"event_choices":[{"damage_healed":0,"gold_gain":0,"player_choice":"Take Damage","damage_taken":18,"relics_obtained":["Golden Idol"],"max_hp_gain":0,"max_hp_loss":0,"event_name":"Golden Idol","floor":2,"gold_loss":0},{"damage_healed":0,"gold_gain":0,"player_choice":"1 cards matched","damage_taken":0,"max_hp_gain":0,"max_hp_loss":0,"event_name":"Match and Keep!","floor":3,"gold_loss":0,"cards_obtained":["Multi-Cast"]},{"damage_healed":0,"gold_gain":0,"player_choice":"","damage_taken":7,"max_hp_gain":0,"max_hp_loss":0,"event_name":"Knowing Skull","floor":21,"potions_obtained":[],"gold_loss":0,"cards_obtained":[]}],"is_beta":false,"boss_relics":[{"not_picked":["Philosopher\u0027s Stone","Snecko Eye"],"picked":"White Beast Statue"}],"items_purged_floors":[5,11,20],"is_endless":false,"potions_floor_spawned":[4,7,8,16,18,19,22,23],"killed_by":"3 Cultists","ascension_level":6}