{"gold_per_floor":[117,42,59,69,69,102,102,102,102,116,16,31,42,55,55,157,157,174,184,110,110,122,122,137,148,229,263,278,290,290,390,390,486,486,500,94,110,210,220,245,245,263,263,29,29,29,41,60,60,60],"floor_reached":51,"playtime":3910,"items_purged":["Strike_B","Strike_B","Defend_B","Defend_B"],"score":730,"play_id":"1aaa0466-4f4c-4da3-a1a3-9b8e089ff25e","local_time":"20190323142641","is_ascension_mode":false,"campfire_choices":[{"data":"Meteor Strike","floor":7.0,"key":"SMITH"},{"floor":15.0,"key":"REST"},{"data":"Echo Form","floor":23.0,"key":"SMITH"},{"data":"Hologram","floor":30,"key":"SMITH"},{"floor":32,"key":"REST"},{"data":"Reinforced Body","floor":41,"key":"SMITH"},{"data":"Defragment","floor":45,"key":"SMITH"},{"floor":49,"key":"REST"}],"neow_cost":"NONE","seed_source_timestamp":0,"circlet_count":0,"master_deck":["Strike_B+1","Defend_B","Defend_B","Zap","Dualcast","Leap","Hologram+1","Meteor Strike+1","Lockon+1","Tempest","Sunder","Echo Form+1","Double Energy","Coolheaded+1","Defragment+1","Loop","Rebound+1","All For One","Creative AI","Melter+1","Sunder","Reinforced Body+1"],"special_seed":0,"relics":["Snecko Eye","Singing Bowl","Anchor","Meat on the Bone","Lizard Tail","The Courier","Lantern","Prayer Wheel","Bottled Lightning","Busted Crown","Chemical X","Tiny Chest","Nunchaku","Symbiotic Virus","Girya","Whetstone"],"potions_floor_usage":[29,33,33,50,50],"damage_taken":[{"damage":14.0,"enemies":"Small Slimes","floor":1.0,"turns":8.0},{"damage":7.0,"enemies":"2 Louse","floor":3.0,"turns":3.0},{"damage":8.0,"enemies":"Jaw Worm","floor":4.0,"turns":4.0},{"damage":8.0,"enemies":"3 Sentries","floor":6.0,"turns":6.0},{"damage":0.0,"enemies":"Large Slime","floor":10.0,"turns":4.0},{"damage":0.0,"enemies":"3 Louse","floor":12.0,"turns":2.0},{"damage":0.0,"enemies":"Lots of Slimes","floor":13.0,"turns":2.0},{"damage":0.0,"enemies":"Blue Slaver","floor":14.0,"turns":2.0},{"damage":8.0,"enemies":"Hexaghost","floor":16.0,"turns":6.0},{"damage":0.0,"enemies":"2 Thieves","floor":18.0,"turns":2.0},{"damage":0.0,"enemies":"3 Byrds","floor":19.0,"turns":2.0},{"damage":0.0,"enemies":"Sentry and Sphere","floor":22.0,"turns":3.0},{"damage":8.0,"enemies":"Chosen and Byrds","floor":24.0,"turns":5.0},{"damage":6,"enemies":"Centurion and Healer","floor":25,"turns":3},{"damage":29,"enemies":"Gremlin Leader","floor":27,"turns":4},{"damage":0,"enemies":"Snecko","floor":28,"turns":3},{"damage":9,"enemies":"Snake Plant","floor":29,"turns":4},{"damage":0,"enemies":"Colosseum Slavers","floor":31,"turns":3},{"damage":10,"enemies":"Colosseum Nobs","floor":31,"turns":3},{"damage":15,"enemies":"Collector","floor":33,"turns":6},{"damage":3,"enemies":"3 Shapes","floor":35,"turns":2},{"damage":13,"enemies":"Orb Walker","floor":37,"turns":4},{"damage":0,"enemies":"Mind Bloom Boss Battle","floor":38,"turns":1},{"damage":0,"enemies":"3 Darklings","floor":39,"turns":2},{"damage":13,"enemies":"Giant Head","floor":40,"turns":4},{"damage":0,"enemies":"Sphere and 2 Shapes","floor":42,"turns":2},{"damage":0,"enemies":"Maw","floor":47,"turns":4},{"damage":12,"enemies":"Writhing Mass","floor":48,"turns":2},{"damage":57,"enemies":"Time Eater","floor":50,"turns":10}],"seed_played":"-3019180623337171512","potions_obtained":[{"floor":3.0,"key":"Block Potion"},{"floor":6.0,"key":"Weak Potion"},{"floor":10.0,"key":"FearPotion"},{"floor":14.0,"key":"AttackPotion"},{"floor":22.0,"key":"Poison Potion"},{"floor":28,"key":"Swift Potion"},{"floor":29,"key":"Fruit Juice"},{"floor":31,"key":"Ancient Potion"},{"floor":37,"key":"Block Potion"},{"floor":39,"key":"SteroidPotion"},{"floor":40,"key":"EssenceOfSteel"},{"floor":48,"key":"FocusPotion"}],"is_trial":false,"path_per_floor":["M","$","M","M","?","E","R","?","T","M","$","M","M","M","R","B",null,"M","M","$","?","M","R","M","M","T","E","M","M","R","?","R","B",null,"M","$","M","?","M","E","R","M","T","$","R","?","M","M","R","B",null],"character_chosen":"DEFECT","items_purchased":["Defragment","Chemical X","Sunder","Tiny Chest","Whetstone"],"campfire_rested":3,"item_purchase_floors":[20,36,36,36,44],"current_hp_per_floor":[61,61,54,46,43,37,37,37,37,49,49,51,51,53,77,69,81,81,81,81,81,83,83,77,73,73,46,46,54,54,58,86,71,96,95,95,86,88,92,79,79,83,83,83,83,83,87,79,113,68],"gold":60,"neow_bonus":"BOSS_RELIC","is_prod":false,"is_daily":false,"chose_seed":false,"campfire_upgraded":5,"win_rate":0,"timestamp":1553372801,"path_taken":["M","$","M","M","?","E","R","?","T","M","$","M","M","M","R","BOSS","M","M","$","?","M","R","M","M","T","E","M","M","R","?","R","BOSS","M","$","M","?","M","E","R","M","T","$","R","?","M","M","R","BOSS"],"build_version":"2019-01-23","purchased_purges":4,"victory":true,"max_hp_per_floor":[75,75,75,75,75,77,77,77,77,77,77,79,79,81,81,81,81,81,81,81,81,83,83,85,87,87,89,89,94,94,96,96,96,96,98,98,102,104,108,108,108,112,112,112,112,106,110,114,114,114],"card_choices":[{"not_picked":["Go for the Eyes","Sweeping Beam"],"picked":"Leap","floor":1.0},{"not_picked":["Steam Power","Redo"],"picked":"Hologram","floor":3.0},{"not_picked":["Streamline","Genetic Algorithm"],"picked":"Meteor Strike","floor":4.0},{"not_picked":["Storm","Reprogram","Fusion"],"picked":"Singing Bowl","floor":6.0},{"not_picked":["Coolheaded","Leap"],"picked":"Tempest","floor":10.0},{"not_picked":["Steam","Aggregate","Conserve Battery"],"picked":"Singing Bowl","floor":12.0},{"not_picked":["Steam","Go for the Eyes"],"picked":"Sunder","floor":13.0},{"not_picked":["Genetic Algorithm","Cold Snap","Static Discharge"],"picked":"Singing Bowl","floor":14.0},{"not_picked":["Core Surge","Machine Learning"],"picked":"Echo Form","floor":16.0},{"not_picked":["Static Discharge","Streamline"],"picked":"Double Energy","floor":18.0},{"not_picked":["Sunder+1","Hello World+1"],"picked":"Coolheaded+1","floor":19.0},{"not_picked":["Lockon","Gash","Self Repair"],"picked":"Singing Bowl","floor":22.0},{"not_picked":["Redo","FTL+1","Beam Cell"],"picked":"Singing Bowl","floor":24.0},{"not_picked":["Coolheaded","Blizzard+1","Stack"],"picked":"Singing Bowl","floor":25},{"not_picked":["Coolheaded","Streamline","Rebound"],"picked":"Singing Bowl","floor":27},{"not_picked":["Coolheaded","Turbo+1"],"picked":"Rebound+1","floor":28},{"not_picked":["Streamline","Cold Snap"],"picked":"All For One","floor":29},{"not_picked":["Gash","Ball Lightning","Chill"],"picked":"Singing Bowl","floor":31},{"not_picked":["Reboot","Machine Learning"],"picked":"Creative AI","floor":33},{"not_picked":[],"picked":"Melter+1","floor":35},{"not_picked":["Leap"],"picked":"Singing Bowl","floor":35},{"not_picked":["Compile Driver"],"picked":"Singing Bowl","floor":37},{"not_picked":["Genetic Algorithm"],"picked":"Singing Bowl","floor":37},{"not_picked":["Leap"],"picked":"Singing Bowl","floor":38},{"not_picked":["Hologram"],"picked":"Singing Bowl","floor":39},{"not_picked":["Compile Driver"],"picked":"Singing Bowl","floor":39},{"not_picked":[],"picked":"Reinforced Body","floor":40},{"not_picked":["Machine Learning"],"picked":"Singing Bowl","floor":42},{"not_picked":["Consume+1"],"picked":"Singing Bowl","floor":42},{"not_picked":["Redo+1"],"picked":"Singing Bowl","floor":47},{"not_picked":["Cold Snap+1"],"picked":"Singing Bowl","floor":47},{"not_picked":["Go for the Eyes+1"],"picked":"Singing Bowl","floor":48},{"not_picked":["Redo"],"picked":"Singing Bowl","floor":48}],"player_experience":134991,"relics_obtained":[{"floor":6.0,"key":"Anchor"},{"floor":9.0,"key":"Meat on the Bone"},{"floor":26,"key":"The Courier"},{"floor":27,"key":"Lantern"},{"floor":31,"key":"Prayer Wheel"},{"floor":31,"key":"Bottled Lightning"},{"floor":38,"key":"Nunchaku"},{"floor":40,"key":"Symbiotic Virus"},{"floor":43,"key":"Girya"}],"event_choices":[{"damage_healed":0.0,"max_hp_gain":0.0,"max_hp_loss":0.0,"gold_gain":0.0,"event_name":"Scrap Ooze","player_choice":"Success","floor":5.0,"gold_loss":0.0,"damage_taken":3.0,"relics_obtained":["Singing Bowl"]},{"damage_healed":0.0,"max_hp_gain":0.0,"max_hp_loss":0.0,"gold_gain":0.0,"cards_transformed":["Strike_B"],"event_name":"Living Wall","player_choice":"Change","floor":8.0,"gold_loss":0.0,"damage_taken":0.0,"cards_obtained":["Lockon"]},{"damage_healed":0.0,"max_hp_gain":0.0,"max_hp_loss":0.0,"gold_gain":0.0,"event_name":"The Library","player_choice":"Read","floor":21.0,"gold_loss":0.0,"damage_taken":0.0,"cards_obtained":["Loop"]},{"damage_healed":0,"gold_gain":0,"player_choice":"Fight","damage_taken":0,"max_hp_gain":0,"max_hp_loss":0,"event_name":"Colosseum","floor":31,"gold_loss":0},{"damage_healed":0,"gold_gain":0,"player_choice":"Fought Nobs","damage_taken":0,"max_hp_gain":0,"max_hp_loss":0,"event_name":"Colosseum","floor":31,"gold_loss":0},{"damage_healed":0,"gold_gain":0,"player_choice":"Fight","damage_taken":0,"max_hp_gain":0,"max_hp_loss":0,"event_name":"MindBloom","floor":38,"gold_loss":0},{"damage_healed":0,"gold_gain":0,"player_choice":"Max HP","damage_taken":0,"max_hp_gain":0,"max_hp_loss":6,"event_name":"Winding Halls","floor":46,"gold_loss":0}],"is_beta":false,"boss_relics":[{"not_picked":["White Beast Statue","Runic Dome"],"picked":"Lizard Tail"},{"not_picked":["Empty Cage","Fusion Hammer"],"picked":"Busted Crown"}],"items_purged_floors":[2,11,36,44],"is_endless":false,"potions_floor_spawned":[3,6,10,12,14,22,28,29,31,31,37,39,40,47,48],"ascension_level":0}