{"gold_per_floor":[112,124,141,161,172,172,185,203,227,227,29,39,59,59,59,156,156,168,168,83,109,70,96,96,113,113,113,113,125,50,63,63,161,161,174,194,94,194,194,194],"floor_reached":40,"playtime":1317,"items_purged":["Strike_R","Strike_R"],"score":427,"play_id":"32bd1022-07e1-4b64-a91e-a2e32e129f14","local_time":"20190324233501","is_ascension_mode":false,"campfire_choices":[{"floor":6,"key":"REST"},{"floor":10,"key":"REST"},{"floor":15,"key":"REST"},{"floor":24,"key":"REST"},{"floor":27,"key":"REST"},{"floor":32,"key":"REST"}],"neow_cost":"NONE","seed_source_timestamp":124841610657813,"circlet_count":0,"master_deck":["Strike_R","Strike_R","Strike_R","Defend_R","Defend_R","Defend_R","Defend_R","Bash","Perfected Strike","Spot Weakness","Armaments+1","Twin Strike","Heavy Blade","Perfected Strike","Armaments","Double Tap","Cleave+1","J.A.X.","Power Through","Flex","Infernal Blade+1","Limit Break","Demon Form","Infernal Blade+1","Wild Strike"],"relics":["Fusion Hammer","Anchor","Brimstone","Velvet Choker","MawBank","Happy Flower","Self Forming Clay","Nilry\u0027s Codex","Busted Crown","Turnip"],"potions_floor_usage":[16,16,16,25,33,38],"damage_taken":[{"damage":0,"enemies":"Cultist","floor":1,"turns":2},{"damage":1,"enemies":"Jaw Worm","floor":2,"turns":3},{"damage":1,"enemies":"2 Louse","floor":3,"turns":2},{"damage":12,"enemies":"Blue Slaver","floor":4,"turns":2},{"damage":19,"enemies":"Exordium Wildlife","floor":5,"turns":3},{"damage":7,"enemies":"3 Louse","floor":7,"turns":3},{"damage":8,"enemies":"Red Slaver","floor":8,"turns":2},{"damage":3,"enemies":"Blue Slaver","floor":12,"turns":2},{"damage":2,"enemies":"Exordium Wildlife","floor":13,"turns":2},{"damage":43,"enemies":"The Guardian","floor":16,"turns":6},{"damage":0,"enemies":"Chosen","floor":18,"turns":2},{"damage":3,"enemies":"Shell Parasite","floor":21,"turns":2},{"damage":46,"enemies":"Gremlin Leader","floor":23,"turns":4},{"damage":3,"enemies":"Snake Plant","floor":25,"turns":2},{"damage":10,"enemies":"Centurion and Healer","floor":29,"turns":4},{"damage":3,"enemies":"3 Cultists","floor":31,"turns":3},{"damage":45,"enemies":"Automaton","floor":33,"turns":6},{"damage":0,"enemies":"3 Shapes","floor":35,"turns":1},{"damage":0,"enemies":"Orb Walker","floor":36,"turns":2},{"damage":12,"enemies":"Mind Bloom Boss Battle","floor":38,"turns":3},{"damage":73,"enemies":"Awakened One","floor":40,"turns":5}],"seed_played":"8038898374323584196","potions_obtained":[{"floor":2,"key":"LiquidBronze"},{"floor":3,"key":"Dexterity Potion"},{"floor":4,"key":"AttackPotion"},{"floor":7,"key":"Strength Potion"},{"floor":18,"key":"Energy Potion"},{"floor":23,"key":"Regen Potion"},{"floor":31,"key":"Fruit Juice"},{"floor":33,"key":"Energy Potion"},{"floor":35,"key":"Swift Potion"}],"is_trial":false,"path_per_floor":["M","M","M","M","M","R","M","M","T","R","$","M","M","?","R","B",null,"M","?","?","M","$","E","R","M","T","R","?","M","$","M","R","B",null,"M","M","$","?","?","B"],"character_chosen":"IRONCLAD","items_purchased":["Brimstone","Flex"],"campfire_rested":6,"item_purchase_floors":[11,22],"current_hp_per_floor":[80,79,78,66,47,71,64,56,56,80,80,77,75,75,80,37,80,80,80,80,77,77,31,55,57,57,80,64,54,54,51,75,35,85,85,85,85,73,73,0],"gold":194,"neow_bonus":"BOSS_RELIC","is_prod":false,"is_daily":false,"chose_seed":false,"campfire_upgraded":0,"win_rate":0,"timestamp":1553492101,"path_taken":["M","M","M","M","M","R","M","M","T","R","$","M","M","?","R","BOSS","M","?","?","M","$","E","R","M","T","R","?","M","?","M","R","BOSS","M","M","$","?","?","BOSS"],"build_version":"2019-01-23","purchased_purges":2,"victory":false,"max_hp_per_floor":[80,80,80,80,80,80,80,80,80,80,80,80,80,80,80,80,80,80,80,80,80,80,80,80,80,80,80,80,80,80,80,80,85,85,85,85,85,85,85,85],"card_choices":[{"not_picked":["Flex","Bloodletting"],"picked":"Perfected Strike","floor":1},{"not_picked":["Sever Soul","Thunderclap"],"picked":"Spot Weakness","floor":2},{"not_picked":["Twin Strike","Dropkick"],"picked":"Armaments","floor":3},{"not_picked":["Pummel","Anger"],"picked":"Twin Strike","floor":4},{"not_picked":["Sword Boomerang","Thunderclap","Bloodletting"],"picked":"SKIP","floor":5},{"not_picked":["Evolve","Fire Breathing"],"picked":"Heavy Blade","floor":7},{"not_picked":["Havoc","Blood for Blood","Sever Soul"],"picked":"SKIP","floor":8},{"not_picked":["Dropkick","Reckless Charge"],"picked":"Perfected Strike","floor":12},{"not_picked":["Combust","Headbutt"],"picked":"Armaments","floor":13},{"not_picked":["Berserk","Feed"],"picked":"Double Tap","floor":16},{"not_picked":["Body Slam","Havoc"],"picked":"Cleave+1","floor":18},{"not_picked":["Pommel Strike","Reckless Charge"],"picked":"Power Through","floor":21},{"not_picked":["Rupture","Warcry","Second Wind"],"picked":"SKIP","floor":23},{"not_picked":["Armaments","Feel No Pain","Body Slam"],"picked":"SKIP","floor":25},{"not_picked":["Anger","Pommel Strike+1"],"picked":"Infernal Blade+1","floor":29},{"not_picked":["Clothesline+1","Armaments"],"picked":"Limit Break","floor":31},{"not_picked":["Exhume","Immolate"],"picked":"Demon Form","floor":33},{"not_picked":["Battle Trance"],"picked":"SKIP","floor":35},{"not_picked":[],"picked":"Infernal Blade+1","floor":36},{"not_picked":[],"picked":"Wild Strike","floor":38}],"player_experience":140331,"relics_obtained":[{"floor":9,"key":"Anchor"},{"floor":23,"key":"Happy Flower"},{"floor":26,"key":"Self Forming Clay"},{"floor":28,"key":"Nilry\u0027s Codex"},{"floor":38,"key":"Turnip"}],"event_choices":[{"damage_healed":0,"gold_gain":0,"player_choice":"Grow","damage_taken":0,"max_hp_gain":0,"max_hp_loss":0,"event_name":"Living Wall","floor":14,"gold_loss":0,"cards_upgraded":["Armaments"]},{"damage_healed":0,"gold_gain":0,"player_choice":"Obtain J.A.X.","damage_taken":0,"max_hp_gain":0,"max_hp_loss":0,"event_name":"Drug Dealer","floor":19,"gold_loss":0,"cards_obtained":["J.A.X."]},{"damage_healed":0,"gold_gain":0,"player_choice":"Obtained Relic","damage_taken":0,"relics_obtained":["MawBank"],"max_hp_gain":0,"max_hp_loss":0,"event_name":"Addict","floor":20,"gold_loss":85},{"damage_healed":0,"gold_gain":0,"player_choice":"Obtained Book","damage_taken":16,"max_hp_gain":0,"max_hp_loss":0,"event_name":"Cursed Tome","floor":28,"gold_loss":0},{"damage_healed":0,"gold_gain":0,"player_choice":"Fight","damage_taken":0,"max_hp_gain":0,"max_hp_loss":0,"event_name":"MindBloom","floor":38,"gold_loss":0},{"damage_healed":0,"gold_gain":0,"player_choice":"Took Portal","damage_taken":0,"max_hp_gain":0,"max_hp_loss":0,"event_name":"SecretPortal","floor":39,"gold_loss":0}],"is_beta":false,"boss_relics":[{"not_picked":["Runic Cube","Runic Dome"],"picked":"Velvet Choker"},{"not_picked":["Tiny House","Mark of Pain"],"picked":"Busted Crown"}],"items_purged_floors":[30,37],"is_endless":false,"potions_floor_spawned":[2,3,4,5,7,18,23,31,33,35],"killed_by":"Awakened One","ascension_level":0}