{"gold_per_floor":[109,126,301,376,388,407,407,407,407,419,369,113,129,140,140,140],"floor_reached":16,"playtime":845,"items_purged":[],"score":94,"play_id":"fc5e136e-229f-4634-8e6c-090db482c415","local_time":"20190130034321","is_ascension_mode":false,"campfire_choices":[{"floor":7,"key":"REST"},{"data":"Streamline","floor":15,"key":"SMITH"}],"neow_cost":"PERCENT_DAMAGE","seed_source_timestamp":47856296468859,"circlet_count":0,"master_deck":["Strike_B","Strike_B","Strike_B","Defend_B","Defend_B","Defend_B","Zap","Dualcast","Seek","Undo","Streamline+1","Go for the Eyes","Doubt","Steam Power","Go for the Eyes","Glacier+1","Seek+1","Fusion+1"],"relics":["Cracked Core","Thread and Needle","Toxic Egg 2","Blue Candle"],"potions_floor_usage":[],"damage_taken":[{"damage":1,"enemies":"Cultist","floor":1,"turns":4},{"damage":6,"enemies":"Jaw Worm","floor":2,"turns":3},{"damage":7,"enemies":"Small Slimes","floor":5,"turns":3},{"damage":14,"enemies":"2 Fungi Beasts","floor":6,"turns":3},{"damage":2,"enemies":"Looter","floor":10,"turns":3},{"damage":10,"enemies":"Exordium Wildlife","floor":13,"turns":5},{"damage":15,"enemies":"Gremlin Gang","floor":14,"turns":5},{"damage":12,"enemies":"Slime Boss","floor":16,"turns":3}],"seed_played":"-6723175886792406944","potions_obtained":[{"floor":5,"key":"FocusPotion"},{"floor":10,"key":"Regen Potion"},{"floor":14,"key":"Explosive Potion"}],"is_trial":false,"path_per_floor":["M","M","?","?","M","M","R","?","T","M","?","$","M","M","R","B"],"character_chosen":"DEFECT","items_purchased":["Blue Candle"],"campfire_rested":1,"item_purchase_floors":[12],"current_hp_per_floor":[53,47,47,36,29,15,37,37,37,35,35,35,25,10,10,0],"gold":140,"neow_bonus":"TRANSFORM_TWO_CARDS","is_prod":false,"is_daily":false,"chose_seed":false,"campfire_upgraded":1,"win_rate":0,"timestamp":1548841401,"path_taken":["M","M","?","?","M","M","R","?","T","M","?","?","M","?","R","BOSS"],"build_version":"2019-01-23","purchased_purges":0,"victory":false,"max_hp_per_floor":[75,75,75,75,75,75,75,75,75,75,75,75,75,75,75,75],"card_choices":[{"not_picked":["Sweeping Beam","Force Field"],"picked":"Streamline","floor":1},{"not_picked":["Conserve Battery","Melter"],"picked":"Go for the Eyes","floor":2},{"not_picked":["Beam Cell","Sweeping Beam"],"picked":"Steam Power","floor":5},{"not_picked":["Turbo","Cold Snap"],"picked":"Go for the Eyes","floor":6},{"not_picked":["Scrape","Conserve Battery+1"],"picked":"Glacier+1","floor":10},{"not_picked":["Skim+1","Cold Snap"],"picked":"Seek+1","floor":13},{"not_picked":["Steam+1","Conserve Battery+1"],"picked":"Fusion+1","floor":14}],"player_experience":413645,"relics_obtained":[{"floor":9,"key":"Toxic Egg 2"}],"event_choices":[{"damage_healed":0,"gold_gain":175,"player_choice":"AGREE","damage_taken":0,"max_hp_gain":0,"max_hp_loss":0,"event_name":"Liars Game","floor":3,"gold_loss":0,"cards_obtained":["Doubt"]},{"damage_healed":0,"gold_gain":75,"player_choice":"Gather Gold","damage_taken":11,"max_hp_gain":0,"max_hp_loss":0,"event_name":"World of Goop","floor":4,"gold_loss":0},{"damage_healed":0,"gold_gain":0,"player_choice":"Box","damage_taken":0,"relics_obtained":["Thread and Needle"],"max_hp_gain":0,"max_hp_loss":0,"event_name":"Big Fish","floor":8,"gold_loss":0,"cards_obtained":["Regret"]},{"cards_removed":["Regret"],"damage_healed":0,"gold_gain":0,"player_choice":"Card Removal","damage_taken":0,"max_hp_gain":0,"max_hp_loss":0,"event_name":"The Cleric","floor":11,"gold_loss":50}],"is_beta":false,"boss_relics":[],"items_purged_floors":[],"is_endless":false,"potions_floor_spawned":[5,10,14],"killed_by":"Slime Boss","ascension_level":0}