{"gold_per_floor":[111,111,124,139,64,64,90,90,90,115,134,134,134,154,154,253,253,263,295,46,61,81,81],"floor_reached":23,"playtime":702,"items_purged":["Strike_R","Heavy Blade+1"],"score":276,"play_id":"d13375f2-78e9-42d2-828c-b1e0b4231dd0","local_time":"20190204231416","is_ascension_mode":true,"campfire_choices":[{"data":"Bash","floor":6,"key":"SMITH"},{"data":"Clash","floor":8,"key":"SMITH"},{"data":"Dual Wield","floor":15,"key":"SMITH"}],"neow_cost":"NONE","seed_source_timestamp":86337101808607,"circlet_count":0,"master_deck":["Strike_R","Strike_R","Defend_R","Defend_R","Bash+1","Clash+1","Dual Wield+1","Double Tap","Exhume+1","Dark Embrace+1"],"relics":["Burning Blood","NeowsBlessing","Blue Candle","Lantern","Oddly Smooth Stone","Bottled Flame","Astrolabe","Red Mask"],"potions_floor_usage":[11,18,19,19,21,21,22],"damage_taken":[{"damage":0,"enemies":"Jaw Worm","floor":1,"turns":1},{"damage":0,"enemies":"Small Slimes","floor":3,"turns":1},{"damage":0,"enemies":"2 Louse","floor":4,"turns":1},{"damage":6,"enemies":"Gremlin Nob","floor":7,"turns":3},{"damage":26,"enemies":"Lagavulin","floor":10,"turns":4},{"damage":0,"enemies":"Looter","floor":11,"turns":2},{"damage":0,"enemies":"Blue Slaver","floor":14,"turns":3},{"damage":0,"enemies":"Slime Boss","floor":16,"turns":3},{"damage":45,"enemies":"2 Thieves","floor":18,"turns":4},{"damage":57,"enemies":"Masked Bandits","floor":19,"turns":5},{"damage":2,"enemies":"Chosen","floor":21,"turns":3},{"damage":1,"enemies":"Snecko","floor":22,"turns":3},{"damage":0,"enemies":"Slavers","floor":23,"turns":1}],"seed_played":"980653805315546776","potions_obtained":[{"floor":3,"key":"Regen Potion"},{"floor":4,"key":"BloodPotion"},{"floor":10,"key":"Block Potion"},{"floor":16,"key":"Swift Potion"},{"floor":18,"key":"Poison Potion"}],"is_trial":false,"path_per_floor":["M","?","M","M","$","R","E","R","T","E","M","?","T","M","R","B",null,"M","?","$","M","M","E"],"character_chosen":"IRONCLAD","items_purchased":["PowerPotion","SkillPotion","Weak Potion"],"campfire_rested":0,"item_purchase_floors":[20,20,20],"current_hp_per_floor":[80,80,80,80,80,80,80,80,80,60,66,66,66,72,72,78,80,41,10,10,14,19,19],"gold":81,"neow_bonus":"THREE_ENEMY_KILL","is_prod":false,"is_daily":false,"chose_seed":false,"campfire_upgraded":3,"win_rate":0,"timestamp":1549343656,"path_taken":["M","?","M","M","$","R","E","R","T","E","M","?","?","M","R","BOSS","M","?","$","M","M","E"],"build_version":"2019-01-23","purchased_purges":2,"victory":false,"max_hp_per_floor":[80,80,80,80,80,80,80,80,80,80,80,80,80,80,80,80,80,80,80,80,80,80,80],"card_choices":[{"not_picked":["Sword Boomerang","Thunderclap","Ghostly Armor"],"picked":"SKIP","floor":1},{"not_picked":["Thunderclap","Disarm"],"picked":"Clash","floor":3},{"not_picked":["Twin Strike","Entrench","Perfected Strike"],"picked":"SKIP","floor":4},{"not_picked":["Anger","Heavy Blade","Inflame"],"picked":"SKIP","floor":7},{"not_picked":["Twin Strike","Carnage","Exhume"],"picked":"SKIP","floor":10},{"not_picked":["Intimidate","Twin Strike","Disarm"],"picked":"SKIP","floor":11},{"not_picked":["Shrug It Off","Thunderclap"],"picked":"Dual Wield","floor":14},{"not_picked":["Barricade","Immolate"],"picked":"Double Tap","floor":16},{"not_picked":["Armaments","Fire Breathing","Pommel Strike"],"picked":"SKIP","floor":18},{"not_picked":["Thunderclap","Flex","Sword Boomerang+1"],"picked":"SKIP","floor":21},{"not_picked":["Flex+1","Combust","Feel No Pain"],"picked":"SKIP","floor":22}],"player_experience":451533,"relics_obtained":[{"floor":7,"key":"Blue Candle"},{"floor":9,"key":"Lantern"},{"floor":10,"key":"Oddly Smooth Stone"},{"floor":13,"key":"Bottled Flame"},{"floor":19,"key":"Red Mask"}],"event_choices":[{"cards_removed":["Defend_R"],"damage_healed":0,"gold_gain":0,"player_choice":"Forget","damage_taken":0,"max_hp_gain":0,"max_hp_loss":0,"event_name":"Living Wall","floor":2,"gold_loss":0},{"damage_healed":0,"gold_gain":0,"player_choice":"Ignored","damage_taken":0,"max_hp_gain":0,"max_hp_loss":0,"event_name":"Shining Light","floor":12,"gold_loss":0},{"damage_healed":0,"gold_gain":0,"player_choice":"Fought Bandits","damage_taken":0,"max_hp_gain":0,"max_hp_loss":0,"event_name":"Masked Bandits","floor":19,"gold_loss":0}],"is_beta":false,"boss_relics":[{"not_picked":["Busted Crown","Snecko Eye"],"picked":"Astrolabe"}],"items_purged_floors":[5,20],"is_endless":false,"potions_floor_spawned":[3,4,10,16,18],"killed_by":"Slavers","ascension_level":2}