{"gold_per_floor":[113,113,113,113,127,127,141,173,226,244,36,53,53,72,72,177,177,192,192,220,220,220],"floor_reached":22,"playtime":774,"items_purged":[],"score":285,"play_id":"a157141e-824d-461a-b607-42161b38deb5","local_time":"20190325010953","is_ascension_mode":true,"campfire_choices":[{"floor":6,"key":"REST"},{"floor":15,"key":"REST"}],"neow_cost":"NONE","seed_source_timestamp":2870527898023852,"circlet_count":0,"master_deck":["AscendersBane","Strike_B+1","Strike_B+1","Defend_B+1","Defend_B+1","Defend_B+1","Defend_B+1","Zap","Dualcast","Biased Cognition","Sweeping Beam","Ball Lightning","Coolheaded","Capacitor","Rip and Tear+1","Rip and Tear+1","Streamline+1","Echo Form","Steam+1","Doom and Gloom+1"],"relics":["Cracked Core","DataDisk","Molten Egg 2","Vajra","DollysMirror","Inserter","Red Mask","The Courier"],"potions_floor_usage":[16,18,22,22],"damage_taken":[{"damage":13,"enemies":"Small Slimes","floor":1,"turns":3},{"damage":5,"enemies":"2 Louse","floor":5,"turns":2},{"damage":1,"enemies":"Cultist","floor":7,"turns":3},{"damage":16,"enemies":"Gremlin Nob","floor":8,"turns":3},{"damage":12,"enemies":"Looter","floor":10,"turns":3},{"damage":18,"enemies":"3 Louse","floor":12,"turns":3},{"damage":1,"enemies":"Blue Slaver","floor":14,"turns":3},{"damage":26,"enemies":"Hexaghost","floor":16,"turns":6},{"damage":3,"enemies":"Spheric Guardian","floor":18,"turns":3},{"damage":61,"enemies":"Masked Bandits","floor":20,"turns":5},{"damage":15,"enemies":"3 Byrds","floor":22,"turns":3}],"seed_played":"2962253441294174411","potions_obtained":[{"floor":5,"key":"Swift Potion"},{"floor":8,"key":"LiquidBronze"},{"floor":16,"key":"Regen Potion"},{"floor":20,"key":"Block Potion"}],"is_trial":false,"path_per_floor":["M","?","?","?","M","R","M","E","T","M","$","M","?","M","R","B",null,"M","?","?","T","M"],"character_chosen":"DEFECT","items_purchased":["DollysMirror"],"campfire_rested":2,"item_purchase_floors":[11],"current_hp_per_floor":[55,52,52,52,47,69,68,52,52,40,40,22,15,14,36,10,59,65,65,4,4,0],"gold":220,"neow_bonus":"ONE_RANDOM_RARE_CARD","is_prod":false,"is_daily":false,"chose_seed":false,"campfire_upgraded":0,"win_rate":0,"timestamp":1553472593,"path_taken":["M","?","?","?","?","R","M","E","T","M","$","M","?","M","R","BOSS","M","?","?","?","M"],"build_version":"2019-01-23","purchased_purges":0,"victory":false,"max_hp_per_floor":[75,75,75,75,75,75,75,75,75,75,75,75,75,75,75,75,75,75,75,75,75,75],"card_choices":[{"not_picked":["Heatsinks","Barrage"],"picked":"Sweeping Beam","floor":1},{"not_picked":["Cold Snap","Turbo"],"picked":"Ball Lightning","floor":5},{"not_picked":["Go for the Eyes","Compile Driver"],"picked":"Coolheaded","floor":7},{"not_picked":["Gash","Hologram"],"picked":"Capacitor","floor":8},{"not_picked":["Meteor Strike+1","Beam Cell+1"],"picked":"Rip and Tear+1","floor":10},{"not_picked":["Hologram","Compile Driver+1","Skim"],"picked":"SKIP","floor":12},{"not_picked":["Leap","Undo"],"picked":"Streamline+1","floor":14},{"not_picked":["Meteor Strike+1","Seek"],"picked":"Echo Form","floor":16},{"not_picked":["Streamline+1","Barrage+1"],"picked":"Steam+1","floor":18},{"not_picked":["Static Discharge","Leap"],"picked":"Doom and Gloom+1","floor":20}],"player_experience":316526,"relics_obtained":[{"floor":8,"key":"Molten Egg 2"},{"floor":9,"key":"Vajra"},{"floor":20,"key":"Red Mask"},{"floor":21,"key":"The Courier"}],"event_choices":[{"damage_healed":0,"gold_gain":0,"player_choice":"Success","damage_taken":3,"relics_obtained":["DataDisk"],"max_hp_gain":0,"max_hp_loss":0,"event_name":"Scrap Ooze","floor":2,"gold_loss":0},{"damage_healed":0,"gold_gain":0,"player_choice":"Ignored","damage_taken":0,"max_hp_gain":0,"max_hp_loss":0,"event_name":"Liars Game","floor":3,"gold_loss":0},{"cards_removed":["Strike_B"],"damage_healed":0,"gold_gain":0,"player_choice":"Purged","damage_taken":0,"max_hp_gain":0,"max_hp_loss":0,"event_name":"Purifier","floor":4,"gold_loss":0},{"cards_removed":["Strike_B"],"damage_healed":0,"gold_gain":0,"player_choice":"Card Removal","damage_taken":7,"max_hp_gain":0,"max_hp_loss":0,"event_name":"Golden Wing","floor":13,"gold_loss":0},{"damage_healed":0,"gold_gain":0,"player_choice":"Simplicity","damage_taken":0,"max_hp_gain":0,"max_hp_loss":0,"event_name":"Back to Basics","floor":19,"gold_loss":0,"cards_upgraded":["Strike_B","Strike_B","Defend_B","Defend_B","Defend_B","Defend_B"]},{"damage_healed":0,"gold_gain":0,"player_choice":"Fought Bandits","damage_taken":0,"max_hp_gain":0,"max_hp_loss":0,"event_name":"Masked Bandits","floor":20,"gold_loss":0}],"is_beta":false,"boss_relics":[{"not_picked":["Empty Cage","Eternal Feather"],"picked":"Inserter"}],"items_purged_floors":[],"is_endless":false,"potions_floor_spawned":[5,8,12,16,20],"killed_by":"3 Byrds","ascension_level":11}