{"gold_per_floor":[117,192,210,47,122,122,176,211,279,309,343,402,402],"floor_reached":13,"playtime":612,"items_purged":[],"score":96,"play_id":"a104292c-cc58-4e9d-b960-28d54e610c61","local_time":"20181022230022","is_ascension_mode":true,"campfire_choices":[{"floor":6,"key":"REST"}],"neow_cost":"TEN_PERCENT_HP_LOSS","seed_source_timestamp":81606671790720,"circlet_count":0,"master_deck":["Strike_R","Strike_R","Strike_R","Strike_R","Strike_R","Defend_R","Defend_R","Defend_R","Defend_R","Bash","Reaper","Blood for Blood","Blood for Blood","HandOfGreed","Iron Wave","Iron Wave","Double Tap"],"relics":["Burning Blood","Dream Catcher","Letter Opener"],"potions_floor_usage":[10,10,11],"damage_taken":[{"damage":20,"enemies":"Small Slimes","floor":1,"turns":3},{"damage":6,"enemies":"Cultist","floor":3,"turns":4},{"damage":25,"enemies":"3 Sentries","floor":7,"turns":8},{"damage":9,"enemies":"2 Louse","floor":8,"turns":3},{"damage":37,"enemies":"Exordium Thugs","floor":10,"turns":5},{"damage":11,"enemies":"Blue Slaver","floor":11,"turns":5},{"damage":36,"enemies":"Gremlin Gang","floor":12,"turns":5},{"damage":16,"enemies":"Lagavulin","floor":13,"turns":3}],"seed_played":"-3251954838547212798","potions_obtained":[{"floor":7,"key":"SteroidPotion"},{"floor":8,"key":"Ancient Potion"},{"floor":10,"key":"Energy Potion"},{"floor":12,"key":"Fire Potion"}],"is_trial":false,"path_per_floor":["M","?","M","$","?","R","E","M","T","M","M","M"],"character_chosen":"IRONCLAD","items_purchased":["HandOfGreed"],"campfire_rested":1,"item_purchase_floors":[4],"current_hp_per_floor":[58,51,55,55,44,65,46,51,51,27,28,14,0],"gold":402,"neow_bonus":"THREE_RARE_CARDS","is_prod":false,"is_daily":false,"chose_seed":false,"campfire_upgraded":0,"win_rate":0,"timestamp":1540267222,"path_taken":["M","?","M","$","?","R","E","M","T","M","M","?","E"],"build_version":"2018-10-18","purchased_purges":0,"victory":false,"max_hp_per_floor":[72,72,72,72,72,72,72,72,72,72,72,72,72],"card_choices":[{"not_picked":["Impervious","Exhume"],"picked":"Reaper","floor":0},{"not_picked":["Heavy Blade","Shrug It Off"],"picked":"Blood for Blood","floor":1},{"not_picked":["Searing Blow","Corruption"],"picked":"Blood for Blood","floor":3},{"not_picked":["Rupture","Cleave"],"picked":"Iron Wave","floor":7},{"not_picked":["Cleave","Perfected Strike","Clash"],"picked":"SKIP","floor":8},{"not_picked":["Shrug It Off","Anger"],"picked":"Iron Wave","floor":10},{"not_picked":["Bloodletting","Feel No Pain"],"picked":"Double Tap","floor":11},{"not_picked":["Havoc","Wild Strike","Body Slam"],"picked":"SKIP","floor":12}],"player_experience":169146,"relics_obtained":[{"floor":7,"key":"Dream Catcher"},{"floor":9,"key":"Letter Opener"}],"event_choices":[{"damage_healed":0,"gold_gain":75,"player_choice":"Touch","damage_taken":7,"max_hp_gain":0,"max_hp_loss":0,"event_name":"FaceTrader","floor":2,"gold_loss":0},{"damage_healed":0,"gold_gain":75,"player_choice":"Gather Gold","damage_taken":11,"max_hp_gain":0,"max_hp_loss":0,"event_name":"World of Goop","floor":5,"gold_loss":0}],"is_beta":false,"boss_relics":[],"items_purged_floors":[],"is_endless":false,"potions_floor_spawned":[7,8,10,12],"killed_by":"Lagavulin","ascension_level":2}