{"gold_per_floor":[114,132,132,132,152,152,163,163,163,11,24,24,49,49,49,152,152,168,183,183,193,203,232,232,261,288,145,162,180,194,210,210,210],"floor_reached":33,"playtime":1540,"items_purged":["Defend_G"],"score":316,"play_id":"072ad805-cf44-4365-b94a-52c22c1ef0ac","local_time":"20190329000833","is_ascension_mode":false,"campfire_choices":[{"data":"Deadly Poison","floor":6.0,"key":"SMITH"},{"data":"Neutralize","floor":8.0,"key":"SMITH"},{"floor":12.0,"key":"RECALL"},{"data":"Dash","floor":15.0,"key":"SMITH"},{"floor":32,"key":"REST"}],"neow_cost":"NONE","seed_source_timestamp":0,"circlet_count":0,"master_deck":["Defend_G","Defend_G","Defend_G","Defend_G","Survivor","Neutralize+1","Poisoned Stab","Dash+1","Deadly Poison+1","Noxious Fumes","Decay","Dodge and Roll+1","Deflect+1","Burst+1","Acrobatics+1","Bouncing Flask+1","Calculated Gamble+1","Bite","Bite","Bite","Bite","Bite","Footwork","Distraction+1","Venomology+1","Acrobatics+1","Distraction+1","Catalyst+1","Deflect+1","Deflect+1"],"special_seed":0,"relics":["Cursed Key","Mercury Hourglass","Toxic Egg 2","Omamori","Turnip","Orrery","Bag of Preparation","Letter Opener"],"potions_floor_usage":[25,25,25,29,29,33,33],"damage_taken":[{"damage":0.0,"enemies":"Small Slimes","floor":1.0,"turns":4.0},{"damage":0.0,"enemies":"Jaw Worm","floor":2.0,"turns":4.0},{"damage":0.0,"enemies":"2 Louse","floor":5.0,"turns":2.0},{"damage":0.0,"enemies":"Blue Slaver","floor":7.0,"turns":3.0},{"damage":0.0,"enemies":"2 Fungi Beasts","floor":11.0,"turns":2.0},{"damage":4.0,"enemies":"3 Sentries","floor":13.0,"turns":6.0},{"damage":13.0,"enemies":"Slime Boss","floor":16.0,"turns":9.0},{"damage":0.0,"enemies":"Shell Parasite","floor":18.0,"turns":5.0},{"damage":0.0,"enemies":"Spheric Guardian","floor":19.0,"turns":3.0},{"damage":13.0,"enemies":"3 Cultists","floor":21.0,"turns":5.0},{"damage":7.0,"enemies":"Snake Plant","floor":22.0,"turns":4.0},{"damage":22.0,"enemies":"Book of Stabbing","floor":23.0,"turns":4.0},{"damage":32,"enemies":"Slavers","floor":25,"turns":6},{"damage":3,"enemies":"Sentry and Sphere","floor":28,"turns":3},{"damage":0,"enemies":"Snecko","floor":29,"turns":4},{"damage":5,"enemies":"Centurion and Healer","floor":30,"turns":8},{"damage":19,"enemies":"Snake Plant","floor":31,"turns":4},{"damage":53,"enemies":"Collector","floor":33,"turns":5}],"seed_played":"-8681250902250224276","potions_obtained":[{"floor":5.0,"key":"SpeedPotion"},{"floor":11.0,"key":"PowerPotion"},{"floor":13.0,"key":"AttackPotion"},{"floor":16.0,"key":"Explosive Potion"},{"floor":19.0,"key":"Dexterity Potion"},{"floor":21.0,"key":"Dexterity Potion"},{"floor":23.0,"key":"Swift Potion"},{"floor":29,"key":"Ancient Potion"}],"is_trial":false,"path_per_floor":["M","M","?","?","M","R","M","R","T","$","M","R","E","$","R","B",null,"M","M","?","M","M","E","?","E","T","$","M","M","M","M","R","B"],"character_chosen":"THE_SILENT","items_purchased":["Omamori","Distraction+1"],"campfire_rested":1,"item_purchase_floors":[10,27],"current_hp_per_floor":[70,70,52,70,70,70,70,70,70,70,70,70,66,66,66,53,70,70,70,49,38,41,25,41,19,19,19,22,30,41,28,42,0],"gold":210,"neow_bonus":"BOSS_RELIC","is_prod":false,"is_daily":false,"chose_seed":false,"campfire_upgraded":3,"win_rate":0,"timestamp":1553839713,"path_taken":["M","M","?","?","M","R","M","R","T","$","M","R","E","?","R","BOSS","M","M","?","M","M","E","?","E","T","$","M","M","M","M","R","BOSS"],"build_version":"2019-01-23","purchased_purges":1,"victory":false,"max_hp_per_floor":[70,70,70,70,70,70,70,70,70,70,70,70,70,70,70,70,70,70,70,49,49,49,49,49,49,49,49,49,49,49,49,49,49],"card_choices":[{"not_picked":["Dodge and Roll","Caltrops"],"picked":"Poisoned Stab","floor":1.0},{"not_picked":["Dagger Spray","Underhanded Strike"],"picked":"Dash","floor":2.0},{"not_picked":["Flechettes","Cloak And Dagger"],"picked":"Deadly Poison","floor":5.0},{"not_picked":["Calculated Gamble","Leg Sweep"],"picked":"Noxious Fumes","floor":7.0},{"not_picked":["Poisoned Stab","Distraction+1"],"picked":"Dodge and Roll+1","floor":11.0},{"not_picked":["Cloak And Dagger+1","Night Terror+1"],"picked":"Deflect+1","floor":13.0},{"not_picked":["Doppelganger+1","Die Die Die"],"picked":"Burst+1","floor":16.0},{"not_picked":["Outmaneuver+1","Deflect+1"],"picked":"Acrobatics+1","floor":17.0},{"not_picked":["PiercingWail+1","Finisher"],"picked":"Bouncing Flask+1","floor":17.0},{"not_picked":["Outmaneuver+1","Quick Slash"],"picked":"Calculated Gamble+1","floor":17.0},{"not_picked":["Dagger Throw","Bane","Dodge and Roll+1"],"picked":"SKIP","floor":18.0},{"not_picked":["Blade Dance+1","Die Die Die","Predator"],"picked":"SKIP","floor":19.0},{"not_picked":["Riddle With Holes","Outmaneuver+1"],"picked":"Footwork","floor":21.0},{"not_picked":["Setup+1","Prepared+1"],"picked":"Distraction+1","floor":22.0},{"not_picked":["Dash","Dagger Spray"],"picked":"Venomology+1","floor":23.0},{"not_picked":["Bane","Quick Slash"],"picked":"Acrobatics+1","floor":25},{"not_picked":["Dagger Spray+1","Skewer"],"picked":"Catalyst+1","floor":28},{"not_picked":["Poisoned Stab","Finisher+1"],"picked":"Deflect+1","floor":29},{"not_picked":["Outmaneuver+1","Sucker Punch"],"picked":"Deflect+1","floor":30},{"not_picked":["Skewer","Infinite Blades","Bane"],"picked":"SKIP","floor":31}],"player_experience":152061,"relics_obtained":[{"floor":9.0,"key":"Toxic Egg 2"},{"floor":13.0,"key":"Turnip"},{"floor":23.0,"key":"Bag of Preparation"},{"floor":25,"key":"Letter Opener"}],"event_choices":[{"damage_healed":0.0,"max_hp_gain":0.0,"max_hp_loss":0.0,"gold_gain":0.0,"event_name":"Scrap Ooze","player_choice":"Success","floor":3.0,"gold_loss":0.0,"damage_taken":18.0,"relics_obtained":["Mercury Hourglass"]},{"damage_healed":23.0,"max_hp_gain":0.0,"max_hp_loss":0.0,"gold_gain":0.0,"event_name":"Big Fish","player_choice":"Banana","floor":4.0,"gold_loss":0.0,"damage_taken":0.0},{"damage_healed":0.0,"max_hp_gain":0.0,"max_hp_loss":21.0,"gold_gain":0.0,"event_name":"Vampires","player_choice":"Became a vampire","floor":20.0,"gold_loss":0.0,"damage_taken":0.0,"cards_obtained":["Bite","Bite","Bite","Bite","Bite"]},{"damage_healed":16.0,"max_hp_gain":0.0,"max_hp_loss":0.0,"gold_gain":0.0,"event_name":"The Library","player_choice":"Heal","floor":24.0,"gold_loss":0.0,"damage_taken":0.0}],"is_beta":false,"boss_relics":[{"not_picked":["Fusion Hammer","Eternal Feather"],"picked":"Orrery"}],"items_purged_floors":[27],"is_endless":false,"potions_floor_spawned":[5,11,13,16,19,21,23,29,31],"killed_by":"Collector","ascension_level":0}