{"gold_per_floor":[118,268,268,268,288,326,1,20,20,54,129,129,170,188,188,188],"floor_reached":16,"playtime":353,"items_purged":["Injury"],"score":279,"play_id":"c7f088c8-3c79-4cbf-8fe9-8d47b7ea77aa","local_time":"20190402152114","is_ascension_mode":true,"campfire_choices":[{"floor":15,"key":"REST"}],"neow_cost":"NONE","seed_source_timestamp":1102397074091448,"circlet_count":0,"master_deck":["AscendersBane","Strike_B","Strike_B","Strike_B","Strike_B","Defend_B","Defend_B","Defend_B","Defend_B","Zap","Dualcast","Compile Driver","Doubt","Sweeping Beam","Rebound","Apotheosis","Ball Lightning","Genetic Algorithm","Leap"],"relics":["Cracked Core","NeowsBlessing","Golden Idol","Dead Branch","Singing Bowl","Blue Doll","Frozen Egg 2"],"potions_floor_usage":[],"damage_taken":[{"damage":0,"enemies":"2 Louse","floor":1,"turns":1},{"damage":0,"enemies":"Small Slimes","floor":5,"turns":1},{"damage":0,"enemies":"3 Sentries","floor":6,"turns":1},{"damage":2,"enemies":"Jaw Worm","floor":8,"turns":3},{"damage":40,"enemies":"Lagavulin","floor":10,"turns":5},{"damage":29,"enemies":"3 Sentries","floor":13,"turns":5},{"damage":9,"enemies":"3 Louse","floor":14,"turns":4}],"seed_played":"9212596079946608666","potions_obtained":[{"floor":1,"key":"Strength Potion"},{"floor":10,"key":"FearPotion"}],"is_trial":false,"path_per_floor":["M","?","?","?","M","E","$","M","T","E","?","?","E","M","R","B"],"character_chosen":"DEFECT","items_purchased":["Apotheosis","Ball Lightning"],"campfire_rested":1,"item_purchase_floors":[7,7],"current_hp_per_floor":[64,64,64,64,64,64,64,62,62,24,13,37,10,1,23,7],"gold":188,"neow_bonus":"THREE_ENEMY_KILL","is_prod":false,"is_daily":false,"chose_seed":false,"campfire_upgraded":0,"win_rate":0,"timestamp":1554236474,"path_taken":["M","?","?","?","?","E","$","M","T","E","?","?","E","M","R","BOSS"],"build_version":"2019-01-23","purchased_purges":1,"victory":false,"max_hp_per_floor":[71,71,71,71,71,71,71,71,71,73,73,73,75,75,75,75],"card_choices":[{"not_picked":["Rebound","Leap"],"picked":"Compile Driver","floor":1},{"not_picked":["Barrage","Redo"],"picked":"Sweeping Beam","floor":5},{"not_picked":["Sunder","Doom and Gloom"],"picked":"Rebound","floor":6},{"not_picked":["Gash","Darkness"],"picked":"Genetic Algorithm","floor":8},{"not_picked":["Go for the Eyes","Recycle","Conserve Battery"],"picked":"Singing Bowl","floor":10},{"not_picked":["Sweeping Beam","Turbo","Storm"],"picked":"Singing Bowl","floor":13},{"not_picked":["ReplayTheSpireMod:Calculation Training","Steam"],"picked":"Leap","floor":14}],"player_experience":879938,"relics_obtained":[{"floor":6,"key":"Dead Branch"},{"floor":9,"key":"Singing Bowl"},{"floor":10,"key":"Blue Doll"},{"floor":13,"key":"Frozen Egg 2"}],"event_choices":[{"damage_healed":0,"gold_gain":150,"player_choice":"AGREE","damage_taken":0,"max_hp_gain":0,"max_hp_loss":0,"event_name":"Liars Game","floor":2,"gold_loss":0,"cards_obtained":["Doubt"]},{"damage_healed":0,"gold_gain":0,"player_choice":"Ignored","damage_taken":0,"max_hp_gain":0,"max_hp_loss":0,"event_name":"Shining Light","floor":3,"gold_loss":0},{"damage_healed":0,"gold_gain":0,"player_choice":"Take Wound","damage_taken":0,"relics_obtained":["Golden Idol"],"max_hp_gain":0,"max_hp_loss":0,"event_name":"Golden Idol","floor":4,"gold_loss":0,"cards_obtained":["Injury"]},{"damage_healed":0,"gold_gain":75,"player_choice":"Gather Gold","damage_taken":11,"max_hp_gain":0,"max_hp_loss":0,"event_name":"World of Goop","floor":11,"gold_loss":0},{"damage_healed":24,"gold_gain":0,"player_choice":"Banana","damage_taken":0,"max_hp_gain":0,"max_hp_loss":0,"event_name":"Big Fish","floor":12,"gold_loss":0}],"is_beta":false,"boss_relics":[],"items_purged_floors":[7],"is_endless":false,"potions_floor_spawned":[1,6,10],"killed_by":"Slime Boss","ascension_level":19}