{"gold_per_floor":[119,119,119,134,147,147,180,180,207,207,4,86,86,86,86,86],"floor_reached":16,"playtime":796,"items_purged":[],"score":98,"play_id":"b3340178-7640-40fb-b0da-ffa2c3b70777","local_time":"20181015023127","is_ascension_mode":false,"campfire_choices":[{"data":"Deadly Poison","floor":6,"key":"SMITH"},{"data":"Outmaneuver","floor":8,"key":"SMITH"},{"data":"Apotheosis","floor":13,"key":"SMITH"},{"data":"Phantasmal Killer","floor":15,"key":"SMITH"}],"neow_cost":"","seed_source_timestamp":211131782472000,"circlet_count":0,"master_deck":["Defend_G+1","Defend_G+1","Defend_G","Defend_G","Defend_G","Strike_G","Strike_G","Strike_G","Strike_G","Strike_G","Survivor","Neutralize","Well Laid Plans","Acrobatics","Deadly Poison+1","Outmaneuver+1","Phantasmal Killer+1","Apotheosis+1"],"relics":["Ring of the Snake","War Paint","Frozen Egg 2","Omamori","Matryoshka"],"potions_floor_usage":[7,16,16],"damage_taken":[{"damage":1,"enemies":"Cultist","floor":1,"turns":4},{"damage":0,"enemies":"Small Slimes","floor":4,"turns":4},{"damage":1,"enemies":"2 Louse","floor":5,"turns":3},{"damage":3,"enemies":"Gremlin Nob","floor":7,"turns":5},{"damage":17,"enemies":"Large Slime","floor":10,"turns":8},{"damage":24,"enemies":"The Guardian","floor":16,"turns":8}],"seed_played":"-7788887571058810519","potions_obtained":[{"floor":4,"key":"GhostInAJar"},{"floor":5,"key":"FearPotion"},{"floor":7,"key":"PowerPotion"}],"is_trial":false,"path_per_floor":["M","?","$","M","M","R","E","R","T","M","$","T","R","$","R"],"character_chosen":"THE_SILENT","items_purchased":["Apotheosis"],"campfire_rested":0,"item_purchase_floors":[11],"current_hp_per_floor":[69,44,44,44,43,43,40,40,40,23,23,23,23,23,23,0],"gold":86,"neow_bonus":"","is_prod":false,"is_daily":false,"chose_seed":false,"campfire_upgraded":4,"win_rate":0.0,"timestamp":1539588687,"path_taken":["M","?","$","?","M","R","E","R","T","M","$","?","R","?","R","BOSS"],"build_version":"2018-10-11","purchased_purges":0,"victory":false,"max_hp_per_floor":[70,70,70,70,70,70,70,70,70,70,70,70,70,70,70,70],"card_choices":[{"not_picked":["Underhanded Strike","Leg Sweep"],"picked":"Well Laid Plans","floor":1},{"not_picked":["Poisoned Stab","Deadly Poison"],"picked":"Acrobatics","floor":4},{"not_picked":["All Out Attack","Riddle With Holes"],"picked":"Deadly Poison","floor":5},{"not_picked":["Dagger Throw","All Out Attack"],"picked":"Outmaneuver","floor":7},{"not_picked":["Deadly Poison","Underhanded Strike"],"picked":"Phantasmal Killer","floor":10}],"player_experience":66632,"relics_obtained":[{"floor":7,"key":"Frozen Egg 2"},{"floor":9,"key":"Omamori"},{"floor":12,"key":"Matryoshka"}],"event_choices":[{"event_name":"Scrap Ooze","player_choice":"success","floor":2,"damage_taken":25}],"is_beta":false,"boss_relics":[],"items_purged_floors":[],"is_endless":false,"potions_floor_spawned":[4,5,7],"killed_by":"The Guardian","ascension_level":0}