{"gold_per_floor":[361,373,373,393,408,408,426,456,506,518,518,549,47,222,222,317,317,327,237,248,173,183,183,195,50,73,73,23,23,54,54,54,156,156,168,168,178,178,29,29,47,61,61,10,10,10],"floor_reached":46,"playtime":1935,"items_purged":["Perfected Strike"],"score":538,"play_id":"b20dd46f-df1d-4fba-adc7-ba52730e57a4","local_time":"20190301164025","is_ascension_mode":true,"campfire_choices":[{"data":"Armaments","floor":6.0,"key":"SMITH"},{"floor":11.0,"key":"REST"},{"floor":15.0,"key":"REST"},{"floor":23.0,"key":"REST"},{"data":"Searing Blow","floor":27.0,"key":"SMITH"},{"data":"Searing Blow+1","floor":29.0,"key":"SMITH"},{"floor":32.0,"key":"REST"},{"data":"Searing Blow+2","floor":40.0,"key":"SMITH"},{"data":"Searing Blow+3","floor":45.0,"key":"SMITH"}],"neow_cost":"PERCENT_DAMAGE","seed_source_timestamp":1005847027457635,"circlet_count":0,"master_deck":["Strike_R","Strike_R","Strike_R","Defend_R","Defend_R","Defend_R","Defend_R+1","Bash","Headbutt","Pommel Strike","Armaments+1","Flame Barrier","Inflame","Juggernaut","Doubt","Shrug It Off","Searing Blow+4","Entrench+1","Necronomicurse","Pommel Strike","Purity","Madness","Madness","Armaments+1","Armaments"],"special_seed":0,"relics":["Burning Blood","Bronze Scales","Pen Nib","Bottled Lightning","PreservedInsect","Magic Flower","Busted Crown","Juzu Bracelet","Necronomicon","Velvet Choker","Strawberry","Frozen Egg 2"],"potions_floor_usage":[],"damage_taken":[{"damage":7.0,"enemies":"2 Louse","floor":1.0,"turns":3.0},{"damage":14.0,"enemies":"Jaw Worm","floor":2.0,"turns":4.0},{"damage":1.0,"enemies":"Cultist","floor":4.0,"turns":3.0},{"damage":9.0,"enemies":"2 Fungi Beasts","floor":5.0,"turns":4.0},{"damage":11.0,"enemies":"Exordium Wildlife","floor":7.0,"turns":5.0},{"damage":21.0,"enemies":"Gremlin Nob","floor":8.0,"turns":4.0},{"damage":8.0,"enemies":"Lots of Slimes","floor":10.0,"turns":4.0},{"damage":15.0,"enemies":"Lagavulin","floor":12.0,"turns":4.0},{"damage":10.0,"enemies":"The Guardian","floor":16.0,"turns":9.0},{"damage":0.0,"enemies":"3 Byrds","floor":18.0,"turns":1.0},{"damage":19.0,"enemies":"Spheric Guardian","floor":20.0,"turns":5.0},{"damage":20.0,"enemies":"Shelled Parasite and Fungi","floor":22.0,"turns":5.0},{"damage":10.0,"enemies":"Chosen and Byrds","floor":24.0,"turns":5.0},{"damage":23.0,"enemies":"Gremlin Leader","floor":30.0,"turns":5.0},{"damage":61.0,"enemies":"Automaton","floor":33.0,"turns":9.0},{"damage":11.0,"enemies":"Orb Walker","floor":35.0,"turns":3.0},{"damage":21.0,"enemies":"3 Darklings","floor":37.0,"turns":3.0},{"damage":10.0,"enemies":"Spire Growth","floor":41.0,"turns":3.0},{"damage":20.0,"enemies":"Jaw Worm Horde","floor":42.0,"turns":4.0},{"damage":13,"enemies":"Transient","floor":46,"turns":4}],"seed_played":"-6404438639877858575","potions_obtained":[{"floor":1.0,"key":"Swift Potion"},{"floor":5.0,"key":"GamblersBrew"},{"floor":16.0,"key":"Energy Potion"},{"floor":18.0,"key":"Regen Potion"},{"floor":22.0,"key":"Energy Potion"},{"floor":35.0,"key":"Swift Potion"},{"floor":37.0,"key":"AttackPotion"}],"is_trial":false,"path_per_floor":["M","M","?","M","M","R","M","E","T","M","R","E","$","?","R","B",null,"M","?","M","?","M","R","M","$","T","R","$","R","E","?","R","B",null,"M","?","M","?","$","R","M","M","T","$","R","M"],"character_chosen":"IRONCLAD","items_purchased":["PreservedInsect","Magic Flower","Fire Potion","Searing Blow","Weak Potion","Strawberry","Armaments"],"campfire_rested":4,"item_purchase_floors":[13,13,13,25,28,39,44],"current_hp_per_floor":[55,47,47,52,49,49,44,29,29,27,51,42,42,42,66,65,80,80,80,70,70,59,80,79,79,79,79,79,79,65,49,73,39,80,78,78,66,56,63,63,62,51,51,51,51,38],"gold":10,"neow_bonus":"TWO_FIFTY_GOLD","is_prod":false,"is_daily":false,"chose_seed":false,"campfire_upgraded":5,"win_rate":0,"timestamp":1551480025,"path_taken":["M","M","?","M","M","R","M","E","T","M","R","E","$","?","R","BOSS","M","?","?","?","M","R","M","$","T","R","?","R","E","?","R","BOSS","M","?","M","?","$","R","M","M","T","$","R","M"],"build_version":"2019-01-23","purchased_purges":1,"victory":false,"max_hp_per_floor":[80,80,80,80,80,80,80,80,80,80,80,80,80,80,80,80,80,80,80,80,80,80,80,80,80,80,80,80,80,80,80,80,80,80,80,80,80,80,87,87,87,87,87,87,87,87],"card_choices":[{"not_picked":["Blood for Blood","Anger"],"picked":"Headbutt","floor":1.0},{"not_picked":["Entrench","Warcry"],"picked":"Pommel Strike","floor":2.0},{"not_picked":["Infernal Blade","Disarm"],"picked":"Armaments","floor":4.0},{"not_picked":["Sever Soul","Exhume"],"picked":"Flame Barrier","floor":5.0},{"not_picked":["Ghostly Armor","True Grit"],"picked":"Perfected Strike","floor":7.0},{"not_picked":["Heavy Blade","Fire Breathing"],"picked":"Inflame","floor":8.0},{"not_picked":["Entrench","Bloodletting","Uppercut"],"picked":"SKIP","floor":10.0},{"not_picked":["Juggernaut","Hemokinesis","Heavy Blade"],"picked":"SKIP","floor":12.0},{"not_picked":["Hemokinesis","Heavy Blade"],"picked":"Juggernaut","floor":12.0},{"not_picked":[],"picked":"Shrug It Off","floor":18.0},{"not_picked":["Heavy Blade+1"],"picked":"SKIP","floor":20.0},{"not_picked":["Clothesline"],"picked":"SKIP","floor":22.0},{"not_picked":["Thunderclap"],"picked":"SKIP","floor":24.0},{"not_picked":[],"picked":"Entrench+1","floor":30.0},{"not_picked":[],"picked":"Pommel Strike","floor":35.0},{"not_picked":[],"picked":"Purity","floor":36.0},{"not_picked":["Cleave+1"],"picked":"SKIP","floor":37.0},{"not_picked":[],"picked":"Armaments+1","floor":41.0},{"not_picked":["Anger+1"],"picked":"SKIP","floor":42.0}],"player_experience":589400,"relics_obtained":[{"floor":8.0,"key":"Bronze Scales"},{"floor":9.0,"key":"Pen Nib"},{"floor":12.0,"key":"Bottled Lightning"},{"floor":30.0,"key":"Juzu Bracelet"},{"floor":31.0,"key":"Necronomicon"},{"floor":43.0,"key":"Frozen Egg 2"}],"event_choices":[{"damage_healed":0.0,"max_hp_gain":0.0,"max_hp_loss":0.0,"gold_gain":0.0,"event_name":"Golden Wing","player_choice":"Ignored","floor":3.0,"gold_loss":0.0,"damage_taken":0.0},{"damage_healed":0.0,"max_hp_gain":0.0,"max_hp_loss":0.0,"gold_gain":175.0,"event_name":"Liars Game","player_choice":"AGREE","floor":14.0,"gold_loss":0.0,"damage_taken":0.0,"cards_obtained":["Doubt"]},{"cards_removed":["Strike_R"],"damage_healed":0.0,"max_hp_gain":0.0,"max_hp_loss":0.0,"gold_gain":0.0,"event_name":"Designer","player_choice":"Upgrade and Remove","floor":19.0,"gold_loss":90.0,"damage_taken":0.0,"cards_upgraded":["Defend_R"]},{"cards_removed":["Strike_R"],"damage_healed":0.0,"max_hp_gain":0.0,"max_hp_loss":0.0,"gold_gain":0.0,"event_name":"Beggar","player_choice":"Gave Gold","floor":21.0,"gold_loss":75.0,"damage_taken":0.0},{"damage_healed":0.0,"max_hp_gain":0.0,"max_hp_loss":0.0,"gold_gain":0.0,"event_name":"Cursed Tome","player_choice":"Obtained Book","floor":31.0,"gold_loss":0.0,"damage_taken":16.0},{"damage_healed":0.0,"max_hp_gain":0.0,"max_hp_loss":0.0,"gold_gain":0.0,"event_name":"SensoryStone","player_choice":"Memory 1","floor":36.0,"gold_loss":0.0,"damage_taken":0.0},{"damage_healed":0.0,"max_hp_gain":0.0,"max_hp_loss":0.0,"gold_gain":0.0,"event_name":"Winding Halls","player_choice":"Embrace Madness","floor":38.0,"gold_loss":0.0,"damage_taken":10.0,"cards_obtained":["Madness","Madness"]}],"is_beta":false,"boss_relics":[{"not_picked":["Snecko Eye","Sozu"],"picked":"Busted Crown"},{"not_picked":["Mark of Pain","Runic Pyramid"],"picked":"Velvet Choker"}],"items_purged_floors":[25],"is_endless":false,"potions_floor_spawned":[1,5,16,18,22,30,35,37],"killed_by":"Transient","ascension_level":4}