{"gold_per_floor":[112,125,125,135,135,170,170,22,22,22,56,68,99,114,114,191,191,207,225,240,21,35,35,68,68,137,165,192,192,202,233,233,312,312,327,347,363,252,297,324,342,377,427,444,456,731,665,694,694,694,694,694,694,694,720,720],"floor_reached":56,"playtime":1693,"items_purged":[],"score":3209,"play_id":"7952abf9-bd7f-444a-9757-25397cf19a63","local_time":"20190411091843","is_ascension_mode":true,"campfire_choices":[{"floor":7,"key":"REST"},{"floor":10,"key":"RECALL"},{"floor":15,"key":"REST"},{"floor":23,"key":"REST"},{"floor":25,"key":"REST"},{"floor":29,"key":"REST"},{"floor":53,"key":"REST"}],"neow_cost":"NONE","seed_source_timestamp":139360774164624,"circlet_count":0,"master_deck":["AscendersBane","Strike_B","Strike_B","Strike_B","Strike_B","Defend_B","Defend_B","Defend_B","Defend_B","Zap","Dualcast","Anger","Battle Trance","Armaments","Bash","Bludgeon","Bloodletting","Barricade","Blood for Blood","Carnage","Burning Pact","Brutality+1","Combust","Clothesline","Cleave","Clash","Dark Embrace","Defend_R","Demon Form","Corruption","Double Tap","Disarm","Evolve","Fiend Fire","Feel No Pain","Havoc","Ghostly Armor","Flex","Hemokinesis","Immolate","Impervious","Heavy Blade","Headbutt","Juggernaut","Iron Wave","Intimidate","Inflame","Infernal Blade","Limit Break","Offering","Metallicize","Rage","Power Through","Pommel Strike","Reaper","Rampage","Spot Weakness","Shrug It Off","Sever Soul","Thunderclap","Accuracy","A Thousand Cuts","Acrobatics","Adrenaline","All Out Attack","Venomology","After Image","Burst","Bullet Time","Calculated Gamble","Caltrops","Blur","Blade Dance","Bane","Bouncing Flask","Catalyst","Choke","Cloak And Dagger","Concentrate","Deadly Poison","Dash","Dagger Throw","Dagger Spray","Crippling Poison","Defend_G","Deflect","Die Die Die","Distraction","Dodge and Roll","Envenom","Endless Agony","Doppelganger","Escape Plan","Expertise","Finisher","Footwork","Infinite Blades","Neutralize","Noxious Fumes","Riddle With Holes","Quick Slash","Prepared","Slice","Strike_G","Storm of Steel","Underhanded Strike","Survivor","Tools of the Trade","Wraith Form v2","Amplify","All For One","Aggregate","Auto Shields","Ball Lightning","Blizzard","Biased Cognition","Beam Cell","Barrage","Buffer","Lockon","Chaos","Capacitor","Gash","Cold Snap","Chill","Conserve Battery","Compile Driver","Consume","Creative AI","Core Surge","Coolheaded","BasicCrystalCard","Darkness","Defend_B","Defragment","Echo Form","Dualcast","Double Energy","Doom and Gloom","Electrodynamics","Undo","FIFO Queue","FTL","Genetic Algorithm","Fusion","Force Field","Fission","ReplayTheSpireMod:Fabricate Wheel","Glacier","Go for the Eyes","Heatsinks","Hello World","Hologram","Melter","Machine Learning","Loop","Leap","Hyperbeam","Meteor Strike","Mirror Shield","Multi-Cast","Steam Power","Reboot","Rainbow","ReplayRNGCard","Rebound","Redo","Recycle","Reinforced Body","Reprogram","Seek","Scrape","Rip and Tear","Self Repair","Skim","Storm","Streamline","Static Discharge","Stack","Strike_B","Sunder","Sweeping Beam","White Noise","Zap","Thunder Strike","Tempest","Apotheosis","Ghostly","Bandage Up","Enlightenment","Forethought","Flash of Steel","HandOfGreed","Good Instincts","Master of Strategy","Impatience","Magnetism","Madness","Mind Blast+1","Armaments","Blood for Blood","Bludgeon","Bash","Barricade","Anger","Berserk","Battle Trance","Body Slam","Brutality","Burning Pact","Carnage","Combust","Clothesline","Cleave","Clash","Dark Embrace","Defend_R","Demon Form","Dual Wield","Dropkick","Double Tap","Disarm","Corruption","Evolve","Entrench","Exhume","Fire Breathing","Fiend Fire","Feed","Flame Barrier","Havoc","Ghostly Armor","Flex","Headbutt","Heavy Blade","Impervious","Immolate","Hemokinesis","Inflame","ReplayTheSpireMod:LeadingStrike","Life Link","Replay:Many Hands","Juggernaut","Iron Wave","Intimidate","Limit Break","ReplayTheSpireMod:Stacked","Perfected Strike","Offering","Rage","Pummel","Power Through","Metallicize","Massacre","Pommel Strike","Reaper","Rampage","ReplayReversal","Concentrate","Die Die Die","Expertise","Infinite Blades","Neutralize","Phantasmal Killer","Riddle With Holes","Strike_G","Storm of Steel","Terror","Unload","Blizzard","Capacitor","Gash","Coolheaded","Echo Form","Dualcast","Defend_B","FTL","Fusion","Force Field","Hello World","Loop","Leap","Multi-Cast","Skim","Streamline","Zap","White Noise","Bandage Up","Chrysalis","Blind","Dark Shackles","Finesse","Enlightenment","Flash of Steel","Impatience","Madness","Jack Of All Trades","Mind Blast+1","Mind Blast+1","Mind Blast+1","Mind Blast+1","Stack","Sunder","Blizzard","Force Field","Beam Cell","Beam Cell","Ball Lightning","Stack","Tempest","Ball Lightning","Mirror Shield","Skim","Mirror Shield","Hologram+1","White Noise","Beam Cell+1","Turbo","White Noise+1","Stack","Auto Shields","Steam Power","Thunder Strike","Ball Lightning+1","Fission","Coolheaded+1","Lockon+1","Ball Lightning","Coolheaded+1","Electrodynamics","Hologram","BasicCrystalCard","Compile Driver+1","ReplayTheSpireMod:Calculation Training","Regret","ReplayUltimateDefense","Specialist","Finesse","Ball Lightning","Static Discharge","Steam+1","conspire:Rain+1"],"relics":["Cracked Core","Seething Fire","Hammer of Thor","Anvil of the Gods","NeowsBlessing","Darkstone Periapt","Boot","Snack Pack","Busted Crown","Membership Card","Potion Belt","Red Mask","Vajra","conspire:GiftBox","conspire:TreasureMap","StoneCalendar","Dream Catcher","Anchor","Question Card","ReplayTheSpireMod:ShopPack","Torii","Blood Vial"],"potions_floor_usage":[22,56,56,56],"damage_taken":[{"damage":0,"enemies":"2 Louse","floor":1,"turns":1},{"damage":0,"enemies":"Jaw Worm","floor":2,"turns":1},{"damage":0,"enemies":"Small Slimes","floor":4,"turns":1},{"damage":0,"enemies":"Lagavulin","floor":6,"turns":1},{"damage":0,"enemies":"3 Sentries","floor":11,"turns":1},{"damage":0,"enemies":"Looter","floor":12,"turns":1},{"damage":0,"enemies":"Gremlin Nob","floor":13,"turns":1},{"damage":1,"enemies":"Gremlin Gang","floor":14,"turns":3},{"damage":0,"enemies":"Slime Boss","floor":16,"turns":1},{"damage":0,"enemies":"Chosen","floor":18,"turns":1},{"damage":0,"enemies":"2 Thieves","floor":19,"turns":1},{"damage":0,"enemies":"Cultist and Chosen","floor":20,"turns":1},{"damage":42,"enemies":"conspire:HollyBat","floor":22,"turns":15},{"damage":0,"enemies":"conspire:SneckoGhost","floor":24,"turns":1},{"damage":0,"enemies":"Masked Bandits","floor":27,"turns":1},{"damage":0,"enemies":"Gremlin Leader","floor":28,"turns":1},{"damage":0,"enemies":"Chosen and Byrds","floor":30,"turns":1},{"damage":0,"enemies":"conspire:SneckoGhost","floor":31,"turns":1},{"damage":0,"enemies":"conspire:MysteriousRune","floor":33,"turns":1},{"damage":0,"enemies":"3 Darklings","floor":35,"turns":1},{"damage":0,"enemies":"3 Shapes","floor":36,"turns":1},{"damage":0,"enemies":"Sphere and 2 Shapes","floor":37,"turns":1},{"damage":0,"enemies":"2 Orb Walkers","floor":39,"turns":1},{"damage":0,"enemies":"Reptomancer","floor":40,"turns":1},{"damage":0,"enemies":"Transient","floor":41,"turns":1},{"damage":0,"enemies":"Giant Head","floor":42,"turns":1},{"damage":0,"enemies":"3 Darklings","floor":44,"turns":1},{"damage":0,"enemies":"4 Shapes","floor":45,"turns":1},{"damage":0,"enemies":"Nemesis","floor":48,"turns":1},{"damage":0,"enemies":"Time Eater","floor":50,"turns":1},{"damage":0,"enemies":"Donu and Deca","floor":51,"turns":1},{"damage":0,"enemies":"Shield and Spear","floor":55,"turns":1},{"damage":19,"enemies":"The Heart","floor":56,"turns":3}],"seed_played":"8050575100245614709","potions_obtained":[{"floor":11,"key":"Strength Potion"},{"floor":13,"key":"LiquidBronze"},{"floor":14,"key":"Energy Potion"},{"floor":16,"key":"conspire:EchoDraught"},{"floor":22,"key":"Fire Potion"},{"floor":28,"key":"Venom Potion"},{"floor":31,"key":"Dexterity Potion"},{"floor":37,"key":"LifebloodPotion"}],"is_trial":false,"path_per_floor":["M","M","?","M","?","E","R","$","T","R","E","M","E","M","R","B",null,"M","M","M","$","M","R","E","R","T","?","E","R","M","E","R","B",null,"M","M","M","$","?","E","M","E","T","M","M","?","$","E","R","B","B",null,"R","$","E","B"],"character_chosen":"DEFECT","items_purchased":["Beam Cell","Ball Lightning","Stack","Membership Card","conspire:TreasureMap","ReplayTheSpireMod:ShopPack"],"campfire_rested":6,"item_purchase_floors":[8,8,8,21,38,47],"current_hp_per_floor":[64,64,64,64,64,64,71,71,71,71,71,71,71,70,71,71,71,71,71,71,71,47,68,68,71,71,71,71,71,71,71,71,71,71,71,71,71,71,71,71,71,71,71,71,71,77,77,77,77,77,77,77,77,77,77,62],"gold":720,"neow_bonus":"THREE_ENEMY_KILL","is_prod":false,"is_daily":false,"chose_seed":false,"campfire_upgraded":0,"win_rate":0,"timestamp":1554992323,"path_taken":["M","M","?","M","?","E","R","?","T","R","E","M","E","M","R","BOSS","M","M","M","$","M","R","E","R","T","?","E","R","M","E","R","BOSS","M","M","M","$","?","E","M","E","T","M","M","?","$","E","R","BOSS","BOSS","R","$","E","BOSS"],"build_version":"2019-01-23","purchased_purges":0,"victory":false,"max_hp_per_floor":[71,71,71,71,71,71,71,71,71,71,71,71,71,71,71,71,71,71,71,71,71,71,71,71,71,71,71,71,71,71,71,71,71,71,71,71,71,71,71,71,71,71,71,71,71,77,77,77,77,77,77,77,77,77,77,77],"card_choices":[{"not_picked":["Compile Driver","Rebound"],"picked":"Stack","floor":1},{"not_picked":["conspire:SharedLibrary","Rebound"],"picked":"Sunder","floor":2},{"not_picked":["Auto Shields","FIFO Queue"],"picked":"Blizzard","floor":4},{"not_picked":["Loop","Sweeping Beam"],"picked":"Force Field","floor":6},{"not_picked":["Stack","Reinforced Body"],"picked":"Tempest","floor":11},{"not_picked":["ReplayTheSpireMod:Reroute Power","Barrage"],"picked":"Ball Lightning","floor":12},{"not_picked":["Hello World","Redo"],"picked":"Mirror Shield","floor":13},{"not_picked":["Defragment","Compile Driver"],"picked":"Skim","floor":14},{"not_picked":["Creative AI","Hyperbeam"],"picked":"Mirror Shield","floor":16},{"not_picked":[],"picked":"Hologram+1","floor":18},{"not_picked":[],"picked":"White Noise","floor":19},{"not_picked":[],"picked":"Beam Cell+1","floor":20},{"not_picked":[],"picked":"Turbo","floor":22},{"not_picked":[],"picked":"White Noise+1","floor":24},{"not_picked":[],"picked":"Stack","floor":27},{"not_picked":[],"picked":"Auto Shields","floor":28},{"not_picked":[],"picked":"Steam Power","floor":30},{"not_picked":[],"picked":"Thunder Strike","floor":31},{"not_picked":[],"picked":"Ball Lightning+1","floor":31},{"not_picked":[],"picked":"Fission","floor":33},{"not_picked":[],"picked":"Coolheaded+1","floor":35},{"not_picked":[],"picked":"Lockon+1","floor":36},{"not_picked":[],"picked":"Ball Lightning","floor":37},{"not_picked":[],"picked":"Coolheaded+1","floor":39},{"not_picked":[],"picked":"Electrodynamics","floor":40},{"not_picked":[],"picked":"Hologram","floor":41},{"not_picked":[],"picked":"BasicCrystalCard","floor":42},{"not_picked":["Sweeping Beam"],"picked":"Compile Driver+1","floor":44},{"not_picked":["Conserve Battery"],"picked":"ReplayTheSpireMod:Calculation Training","floor":45},{"not_picked":["Crow Ritual"],"picked":"ReplayUltimateDefense","floor":47},{"not_picked":["Trip"],"picked":"Specialist","floor":47},{"not_picked":["Dramatic Entrance"],"picked":"Finesse","floor":47},{"not_picked":["Leap"],"picked":"Ball Lightning","floor":48},{"not_picked":["Beam Cell+1"],"picked":"Static Discharge","floor":49},{"not_picked":["Beam Cell"],"picked":"Steam+1","floor":53},{"not_picked":["Compile Driver+1"],"picked":"conspire:Rain+1","floor":55}],"player_experience":911047,"relics_obtained":[{"floor":6,"key":"Darkstone Periapt"},{"floor":11,"key":"Boot"},{"floor":13,"key":"Snack Pack"},{"floor":24,"key":"Potion Belt"},{"floor":27,"key":"Red Mask"},{"floor":28,"key":"Vajra"},{"floor":31,"key":"conspire:GiftBox"},{"floor":39,"key":"StoneCalendar"},{"floor":40,"key":"Dream Catcher"},{"floor":42,"key":"Anchor"},{"floor":43,"key":"Question Card"},{"floor":48,"key":"Torii"},{"floor":55,"key":"Blood Vial"}],"event_choices":[{"damage_healed":0,"gold_gain":0,"player_choice":"Fled","damage_taken":0,"max_hp_gain":0,"max_hp_loss":0,"event_name":"Scrap Ooze","floor":3,"gold_loss":0},{"damage_healed":0,"gold_gain":0,"player_choice":"Disagree","damage_taken":0,"max_hp_gain":0,"max_hp_loss":0,"event_name":"conspire:LoneGhost","floor":5,"gold_loss":0},{"damage_healed":0,"gold_gain":0,"player_choice":"Fought Bandits","damage_taken":0,"max_hp_gain":0,"max_hp_loss":0,"event_name":"Masked Bandits","floor":27,"gold_loss":0},{"damage_healed":0,"gold_gain":0,"player_choice":"Ignored","damage_taken":0,"max_hp_gain":0,"max_hp_loss":0,"event_name":"Vampires","floor":32,"gold_loss":0},{"damage_healed":0,"gold_gain":0,"player_choice":"Fight","damage_taken":0,"max_hp_gain":0,"max_hp_loss":0,"event_name":"Mysterious Sphere","floor":39,"gold_loss":0},{"damage_healed":0,"gold_gain":275,"player_choice":"Desecrate","damage_taken":0,"max_hp_gain":0,"max_hp_loss":0,"event_name":"Golden Shrine","floor":46,"gold_loss":0,"cards_obtained":["Regret"]}],"is_beta":false,"boss_relics":[{"not_picked":["Tiny House","Cursed Key"],"picked":"Busted Crown"},{"not_picked":[]}],"items_purged_floors":[],"is_endless":false,"potions_floor_spawned":[11,13,14,16,18,22,28,31,33,37,40,42,45,48,55],"killed_by":"The Heart","ascension_level":20}