{"gold_per_floor":[111,127,127,127,145,145,171,171,241,251,269,269,269,292,292,422,422,441,177,117,131,147,147,162,202,202,202,7,7,20,20,20,20],"floor_reached":33,"playtime":2998,"items_purged":["Injury","Bash"],"score":345,"play_id":"9bb1b342-aa7c-4932-b367-4bb308d41c4d","local_time":"20190328210225","is_ascension_mode":true,"campfire_choices":[{"data":"Havoc","floor":6,"key":"SMITH"},{"floor":8,"key":"REST"},{"floor":13,"key":"REST"},{"data":"Havoc","floor":15,"key":"SMITH"},{"floor":23,"key":"REST"},{"floor":27,"key":"REST"},{"data":"Seeing Red","floor":29,"key":"SMITH"},{"floor":32,"key":"REST"}],"neow_cost":"CURSE","seed_source_timestamp":688228169800157,"circlet_count":0,"master_deck":["Strike_R","Strike_R+1","Strike_R","Strike_R","Defend_R","Defend_R+1","Defend_R","Clumsy","Trip","Intimidate","Havoc+1","Spot Weakness","Burning Pact","Havoc+1","Immolate","Corruption","Anger","Magnetism","Feel No Pain","Fiend Fire","Clash","Flex","Clash","Seeing Red+1","Ghostly","Ghostly","Ghostly","Ghostly","Ghostly"],"relics":["Black Blood","Unceasing Top","Smiling Mask","Bottled Lightning","Golden Idol","Incense Burner","Juzu Bracelet","Red Skull"],"potions_floor_usage":[7,16,16,22,22],"damage_taken":[{"damage":9,"enemies":"Cultist","floor":1,"turns":5},{"damage":19,"enemies":"Jaw Worm","floor":2,"turns":5},{"damage":0,"enemies":"Small Slimes","floor":5,"turns":3},{"damage":46,"enemies":"Gremlin Nob","floor":7,"turns":5},{"damage":8,"enemies":"Blue Slaver","floor":10,"turns":3},{"damage":25,"enemies":"Lots of Slimes","floor":11,"turns":4},{"damage":10,"enemies":"Red Slaver","floor":14,"turns":4},{"damage":23,"enemies":"Hexaghost","floor":16,"turns":9},{"damage":44,"enemies":"Shell Parasite","floor":18,"turns":6},{"damage":11,"enemies":"Chosen","floor":21,"turns":4},{"damage":18,"enemies":"3 Cultists","floor":22,"turns":4},{"damage":18,"enemies":"Snecko","floor":24,"turns":5},{"damage":23,"enemies":"Book of Stabbing","floor":25,"turns":5},{"damage":37,"enemies":"Centurion and Healer","floor":30,"turns":4},{"damage":45,"enemies":"Automaton","floor":33,"turns":10}],"seed_played":"-6329309008910539385","potions_obtained":[{"floor":2,"key":"Explosive Potion"},{"floor":7,"key":"AttackPotion"},{"floor":10,"key":"SkillPotion"},{"floor":14,"key":"Swift Potion"},{"floor":16,"key":"Strength Potion"}],"is_trial":false,"path_per_floor":["M","M","?","?","M","R","E","R","T","M","M","?","R","M","R","B",null,"M","$","?","M","M","R","M","E","T","R","$","R","M","?","R","B"],"character_chosen":"IRONCLAD","items_purchased":["Anger","Magnetism","Red Skull"],"campfire_rested":5,"item_purchase_floors":[19,19,28],"current_hp_per_floor":[77,64,48,48,54,54,14,38,38,36,17,17,39,35,35,18,74,40,40,40,39,31,53,45,32,32,54,54,54,27,27,37,0],"gold":20,"neow_bonus":"ONE_RARE_RELIC","is_prod":false,"is_daily":false,"chose_seed":false,"campfire_upgraded":3,"win_rate":0,"timestamp":1553824945,"path_taken":["M","M","?","?","M","R","E","R","T","M","?","?","R","M","R","BOSS","M","$","?","M","?","R","M","E","T","R","?","R","M","?","R","BOSS"],"build_version":"2019-01-23","purchased_purges":2,"victory":false,"max_hp_per_floor":[80,80,80,80,80,80,80,80,80,80,80,74,74,74,74,74,74,74,74,74,74,74,74,74,74,74,74,74,74,74,37,37,37],"card_choices":[{"not_picked":["Searing Blow","Dual Wield","Blood for Blood"],"picked":"SKIP","floor":1},{"not_picked":["Havoc","Wild Strike","Sword Boomerang"],"picked":"SKIP","floor":2},{"not_picked":["Searing Blow","Clothesline"],"picked":"Havoc","floor":5},{"not_picked":["True Grit","Warcry"],"picked":"Spot Weakness","floor":7},{"not_picked":["Heavy Blade","Body Slam","True Grit"],"picked":"SKIP","floor":10},{"not_picked":["Shockwave","Flex"],"picked":"Burning Pact","floor":11},{"not_picked":["Shrug It Off","Burning Pact"],"picked":"Havoc","floor":14},{"not_picked":["Exhume","Offering"],"picked":"Immolate","floor":16},{"not_picked":["Shrug It Off","Perfected Strike"],"picked":"Corruption","floor":18},{"not_picked":["Pummel","Havoc"],"picked":"Clash","floor":21},{"not_picked":["Heavy Blade+1","Shockwave+1"],"picked":"Flex","floor":22},{"not_picked":["Sword Boomerang","Intimidate"],"picked":"Clash","floor":24},{"not_picked":["Wild Strike","Brutality"],"picked":"Seeing Red","floor":25},{"not_picked":["Cleave","Thunderclap","Hemokinesis"],"picked":"SKIP","floor":30}],"player_experience":860970,"relics_obtained":[{"floor":7,"key":"Smiling Mask"},{"floor":9,"key":"Bottled Lightning"},{"floor":25,"key":"Incense Burner"},{"floor":26,"key":"Juzu Bracelet"}],"event_choices":[{"damage_healed":0,"gold_gain":0,"player_choice":"Entered Light","damage_taken":16,"max_hp_gain":0,"max_hp_loss":0,"event_name":"Shining Light","floor":3,"gold_loss":0,"cards_upgraded":["Strike_R","Defend_R"]},{"damage_healed":0,"gold_gain":0,"player_choice":"3 cards matched","damage_taken":0,"max_hp_gain":0,"max_hp_loss":0,"event_name":"Match and Keep!","floor":4,"gold_loss":0,"cards_obtained":["Clumsy","Trip","Intimidate"]},{"damage_healed":0,"gold_gain":0,"player_choice":"Lose Max HP","damage_taken":0,"relics_obtained":["Golden Idol"],"max_hp_gain":0,"max_hp_loss":6,"event_name":"Golden Idol","floor":12,"gold_loss":0},{"damage_healed":0,"gold_gain":0,"cards_transformed":["Defend_R","Strike_R"],"player_choice":"Transformed Cards","damage_taken":0,"max_hp_gain":0,"max_hp_loss":0,"event_name":"Designer","floor":20,"gold_loss":60,"cards_obtained":["Feel No Pain","Fiend Fire"]},{"damage_healed":0,"gold_gain":0,"player_choice":"Became a Ghost","damage_taken":0,"max_hp_gain":0,"max_hp_loss":37,"event_name":"Ghosts","floor":31,"gold_loss":0,"cards_obtained":["Ghostly","Ghostly","Ghostly","Ghostly","Ghostly"]}],"is_beta":false,"boss_relics":[{"not_picked":["Sozu","Fusion Hammer"],"picked":"Black Blood"}],"items_purged_floors":[19,28],"is_endless":false,"potions_floor_spawned":[2,7,10,14,16],"killed_by":"Automaton","ascension_level":4}