{"gold_per_floor":[115,126,146,157,457,475,475,494,494,494,511,522,125,141,141,246,246,265,86,185,198,198,198,212,222,222,234,266,278,306,331,343,355],"floor_reached":33,"playtime":1071,"items_purged":["Strike_B"],"score":297,"play_id":"68a812a1-1ddd-48ca-b02e-ae5b5b736abe","local_time":"20181125164113","is_ascension_mode":false,"campfire_choices":[{"data":"Zap","floor":10,"key":"SMITH"},{"floor":15,"key":"REST"},{"data":"Storm","floor":23,"key":"SMITH"},{"data":"Steam Power","floor":27,"key":"SMITH"},{"floor":29,"key":"REST"},{"floor":32,"key":"REST"}],"neow_cost":"TEN_PERCENT_HP_LOSS","seed_source_timestamp":750039578500196,"circlet_count":0,"master_deck":["Strike_B","Strike_B","Defend_B","Defend_B","Defend_B","Defend_B","Zap+1","Dualcast","Steam","Ball Lightning","Cold Snap","Leap","Loop","Hologram","Steam","Steam Power+1","Melter","Turbo","Go for the Eyes","Electrodynamics","Seek","Hologram","Storm+1","Melter+1","Leap","Streamline","Auto Shields"],"relics":["Cracked Core","Ginger","Old Coin","Bottled Lightning","Letter Opener","Busted Crown","Vajra","MawBank"],"potions_floor_usage":[33,33,33],"damage_taken":[{"damage":0,"enemies":"Cultist","floor":1,"turns":3},{"damage":0,"enemies":"2 Louse","floor":2,"turns":2},{"damage":0,"enemies":"Jaw Worm","floor":3,"turns":3},{"damage":2,"enemies":"Red Slaver","floor":4,"turns":3},{"damage":0,"enemies":"Exordium Thugs","floor":6,"turns":4},{"damage":11,"enemies":"Exordium Wildlife","floor":8,"turns":5},{"damage":1,"enemies":"Looter","floor":11,"turns":3},{"damage":8,"enemies":"Large Slime","floor":12,"turns":5},{"damage":0,"enemies":"Red Slaver","floor":14,"turns":3},{"damage":0,"enemies":"Slime Boss","floor":16,"turns":6},{"damage":17,"enemies":"Shell Parasite","floor":18,"turns":5},{"damage":0,"enemies":"Chosen","floor":21,"turns":4},{"damage":6,"enemies":"Centurion and Healer","floor":24,"turns":3},{"damage":0,"enemies":"Sentry and Sphere","floor":25,"turns":2},{"damage":24,"enemies":"Snake Plant","floor":28,"turns":3},{"damage":0,"enemies":"Centurion and Healer","floor":30,"turns":4},{"damage":15,"enemies":"Snecko","floor":31,"turns":4},{"damage":50,"enemies":"Champ","floor":33,"turns":9}],"seed_played":"-3587673222408071933","potions_obtained":[{"floor":3,"key":"Dexterity Potion"},{"floor":11,"key":"PowerPotion"},{"floor":12,"key":"LiquidBronze"}],"is_trial":false,"path_per_floor":["M","M","M","M","?","M","?","M","T","R","M","M","$","M","R","B",null,"M","$","?","M","?","R","M","M","T","R","M","R","M","M","R","B"],"character_chosen":"DEFECT","items_purchased":["Letter Opener","Turbo","Go for the Eyes","Vajra","Storm"],"campfire_rested":3,"item_purchase_floors":[13,13,13,19,19],"current_hp_per_floor":[68,68,68,66,54,54,54,43,43,43,42,34,34,34,54,54,68,51,51,51,51,51,51,45,45,45,45,21,41,41,26,46,0],"gold":355,"neow_bonus":"ONE_RARE_RELIC","is_prod":false,"is_daily":false,"chose_seed":false,"campfire_upgraded":3,"win_rate":0.0,"timestamp":1543185673,"path_taken":["M","?","M","M","?","M","?","?","T","R","M","?","?","M","R","BOSS","M","$","?","M","?","R","M","M","T","R","M","R","?","M","R","BOSS"],"build_version":"2018-11-15","purchased_purges":1,"victory":false,"max_hp_per_floor":[68,68,68,68,68,68,68,68,68,68,68,68,68,68,68,68,68,68,68,68,68,68,68,68,68,68,68,68,68,68,68,68,68],"card_choices":[{"not_picked":["Stack","Chaos"],"picked":"Steam","floor":1},{"not_picked":["Darkness","Rebound"],"picked":"Ball Lightning","floor":2},{"not_picked":["Go for the Eyes","White Noise"],"picked":"Cold Snap","floor":3},{"not_picked":["Streamline","Go for the Eyes"],"picked":"Leap","floor":4},{"not_picked":["Leap","Beam Cell"],"picked":"Loop","floor":6},{"not_picked":["Undo","Echo Form"],"picked":"Steam","floor":8},{"not_picked":["Rebound","Sunder"],"picked":"Steam Power","floor":11},{"not_picked":["Reinforced Body","Cold Snap"],"picked":"Melter","floor":12},{"not_picked":["Ball Lightning","Compile Driver"],"picked":"Electrodynamics","floor":14},{"not_picked":["Buffer","Machine Learning"],"picked":"Seek","floor":16},{"not_picked":[],"picked":"Hologram","floor":18},{"not_picked":["Force Field"],"picked":"SKIP","floor":21},{"not_picked":[],"picked":"Melter+1","floor":24},{"not_picked":["Beam Cell"],"picked":"SKIP","floor":25},{"not_picked":[],"picked":"Leap","floor":28},{"not_picked":[],"picked":"Streamline","floor":30},{"not_picked":[],"picked":"Auto Shields","floor":31}],"player_experience":43693,"relics_obtained":[{"floor":9,"key":"Bottled Lightning"},{"floor":26,"key":"MawBank"}],"event_choices":[{"damage_healed":0,"gold_gain":0,"player_choice":"Success","damage_taken":12,"relics_obtained":["Old Coin"],"max_hp_gain":0,"max_hp_loss":0,"event_name":"Scrap Ooze","floor":5,"gold_loss":0},{"damage_healed":0,"gold_gain":0,"cards_transformed":["Strike_B"],"player_choice":"Transformed","damage_taken":0,"max_hp_gain":0,"max_hp_loss":0,"event_name":"Transmorgrifier","floor":7,"gold_loss":0,"cards_obtained":["Hologram"]},{"damage_healed":0,"gold_gain":99,"player_choice":"Stole From Cult","damage_taken":0,"max_hp_gain":0,"max_hp_loss":0,"event_name":"Nest","floor":20,"gold_loss":0},{"damage_healed":0,"gold_gain":0,"player_choice":"Bought 0 Potions","damage_taken":0,"max_hp_gain":0,"max_hp_loss":0,"event_name":"The Woman in Blue","floor":22,"gold_loss":0}],"is_beta":false,"boss_relics":[{"not_picked":["Philosopher\u0027s Stone","Astrolabe"],"picked":"Busted Crown"}],"items_purged_floors":[13],"is_endless":false,"potions_floor_spawned":[3,11,12,14,21,24,25,30],"killed_by":"Champ","ascension_level":0}