{"path_per_floor":["M","$","?","T","?","E","$","M","T","?","M","M","M","$","R","B",null,"M","?","?","?","$","R","E","M","T","R","M","?","M","M","R","B",null,"M","M","T","$","M","R","M","$","T","E","M","R","M","M","R"],"character_chosen":"DEFECT","items_purchased":["Rebound","Coolheaded","Beam Cell","Unceasing Top"],"gold_per_floor":[119,44,44,44,44,77,32,45,69,19,36,46,62,17,17,114,114,125,50,50,50,24,24,53,69,93,93,110,110,127,141,141,245,245,259,276,299,3,15,15,35,35,35,61,76,76,86,99,99,99],"floor_reached":50,"campfire_rested":4,"playtime":2006,"current_hp_per_floor":[75,75,68,68,61,35,35,37,37,37,39,41,43,43,65,50,75,70,70,70,70,70,70,58,60,60,60,60,60,59,60,60,44,75,75,51,51,51,42,64,59,59,59,44,15,37,39,36,58,0],"items_purged":["Strike_B"],"gold":99,"score":494,"play_id":"cfbcda1a-b8e6-422a-8766-c1120db8cfff","local_time":"20180506031916","is_prod":false,"is_daily":false,"chose_seed":false,"is_ascension_mode":false,"campfire_upgraded":3,"timestamp":1525569556,"path_taken":["M","$","?","?","?","E","$","?","T","?","?","M","M","$","R","BOSS","M","?","?","?","$","R","E","M","T","R","M","?","?","M","R","BOSS","M","M","?","$","M","R","?","$","T","E","M","R","M","M","R","BOSS"],"build_version":"2018-05-03","seed_source_timestamp":59421303433306,"purchased_purges":1,"victory":false,"master_deck":["Defend_B","Defend_B","Defend_B","Defend_B","Zap+1","Sunder+1","Rebound","Axe Kick","Coolheaded+1","Echo Form","Beam Cell+1","Coolheaded+1","Cold Snap+1","Force Field","Static Discharge+1","Gash+1","Seek","Go for the Eyes+1","Gash+1","Leap+1","Blizzard+1"],"max_hp_per_floor":[75,75,75,75,75,75,75,75,75,75,75,75,75,75,75,75,75,75,75,75,75,75,75,75,75,75,75,75,75,75,75,75,75,75,75,75,75,75,75,75,75,75,75,75,75,75,75,75,75,75],"relics":["Cracked Core","Lantern","Blood Vial","Bronze Scales","Anchor","Sozu","Molten Egg 2","Emotion Chip","Happy Flower","Black Star","Bag of Preparation","Unceasing Top","Gremlin Horn","Turnip","Thread and Needle"],"card_choices":[{"not_picked":["Fission","Hologram"],"picked":"Sunder","floor":6},{"not_picked":["Skim","Leap"],"picked":"Axe Kick","floor":11},{"not_picked":["Rainbow","Machine Learning"],"picked":"Echo Form","floor":16},{"not_picked":["Buffer","Loop"],"picked":"Coolheaded","floor":24},{"not_picked":["Sunder","Double Energy"],"picked":"Cold Snap","floor":25},{"not_picked":["Coolheaded","Skim"],"picked":"Force Field","floor":28},{"not_picked":["Sweeping Beam","Buffer"],"picked":"Static Discharge","floor":30},{"not_picked":["Rebound","Leap"],"picked":"Gash","floor":31},{"not_picked":["Rainbow","Fission"],"picked":"Seek","floor":33},{"not_picked":["Rebound","Hologram"],"picked":"Go for the Eyes","floor":39},{"not_picked":["Creative AI","Loop"],"picked":"Gash","floor":44},{"not_picked":["Axe Kick","Hologram"],"picked":"Leap","floor":45},{"not_picked":["Auto Shields","Turbo"],"picked":"Blizzard","floor":48}],"player_experience":41724,"potions_floor_usage":[16,16,16],"damage_taken":[{"damage":0,"enemies":"Cultist","floor":1,"turns":3},{"damage":28,"enemies":"Lagavulin","floor":6,"turns":9},{"damage":0,"enemies":"Jaw Worm","floor":8,"turns":2},{"damage":0,"enemies":"2 Louse","floor":11,"turns":2},{"damage":0,"enemies":"Exordium Wildlife","floor":12,"turns":3},{"damage":0,"enemies":"2 Fungi Beasts","floor":13,"turns":2},{"damage":17,"enemies":"Slime Boss","floor":16,"turns":10},{"damage":5,"enemies":"Spheric Guardian","floor":18,"turns":3},{"damage":14,"enemies":"Slavers","floor":24,"turns":5},{"damage":0,"enemies":"3 Byrds","floor":25,"turns":3},{"damage":2,"enemies":"Snecko","floor":28,"turns":3},{"damage":3,"enemies":"Centurion and Healer","floor":30,"turns":4},{"damage":1,"enemies":"Sentry and Sphere","floor":31,"turns":3},{"damage":18,"enemies":"Champ","floor":33,"turns":8},{"damage":0,"enemies":"Flame Bruiser 1 Orb","floor":35,"turns":5},{"damage":24,"enemies":"3 Darklings","floor":36,"turns":3},{"damage":11,"enemies":"Spire Growth","floor":39,"turns":3},{"damage":7,"enemies":"4 Shapes","floor":41,"turns":3},{"damage":17,"enemies":"Giant Head","floor":44,"turns":7},{"damage":31,"enemies":"3 Darklings","floor":45,"turns":4},{"damage":0,"enemies":"Sphere and 2 Shapes","floor":47,"turns":5},{"damage":5,"enemies":"Spire Growth","floor":48,"turns":4},{"damage":60,"enemies":"Awakened One","floor":50,"turns":9}],"event_choices":[{"event_name":"Scrap Ooze","player_choice":"success","floor":3,"damage_taken":7},{"event_name":"Golden Wing","player_choice":"Card Removal","floor":5,"damage_taken":0},{"event_name":"The Cleric","player_choice":"Card Removal","floor":10,"damage_taken":0},{"event_name":"Beggar","player_choice":"Gave Gold","floor":19,"damage_taken":0},{"event_name":"N\u0027loth","player_choice":"Ignored","floor":20,"damage_taken":0},{"event_name":"The Mausoleum","player_choice":"Yes","floor":21,"damage_taken":0},{"event_name":"Purifier","player_choice":"One Purge","floor":29,"damage_taken":0}],"boss_relics":[{"not_picked":["Runic Dome","Ectoplasm"],"picked":"Sozu"},{"not_picked":["White Beast Statue","Astrolabe"],"picked":"Black Star"}],"potions_floor_spawned":[6,12,13,24,28,31,33,35,39,41,44],"seed_played":"-8386832147545267341","killed_by":"Awakened One","ascension_level":0,"is_trial":false}