{"path_per_floor":["M","?","$","M","?","R","$","M","T","M","R","M","M","E","R"],"character_chosen":"THE_SILENT","items_purchased":["Malaise"],"gold_per_floor":[119,149,33,49,49,49,49,60,87,98,98,117,128,156,156,156],"floor_reached":16,"campfire_rested":3,"playtime":470,"item_purchase_floors":[3],"current_hp_per_floor":[70,45,45,44,30,51,51,51,51,50,70,62,55,41,62,0],"items_purged":["Strike_G"],"gold":156,"score":117,"play_id":"02707de8-b0b4-4a41-b484-36d1562f07bf","local_time":"20180601061119","is_prod":false,"is_daily":false,"chose_seed":false,"is_ascension_mode":true,"campfire_upgraded":0,"win_rate":0,"timestamp":1527826279,"campfire_choices":[{"floor":6,"key":"REST"},{"floor":11,"key":"REST"},{"floor":15,"key":"REST"}],"path_taken":["M","?","$","M","?","R","$","?","T","M","R","M","M","E","R","BOSS"],"build_version":"2018-05-31","seed_source_timestamp":355145941151774,"purchased_purges":1,"victory":false,"master_deck":["Defend_G+1","Defend_G","Defend_G","Defend_G","Defend_G","Strike_G","Strike_G","Strike_G","Survivor","Neutralize","Underhanded Strike","Dagger Spray+1","Malaise","Deadly Poison","Crippling Poison","Die Die Die","Bane","Prepared","Calculated Gamble"],"max_hp_per_floor":[70,70,70,70,70,70,70,70,70,70,70,70,70,70,70,70],"relics":["Ring of the Snake","Tiny Chest","Dream Catcher","Unceasing Top"],"card_choices":[{"not_picked":["Concentrate","Deflect"],"picked":"Dagger Spray","floor":1},{"not_picked":["Deflect","Flying Knee"],"picked":"Deadly Poison","floor":4},{"not_picked":["Deflect","Dodge and Roll"],"picked":"Crippling Poison","floor":8},{"not_picked":["Prepared","Dagger Throw"],"picked":"Die Die Die","floor":10},{"not_picked":["Quick Slash","Backflip"],"picked":"Bane","floor":12},{"not_picked":["PiercingWail","Endless Agony"],"picked":"Prepared","floor":13},{"not_picked":["Backflip","Prepared"],"picked":"Calculated Gamble","floor":14}],"player_experience":122866,"potions_floor_usage":[14],"damage_taken":[{"damage":0,"enemies":"2 Louse","floor":1,"turns":3},{"damage":1,"enemies":"Jaw Worm","floor":4,"turns":4},{"damage":0,"enemies":"Small Slimes","floor":8,"turns":3},{"damage":1,"enemies":"3 Louse","floor":10,"turns":2},{"damage":8,"enemies":"Exordium Wildlife","floor":12,"turns":4},{"damage":7,"enemies":"Exordium Thugs","floor":13,"turns":3},{"damage":14,"enemies":"Gremlin Nob","floor":14,"turns":5},{"damage":62,"enemies":"Slime Boss","floor":16,"turns":9}],"relics_obtained":[{"floor":9,"key":"Dream Catcher"},{"floor":14,"key":"Unceasing Top"}],"event_choices":[{"event_name":"Scrap Ooze","player_choice":"success","floor":2,"damage_taken":25},{"event_name":"Shining Light","player_choice":"Entered Light","floor":5,"damage_taken":0}],"boss_relics":[],"items_purged_floors":[3],"potions_floor_spawned":[10,14],"seed_played":"1128739108314007330","killed_by":"Slime Boss","ascension_level":3,"potions_obtained":[{"floor":10,"key":"Swift Potion"},{"floor":14,"key":"LiquidBronze"}],"is_trial":false}