{"path_per_floor":["M","?","?","M","?","R","E","R","T","R","M","E","M","E","R","B",null,"M","$","M","$","M","E","M","M","T","M","R","E","R","E","R","B",null,"M","$","M","?","M","E","M","E","T","M","E","T","E","M","R","B"],"character_chosen":"THE_SILENT","items_purchased":["Apotheosis","Noxious Fumes","Snake Skull","Blur"],"gold_per_floor":[115,65,65,79,49,49,74,74,74,74,93,127,139,167,167,268,268,278,203,223,2,22,49,62,80,161,172,172,198,198,259,259,356,356,369,42,59,0,18,47,64,94,94,110,141,141,175,187,187,187],"floor_reached":51,"campfire_rested":0,"playtime":4506,"current_hp_per_floor":[60,60,60,58,58,58,39,39,39,39,36,39,43,43,43,37,62,70,70,59,59,55,64,69,70,70,70,70,67,67,70,70,69,70,70,70,70,70,70,70,70,55,55,70,59,59,55,70,70,66],"items_purged":["Strike_G","Strike_G"],"gold":187,"score":1226,"play_id":"88a73d90-3284-4064-b6b1-bbcac40a3234","local_time":"20180321062018","is_prod":false,"is_daily":false,"is_ascension_mode":true,"campfire_upgraded":8,"timestamp":1521638418,"path_taken":["M","?","?","M","?","R","E","R","T","R","?","E","M","E","R","BOSS","M","$","?","$","M","E","M","?","T","?","R","E","R","E","R","BOSS","M","$","M","?","M","E","M","E","T","M","E","?","E","?","R","BOSS"],"build_version":"2018-03-20","purchased_purges":4,"victory":true,"master_deck":["Defend_G","Defend_G","Defend_G","Defend_G","Defend_G","Strike_G","Strike_G","Survivor+1","Neutralize+1","Dagger Spray","Well Laid Plans+1","Neutralize+1","Panacea+1","Envenom+1","Flying Knee","Backflip","Heel Hook","Footwork+1","Flying Knee","After Image+1","Bane+1","Escape Plan","Apotheosis+1","Noxious Fumes+1","Heel Hook","Outmaneuver","Caltrops+1","Slice","Doppelganger","Footwork+1","Blur","Escape Plan+1","Well Laid Plans+1","Backflip+1","Outmaneuver","Deflect","Dodge and Roll+1","Envenom+1"],"max_hp_per_floor":[70,70,70,70,70,70,70,70,70,70,70,70,70,70,70,70,70,70,70,70,70,70,70,70,70,70,70,70,70,70,70,70,70,70,70,70,70,70,70,70,70,70,70,70,70,70,70,70,70,70],"relics":["Ring of the Snake","Art of War","Bird Faced Urn","Gambling Chip","Paper Crane","Black Star","Meat on the Bone","Mummified Hand","Ninja Scroll","Letter Opener","Centennial Puzzle","Omamori","Tiny Chest","The Specimen","Snake Skull","Red Mask","Matryoshka","Bottled Tornado","Blue Candle","Molten Egg 2","Dream Catcher","Frozen Egg 2","War Paint","Blood Vial","Kunai","Ornamental Fan","Oddly Smooth Stone","Lantern"],"card_choices":[{"not_picked":["Concentrate","Deadly Poison"],"picked":"Dagger Spray","floor":1},{"not_picked":["Dagger Throw","Backstab"],"picked":"Envenom","floor":4},{"not_picked":["Acrobatics","Eviscerate"],"picked":"Flying Knee","floor":7},{"not_picked":["Deadly Poison","Flying Knee"],"picked":"Backflip","floor":11},{"not_picked":["Poisoned Stab","Bullet Time"],"picked":"Heel Hook","floor":12},{"not_picked":["Quick Slash","Heel Hook"],"picked":"Footwork","floor":13},{"not_picked":["Acrobatics","Quick Slash"],"picked":"Flying Knee","floor":14},{"not_picked":["Bullet Time","Unload"],"picked":"After Image","floor":16},{"not_picked":["Underhanded Strike","Deadly Poison"],"picked":"Bane","floor":18},{"not_picked":["Setup","Cloak And Dagger"],"picked":"Escape Plan","floor":20},{"not_picked":["Flying Knee","Leg Sweep"],"picked":"Heel Hook","floor":23},{"not_picked":["Dagger Spray","Poisoned Stab"],"picked":"Outmaneuver","floor":24},{"not_picked":["Deadly Poison","Well Laid Plans"],"picked":"Caltrops","floor":29},{"not_picked":["Sucker Punch","PiercingWail"],"picked":"Slice","floor":31},{"not_picked":["Phantasmal Killer","Unload"],"picked":"Doppelganger","floor":33},{"not_picked":["All Out Attack","Masterful Stab"],"picked":"Footwork","floor":35},{"not_picked":["Dagger Spray","Deflect"],"picked":"Escape Plan","floor":37},{"not_picked":["Poisoned Stab","Dagger Throw"],"picked":"Well Laid Plans","floor":39},{"not_picked":["Flying Knee","Glass Knife"],"picked":"Backflip","floor":40},{"not_picked":["Dagger Spray","Dagger Throw"],"picked":"Outmaneuver","floor":42},{"not_picked":["Masterful Stab","Blade Dance"],"picked":"Deflect","floor":44},{"not_picked":["Prepared","Acrobatics"],"picked":"Dodge and Roll","floor":45},{"not_picked":["Concentrate","Deflect"],"picked":"Envenom","floor":47}],"player_experience":193970,"potions_floor_usage":[7,12,12,22,33,35,50,50],"damage_taken":[{"damage":3,"enemies":"2 Louse","floor":1,"turns":4},{"damage":2,"enemies":"Small Slimes","floor":4,"turns":4},{"damage":19,"enemies":"Lagavulin","floor":7,"turns":10},{"damage":7,"enemies":"Cultist","floor":11,"turns":4},{"damage":1,"enemies":"3 Sentries","floor":12,"turns":5},{"damage":0,"enemies":"Large Slime","floor":13,"turns":4},{"damage":6,"enemies":"Lagavulin","floor":14,"turns":7},{"damage":12,"enemies":"The Guardian","floor":16,"turns":12},{"damage":0,"enemies":"Chosen","floor":18,"turns":5},{"damage":12,"enemies":"Spheric Guardian","floor":20,"turns":7},{"damage":14,"enemies":"Centurion and Healer","floor":22,"turns":6},{"damage":1,"enemies":"Book of Stabbing","floor":23,"turns":7},{"damage":1,"enemies":"3 Cultists","floor":24,"turns":6},{"damage":0,"enemies":"Sentry and Sphere","floor":25,"turns":8},{"damage":0,"enemies":"Snecko","floor":27,"turns":4},{"damage":5,"enemies":"Slavers","floor":29,"turns":5},{"damage":0,"enemies":"Gremlin Leader","floor":31,"turns":7},{"damage":3,"enemies":"Collector","floor":33,"turns":10},{"damage":0,"enemies":"3 Darklings","floor":35,"turns":6},{"damage":1,"enemies":"Orb Walker","floor":37,"turns":4},{"damage":0,"enemies":"3 Darklings","floor":39,"turns":4},{"damage":2,"enemies":"Nemesis","floor":40,"turns":7},{"damage":0,"enemies":"Spire Growth","floor":41,"turns":5},{"damage":15,"enemies":"2 Orb Walkers","floor":42,"turns":6},{"damage":0,"enemies":"Maw","floor":44,"turns":7},{"damage":11,"enemies":"Giant Head","floor":45,"turns":9},{"damage":15,"enemies":"2 Orb Walkers","floor":47,"turns":6},{"damage":0,"enemies":"3 Darklings","floor":48,"turns":5},{"damage":12,"enemies":"Awakened One","floor":50,"turns":10}],"event_choices":[{"event_name":"The Cleric","player_choice":"Card Removal","floor":2,"damage_taken":0},{"event_name":"Match and Keep!","player_choice":"3 cards matched","floor":3,"damage_taken":0},{"event_name":"The Woman in Blue","player_choice":"Bought 2 Potions","floor":5,"damage_taken":0},{"event_name":"Tomb of Lord Red Mask","player_choice":"Paid","floor":38,"damage_taken":0}],"boss_relics":[{"not_picked":["Question Card","Orrery"],"picked":"Black Star"},{"not_picked":["Calling Bell","Astrolabe"],"picked":"The Specimen"}],"potions_floor_spawned":[1,12,14,18,20,22,27,33,35,40,41,47,48],"seed_played":"8768636967747205351","ascension_level":8,"is_trial":false}