{"gold_per_floor":[109,109,109,109,126,152,152,178,205,205,240,240,255,268,268,363,363,351,351,266,266,281,281,281],"floor_reached":24,"playtime":865,"items_purged":[],"score":273,"play_id":"7f868996-ceec-4f33-92bd-ac3dca9bcc81","local_time":"20190205230706","is_ascension_mode":true,"campfire_choices":[{"floor":7,"key":"RECALL"},{"floor":10,"key":"REST"},{"data":"Rampage","floor":12,"key":"SMITH"},{"data":"Dual Wield","floor":15,"key":"SMITH"},{"floor":23,"key":"REST"}],"neow_cost":"NONE","seed_source_timestamp":32557994700796,"circlet_count":0,"master_deck":["Strike_R","Strike_R","Strike_R","Strike_R","Defend_R","Defend_R","Defend_R","Defend_R","Bash","Shrug It Off","Clash","Clash","Rampage+1","Rampage","Dual Wield+1","Double Tap","Flex"],"relics":["Burning Blood","NeowsBlessing","Omamori","Shuriken","Sundial","Red Skull","Empty Cage","Bird Faced Urn"],"potions_floor_usage":[8,16,16],"damage_taken":[{"damage":0,"enemies":"Jaw Worm","floor":1,"turns":1},{"damage":0,"enemies":"2 Louse","floor":5,"turns":1},{"damage":0,"enemies":"Lagavulin","floor":6,"turns":1},{"damage":57,"enemies":"3 Sentries","floor":8,"turns":15},{"damage":17,"enemies":"Lagavulin","floor":11,"turns":5},{"damage":7,"enemies":"Small Slimes","floor":13,"turns":3},{"damage":6,"enemies":"3 Louse","floor":14,"turns":2},{"damage":23,"enemies":"Hexaghost","floor":16,"turns":7},{"damage":17,"enemies":"2 Thieves","floor":18,"turns":4},{"damage":19,"enemies":"Shell Parasite","floor":22,"turns":4},{"damage":69,"enemies":"Book of Stabbing","floor":24,"turns":4}],"seed_played":"7983479624256774859","potions_obtained":[{"floor":6,"key":"Regen Potion"},{"floor":11,"key":"EssenceOfSteel"},{"floor":14,"key":"SpeedPotion"}],"is_trial":false,"path_per_floor":["M","?","?","?","M","E","R","E","T","R","E","R","M","M","R","B",null,"M","?","?","?","M","R","E"],"character_chosen":"IRONCLAD","items_purchased":[],"campfire_rested":2,"item_purchase_floors":[],"current_hp_per_floor":[80,80,80,73,79,80,80,44,44,68,57,57,56,56,56,39,80,69,54,54,54,41,66,0],"gold":281,"neow_bonus":"THREE_ENEMY_KILL","is_prod":false,"is_daily":false,"chose_seed":false,"campfire_upgraded":2,"win_rate":0,"timestamp":1549429626,"path_taken":["M","?","?","?","M","E","R","E","T","R","E","R","?","M","R","BOSS","M","?","?","?","M","R","E"],"build_version":"2019-01-23","purchased_purges":0,"victory":false,"max_hp_per_floor":[80,80,80,80,80,80,80,80,80,80,80,80,80,80,80,80,80,80,85,85,85,85,85,85],"card_choices":[{"not_picked":["Iron Wave","Uppercut"],"picked":"Shrug It Off","floor":1},{"not_picked":["True Grit","Iron Wave"],"picked":"Wild Strike","floor":5},{"not_picked":["Heavy Blade","Headbutt"],"picked":"Clash","floor":6},{"not_picked":["Carnage","Perfected Strike"],"picked":"Clash","floor":8},{"not_picked":["Feed","Offering"],"picked":"Rampage","floor":11},{"not_picked":["Armaments","Dropkick"],"picked":"Rampage","floor":13},{"not_picked":["True Grit","Dropkick"],"picked":"Dual Wield","floor":14},{"not_picked":["Barricade","Berserk"],"picked":"Double Tap","floor":16},{"not_picked":["Armaments+1","Clothesline","Cleave"],"picked":"SKIP","floor":18},{"not_picked":["Warcry","Clothesline"],"picked":"Flex","floor":22}],"player_experience":459339,"relics_obtained":[{"floor":6,"key":"Shuriken"},{"floor":8,"key":"Sundial"},{"floor":11,"key":"Red Skull"}],"event_choices":[{"damage_healed":0,"gold_gain":0,"player_choice":"Box","damage_taken":0,"relics_obtained":["Omamori"],"max_hp_gain":0,"max_hp_loss":0,"event_name":"Big Fish","floor":2,"gold_loss":0,"cards_obtained":["Regret"]},{"damage_healed":0,"gold_gain":0,"player_choice":"Ignored","damage_taken":0,"max_hp_gain":0,"max_hp_loss":0,"event_name":"Shining Light","floor":3,"gold_loss":0},{"cards_removed":["Regret"],"damage_healed":0,"gold_gain":0,"player_choice":"Card Removal","damage_taken":7,"max_hp_gain":0,"max_hp_loss":0,"event_name":"Golden Wing","floor":4,"gold_loss":0},{"damage_healed":0,"gold_gain":0,"player_choice":"Shed Blood","damage_taken":20,"max_hp_gain":5,"max_hp_loss":0,"event_name":"Forgotten Altar","floor":19,"gold_loss":0},{"damage_healed":0,"gold_gain":0,"player_choice":"Obtained Relic","damage_taken":0,"relics_obtained":["Bird Faced Urn"],"max_hp_gain":0,"max_hp_loss":0,"event_name":"Addict","floor":20,"gold_loss":85},{"damage_healed":0,"gold_gain":0,"player_choice":"Ignored","damage_taken":0,"max_hp_gain":0,"max_hp_loss":0,"event_name":"Ghosts","floor":21,"gold_loss":0}],"is_beta":false,"boss_relics":[{"not_picked":["Pandora\u0027s Box","Coffee Dripper"],"picked":"Empty Cage"}],"items_purged_floors":[],"is_endless":false,"potions_floor_spawned":[6,11,14],"killed_by":"Book of Stabbing","ascension_level":3}