{"path_per_floor":["M","$","M","M","M","E","R","M","T","M","R","E","R","M","R","B",null,"M","M","?","?","M"],"character_chosen":"IRONCLAD","items_purchased":[],"gold_per_floor":[116,116,127,140,158,185,185,201,201,213,213,239,239,256,256,351,351,366,376,376,376,387,387],"floor_reached":23,"campfire_rested":1,"playtime":1839,"current_hp_per_floor":[88,88,83,83,77,66,66,68,68,48,74,69,69,75,75,36,88,79,77,77,61,64,0],"items_purged":[],"gold":387,"score":205,"play_id":"5a323895-da4e-4b39-9d0e-0fe075aac202","local_time":"20180519125804","is_prod":false,"is_daily":false,"chose_seed":false,"is_ascension_mode":false,"campfire_upgraded":3,"timestamp":1526759884,"campfire_choices":[{"data":"Anger","floor":7,"key":"SMITH"},{"floor":11,"key":"REST"},{"data":"Anger","floor":13,"key":"SMITH"},{"data":"Iron Wave","floor":15,"key":"SMITH"}],"path_taken":["M","$","M","M","M","E","R","M","T","M","R","E","R","M","R","BOSS","M","M","?","?","?","E"],"build_version":"2018-05-17","seed_source_timestamp":332021628587835,"purchased_purges":0,"victory":false,"master_deck":["Strike_R","Strike_R","Strike_R","Strike_R","Strike_R","Defend_R","Defend_R","Defend_R","Defend_R","Bash","Iron Wave+1","Anger+1","Anger+1","Clash","Headbutt","Impervious","Fire Breathing"],"max_hp_per_floor":[88,88,88,88,88,88,88,88,88,88,88,88,88,88,88,88,88,88,88,88,88,88,88],"relics":["Burning Blood","Happy Flower","Blue Candle","Kunai","Cursed Key","Enchiridion"],"card_choices":[{"not_picked":["Shrug It Off","Heavy Blade"],"picked":"Iron Wave","floor":1},{"not_picked":["True Grit","Evolve","Whirlwind"],"picked":"SKIP","floor":3},{"not_picked":["Pommel Strike","Body Slam","Flex"],"picked":"SKIP","floor":4},{"not_picked":["Cleave","Sword Boomerang"],"picked":"Anger","floor":5},{"not_picked":["True Grit","Whirlwind"],"picked":"Anger","floor":6},{"not_picked":["Shrug It Off","Wild Strike","Pummel"],"picked":"SKIP","floor":8},{"not_picked":["Sword Boomerang","Shockwave"],"picked":"Clash","floor":10},{"not_picked":["Cleave","Dropkick","Double Tap"],"picked":"SKIP","floor":12},{"not_picked":["Uppercut","Perfected Strike"],"picked":"Headbutt","floor":14},{"not_picked":["Bludgeon","Fiend Fire"],"picked":"Impervious","floor":16},{"not_picked":["Infernal Blade","Cleave","Warcry+1"],"picked":"SKIP","floor":18},{"not_picked":["Whirlwind","Rage","Feel No Pain+1"],"picked":"SKIP","floor":19},{"not_picked":["Cleave","True Grit"],"picked":"Fire Breathing","floor":22}],"player_experience":73925,"potions_floor_usage":[5,6,10,12,16],"damage_taken":[{"damage":5,"enemies":"Small Slimes","floor":1,"turns":4},{"damage":11,"enemies":"2 Louse","floor":3,"turns":4},{"damage":6,"enemies":"Jaw Worm","floor":4,"turns":4},{"damage":12,"enemies":"3 Louse","floor":5,"turns":4},{"damage":17,"enemies":"3 Sentries","floor":6,"turns":9},{"damage":4,"enemies":"2 Fungi Beasts","floor":8,"turns":3},{"damage":26,"enemies":"Exordium Thugs","floor":10,"turns":5},{"damage":11,"enemies":"Gremlin Nob","floor":12,"turns":3},{"damage":0,"enemies":"Large Slime","floor":14,"turns":4},{"damage":45,"enemies":"Hexaghost","floor":16,"turns":11},{"damage":15,"enemies":"2 Thieves","floor":18,"turns":5},{"damage":8,"enemies":"Shell Parasite","floor":19,"turns":5},{"damage":3,"enemies":"Centurion and Healer","floor":22,"turns":5},{"damage":73,"enemies":"Gremlin Leader","floor":23,"turns":12}],"relics_obtained":[{"floor":6,"key":"Happy Flower"},{"floor":9,"key":"Blue Candle"},{"floor":12,"key":"Kunai"},{"floor":21,"key":"Enchiridion"}],"event_choices":[{"event_name":"Drug Dealer","player_choice":"Ignored","floor":20,"damage_taken":0},{"event_name":"Cursed Tome","player_choice":"Obtained Book","floor":21,"damage_taken":0}],"boss_relics":[{"not_picked":["Black Star","Astrolabe"],"picked":"Cursed Key"}],"potions_floor_spawned":[3,5,6,10,12],"seed_played":"-1532437072686662942","killed_by":"Gremlin Leader","ascension_level":0,"potions_obtained":[{"floor":3,"key":"PowerPotion"},{"floor":5,"key":"Poison Potion"},{"floor":6,"key":"FearPotion"},{"floor":10,"key":"Fire Potion"},{"floor":12,"key":"Strength Potion"}],"is_trial":false}