{"gold_per_floor":[111,111,123,140,154,187,187,197,197,227,227,247,247,264,264,368,368,385,399,78,88,103,103,121,121,121,134,147,147,147,177,177,279,279,296,296,23,0,11,11,11],"floor_reached":41,"playtime":4778,"items_purged":[],"score":514,"play_id":"9b6545d5-88d9-467e-bb9b-c0ce551ea561","local_time":"20190331185701","is_ascension_mode":true,"campfire_choices":[{"data":"Infinite Blades","floor":7.0,"key":"SMITH"},{"floor":11.0,"key":"REST"},{"floor":15.0,"key":"REST"},{"floor":23.0,"key":"REST"},{"floor":25,"key":"REST"},{"floor":29,"key":"REST"},{"floor":32,"key":"REST"},{"floor":40,"key":"REST"}],"neow_cost":"NONE","seed_source_timestamp":0,"circlet_count":0,"master_deck":["Defend_G","Defend_G","Defend_G+1","Defend_G","Defend_G","Strike_G","Strike_G","Strike_G","Strike_G","Survivor","Quick Slash+1","Infinite Blades+1","Caltrops","Leg Sweep","Accuracy","Prepared+1","Blade Dance","Backflip","Backstab","Bandage Up","Neutralize","Finisher","Acrobatics","Acrobatics","Backstab","Flying Knee","Prepared+1","Heel Hook+1","Dash+1","All Out Attack","Tactician","Malaise","Blade Dance+1","Sadistic Nature+1","Dramatic Entrance","Dodge and Roll+1"],"special_seed":0,"relics":["Ring of the Snake","Art of War","Regal Pillow","War Paint","Odd Mushroom","WristBlade","Gambling Chip","Frozen Egg 2","Pantograph","Singing Bowl","Empty Cage","Red Mask"],"potions_floor_usage":[28,33,33,39],"damage_taken":[{"damage":0.0,"enemies":"Cultist","floor":1.0,"turns":4.0},{"damage":0.0,"enemies":"2 Louse","floor":3.0,"turns":4.0},{"damage":0.0,"enemies":"Small Slimes","floor":4.0,"turns":5.0},{"damage":5.0,"enemies":"2 Fungi Beasts","floor":5.0,"turns":3.0},{"damage":17.0,"enemies":"3 Sentries","floor":6.0,"turns":8.0},{"damage":4.0,"enemies":"Exordium Wildlife","floor":8.0,"turns":7.0},{"damage":28.0,"enemies":"Gremlin Nob","floor":10.0,"turns":4.0},{"damage":19.0,"enemies":"The Mushroom Lair","floor":12.0,"turns":4.0},{"damage":4.0,"enemies":"Lots of Slimes","floor":14.0,"turns":2.0},{"damage":30.0,"enemies":"Slime Boss","floor":16.0,"turns":10.0},{"damage":1.0,"enemies":"Spheric Guardian","floor":18.0,"turns":3.0},{"damage":23.0,"enemies":"3 Byrds","floor":19.0,"turns":3.0},{"damage":24.0,"enemies":"3 Cultists","floor":21.0,"turns":6.0},{"damage":23.0,"enemies":"Snake Plant","floor":22.0,"turns":6.0},{"damage":29.0,"enemies":"Shelled Parasite and Fungi","floor":24.0,"turns":6.0},{"damage":27,"enemies":"Centurion and Healer","floor":27,"turns":5},{"damage":19,"enemies":"Sentry and Sphere","floor":28,"turns":4},{"damage":55,"enemies":"Slavers","floor":31,"turns":7},{"damage":80,"enemies":"Champ","floor":33,"turns":16},{"damage":21,"enemies":"3 Shapes","floor":35,"turns":11},{"damage":16,"enemies":"3 Darklings","floor":39,"turns":7},{"damage":104,"enemies":"Giant Head","floor":41,"turns":8}],"seed_played":"-361371752178937882","potions_obtained":[{"floor":3.0,"key":"FearPotion"},{"floor":5.0,"key":"Poison Potion"},{"floor":12.0,"key":"AttackPotion"},{"floor":16.0,"key":"AttackPotion"},{"floor":21.0,"key":"LiquidBronze"},{"floor":27,"key":"GamblersBrew"},{"floor":28,"key":"Swift Potion"},{"floor":35,"key":"Fire Potion"}],"is_trial":false,"path_per_floor":["?","M","?","?","M","T","?","?"],"character_chosen":"THE_SILENT","items_purchased":["Gambling Chip","Backstab","Sadistic Nature+1","Dramatic Entrance"],"campfire_rested":7,"item_purchase_floors":[20,20,37,37],"current_hp_per_floor":[77,77,77,77,72,55,55,51,51,23,61,42,42,38,76,50,77,77,54,54,34,15,53,28,66,66,43,28,66,66,15,53,1,77,60,60,60,60,48,77,0],"gold":11,"neow_bonus":"TEN_PERCENT_HP_BONUS","is_prod":false,"is_daily":false,"chose_seed":false,"campfire_upgraded":1,"win_rate":0,"timestamp":1554051421,"path_taken":["M","?","M","M","M","E","R","?","T","E","R","?","?","M","R","BOSS","M","M","$","M","M","R","?","R","T","M","M","R","?","E","R","BOSS","M","?","$","?","M","R","E"],"build_version":"2019-01-23","purchased_purges":0,"victory":false,"max_hp_per_floor":[77,77,77,77,77,77,77,77,77,77,77,77,77,77,77,77,77,77,77,77,77,77,77,77,77,77,77,77,77,77,77,77,77,77,77,77,77,77,77,77,77],"card_choices":[{"not_picked":["PiercingWail","Slice"],"picked":"Quick Slash","floor":1.0},{"not_picked":["Slice","Underhanded Strike"],"picked":"Infinite Blades","floor":3.0},{"not_picked":["Slice","Flying Knee"],"picked":"Caltrops","floor":4.0},{"not_picked":["Endless Agony","Flying Knee"],"picked":"Leg Sweep","floor":5.0},{"not_picked":["Dagger Throw","A Thousand Cuts"],"picked":"Accuracy","floor":6.0},{"not_picked":["Poisoned Stab","Dagger Spray"],"picked":"Prepared","floor":8.0},{"not_picked":["Prepared","Catalyst"],"picked":"Blade Dance","floor":10.0},{"not_picked":["Dodge and Roll","Deadly Poison"],"picked":"Backflip","floor":12.0},{"not_picked":["Dagger Spray","Deflect"],"picked":"Finisher","floor":14.0},{"not_picked":["Unload","Grand Finale"],"picked":"Bullet Time","floor":16.0},{"not_picked":["Dodge and Roll","Sucker Punch"],"picked":"Acrobatics","floor":18.0},{"not_picked":["Bane","Choke"],"picked":"Acrobatics","floor":19.0},{"not_picked":["Bouncing Flask","Sucker Punch"],"picked":"Flying Knee","floor":21.0},{"not_picked":["Backflip","Poisoned Stab"],"picked":"Prepared+1","floor":22.0},{"not_picked":["Concentrate","Acrobatics"],"picked":"Heel Hook+1","floor":24},{"not_picked":["Reflex","Dagger Spray"],"picked":"Dash+1","floor":27},{"not_picked":["PiercingWail","Dagger Throw"],"picked":"All Out Attack","floor":28},{"not_picked":["Endless Agony","Sucker Punch"],"picked":"Tactician","floor":31},{"not_picked":["Bullet Time","Doppelganger"],"picked":"Malaise","floor":33},{"not_picked":["Dodge and Roll","Underhanded Strike"],"picked":"Blade Dance+1","floor":35},{"not_picked":["Prepared+1","Dagger Throw"],"picked":"Dodge and Roll+1","floor":39}],"player_experience":170556,"relics_obtained":[{"floor":6.0,"key":"Art of War"},{"floor":9.0,"key":"Regal Pillow"},{"floor":10.0,"key":"War Paint"},{"floor":12.0,"key":"Odd Mushroom"},{"floor":26,"key":"Frozen Egg 2"},{"floor":30,"key":"Pantograph"},{"floor":31,"key":"Singing Bowl"}],"event_choices":[{"damage_healed":0.0,"max_hp_gain":0.0,"max_hp_loss":0.0,"gold_gain":0.0,"event_name":"Upgrade Shrine","player_choice":"Upgraded","floor":2.0,"gold_loss":0.0,"damage_taken":0.0,"cards_upgraded":["Quick Slash"]},{"damage_healed":0.0,"max_hp_gain":0.0,"max_hp_loss":0.0,"gold_gain":0.0,"event_name":"Mushrooms","player_choice":"Fought Mushrooms","floor":12.0,"gold_loss":0.0,"damage_taken":0.0},{"damage_healed":0.0,"max_hp_gain":0.0,"max_hp_loss":0.0,"gold_gain":0.0,"event_name":"Match and Keep!","player_choice":"3 cards matched","floor":13.0,"gold_loss":0.0,"damage_taken":0.0,"cards_obtained":["Backstab","Bandage Up","Neutralize"]},{"cards_removed":["Neutralize"],"damage_healed":0,"gold_gain":0,"player_choice":"Removed Attack","damage_taken":0,"max_hp_gain":0,"max_hp_loss":0,"event_name":"Falling","floor":36,"gold_loss":0},{"damage_healed":0,"gold_gain":0,"player_choice":"Paid","damage_taken":0,"relics_obtained":["Red Mask"],"max_hp_gain":0,"max_hp_loss":0,"event_name":"Tomb of Lord Red Mask","floor":38,"gold_loss":23}],"is_beta":false,"boss_relics":[{"not_picked":["Velvet Choker","Coffee Dripper"],"picked":"WristBlade"},{"not_picked":["White Beast Statue","Eternal Feather"],"picked":"Empty Cage"}],"items_purged_floors":[],"is_endless":false,"potions_floor_spawned":[3,5,12,16,21,27,28,35],"killed_by":"Giant Head","ascension_level":3}