{"gold_per_floor":[217,217,230,249,40,40,71,89,139,39,73,83,83,98,98,201,201,212,212,225,236,60,60,60,60,90,90,122,122],"floor_reached":29,"playtime":1689,"items_purged":["Pain","Strike_G","Strike_G"],"score":316,"play_id":"c5536277-43b0-4d8e-aebc-09ca29b535fe","local_time":"20190320153751","is_ascension_mode":true,"campfire_choices":[{"floor":6,"key":"REST"},{"floor":15,"key":"REST"},{"floor":27,"key":"REST"}],"neow_cost":"NONE","seed_source_timestamp":241366524678816,"circlet_count":0,"master_deck":["Defend_G","Defend_G","Defend_G","Defend_G","Defend_G","Strike_G","Survivor","Neutralize","Deadly Poison","Dagger Throw","Bane","Noxious Fumes","Backflip","Acrobatics","Backflip","Deadly Poison","Bouncing Flask","Footwork+1","Footwork","Catalyst","Deflect+1","Adrenaline"],"relics":["Ring of the Snake","WarpedTongs","Blue Candle","Centennial Puzzle","Dream Catcher","Empty Cage","MutagenicStrength","Tiny Chest","Bag of Preparation"],"potions_floor_usage":[16,16,21,28,28,29],"damage_taken":[{"damage":5,"enemies":"Small Slimes","floor":1,"turns":5},{"damage":4,"enemies":"Cultist","floor":3,"turns":4},{"damage":6,"enemies":"2 Louse","floor":4,"turns":3},{"damage":16,"enemies":"3 Sentries","floor":7,"turns":7},{"damage":6,"enemies":"Looter","floor":8,"turns":4},{"damage":4,"enemies":"Lagavulin","floor":11,"turns":7},{"damage":29,"enemies":"Lots of Slimes","floor":12,"turns":5},{"damage":4,"enemies":"Red Slaver","floor":14,"turns":4},{"damage":14,"enemies":"The Guardian","floor":16,"turns":9},{"damage":39,"enemies":"3 Byrds","floor":18,"turns":6},{"damage":6,"enemies":"Chosen","floor":20,"turns":6},{"damage":15,"enemies":"Centurion and Healer","floor":21,"turns":9},{"damage":9,"enemies":"Gremlin Leader","floor":28,"turns":6},{"damage":15,"enemies":"Shelled Parasite and Fungi","floor":29,"turns":5}],"seed_played":"6359178337563236612","potions_obtained":[{"floor":3,"key":"Block Potion"},{"floor":8,"key":"Dexterity Potion"},{"floor":12,"key":"SkillPotion"},{"floor":20,"key":"GamblersBrew"},{"floor":21,"key":"Fire Potion"}],"is_trial":false,"path_per_floor":["M","?","M","M","$","R","E","M","T","$","E","M","?","M","R","B",null,"M","?","M","M","$","?","?","$","T","R","E","M"],"character_chosen":"THE_SILENT","items_purchased":["Noxious Fumes","Backflip","Acrobatics","Fire Potion"],"campfire_rested":3,"item_purchase_floors":[5,5,5,22],"current_hp_per_floor":[65,65,61,55,55,70,54,48,48,48,44,15,32,28,49,35,61,22,22,16,1,1,1,1,1,1,21,12,0],"gold":122,"neow_bonus":"HUNDRED_GOLD","is_prod":false,"is_daily":false,"chose_seed":false,"campfire_upgraded":0,"win_rate":0,"timestamp":1553117871,"path_taken":["M","?","M","M","$","R","E","?","T","$","E","M","?","M","R","BOSS","M","?","M","?","?","?","?","$","T","R","E","M"],"build_version":"2019-01-23","purchased_purges":3,"victory":false,"max_hp_per_floor":[70,70,70,70,70,70,70,70,70,70,70,70,70,70,70,70,70,70,70,70,70,70,70,67,67,67,67,67,67],"card_choices":[{"not_picked":["Dodge and Roll","Quick Slash"],"picked":"Deadly Poison","floor":1},{"not_picked":["Quick Slash","Predator"],"picked":"Dagger Throw","floor":3},{"not_picked":["Terror","Heel Hook"],"picked":"Bane","floor":4},{"not_picked":["Setup","Distraction"],"picked":"Backflip","floor":7},{"not_picked":["Backflip","PiercingWail"],"picked":"Deadly Poison","floor":8},{"not_picked":["Venomology","Dagger Spray"],"picked":"Bouncing Flask","floor":11},{"not_picked":["Outmaneuver","Finisher","Acrobatics"],"picked":"SKIP","floor":12},{"not_picked":["Flying Knee","Underhanded Strike"],"picked":"Footwork","floor":14},{"not_picked":["Backflip","Cloak And Dagger"],"picked":"Footwork","floor":15},{"not_picked":["Dagger Throw","Quick Slash","Accuracy"],"picked":"SKIP","floor":18},{"not_picked":["Dagger Throw","Outmaneuver"],"picked":"Catalyst","floor":20},{"not_picked":["Reflex","Escape Plan","Acrobatics"],"picked":"SKIP","floor":21},{"not_picked":["Cloak And Dagger","Bane"],"picked":"Deflect+1","floor":27},{"not_picked":["Accuracy","All Out Attack"],"picked":"Adrenaline","floor":28}],"player_experience":120915,"relics_obtained":[{"floor":7,"key":"Blue Candle"},{"floor":9,"key":"Centennial Puzzle"},{"floor":11,"key":"Dream Catcher"},{"floor":26,"key":"Tiny Chest"},{"floor":28,"key":"Bag of Preparation"}],"event_choices":[{"damage_healed":0,"gold_gain":0,"player_choice":"Rummage","damage_taken":0,"relics_obtained":["WarpedTongs"],"max_hp_gain":0,"max_hp_loss":0,"event_name":"Accursed Blacksmith","floor":2,"gold_loss":0,"cards_obtained":["Pain"]},{"damage_healed":17,"gold_gain":0,"player_choice":"Healed and dodged fight","damage_taken":0,"max_hp_gain":0,"max_hp_loss":0,"event_name":"Mushrooms","floor":13,"gold_loss":0,"cards_obtained":["Parasite"]},{"damage_healed":0,"gold_gain":0,"player_choice":"Upgraded","damage_taken":0,"max_hp_gain":0,"max_hp_loss":0,"event_name":"Upgrade Shrine","floor":19,"gold_loss":0,"cards_upgraded":["Footwork"]},{"damage_healed":0,"gold_gain":0,"player_choice":"Inject Mutagens","damage_taken":0,"relics_obtained":["MutagenicStrength"],"max_hp_gain":0,"max_hp_loss":0,"event_name":"Drug Dealer","floor":23,"gold_loss":0},{"cards_removed":["Parasite"],"damage_healed":0,"gold_gain":0,"player_choice":"Removed Curses","damage_taken":0,"max_hp_gain":0,"max_hp_loss":0,"event_name":"Fountain of Cleansing","floor":24,"gold_loss":0}],"is_beta":false,"boss_relics":[{"not_picked":["Snecko Eye","Cursed Key"],"picked":"Empty Cage"}],"items_purged_floors":[5,10,22],"is_endless":false,"potions_floor_spawned":[3,8,12,20,21],"killed_by":"Shelled Parasite and Fungi","ascension_level":5}