{"path_per_floor":["M","M","?","M","M","R","E","R","T","?","?","M","E","M","R"],"character_chosen":"THE_SILENT","items_purchased":[],"gold_per_floor":[109,121,121,135,145,145,173,173,198,261,261,280,312,323,323],"floor_reached":16,"campfire_rested":0,"playtime":1064,"current_hp_per_floor":[68,68,68,67,63,63,44,44,44,26,19,19,1,1,1],"items_purged":[],"gold":323,"score":112,"play_id":"2e724cef-19d9-4091-bf6f-9b6094f7c285","is_prod":false,"is_daily":false,"is_ascension_mode":false,"campfire_upgraded":3,"path_taken":["M","M","?","M","M","R","E","R","T","?","?","M","E","M","R","BOSS"],"build_version":"2018-02-07-BETA2","purchased_purges":0,"victory":false,"master_deck":["Defend_G","Defend_G","Defend_G","Defend_G","Defend_G","Strike_G","Strike_G","Strike_G","Strike_G","Survivor","Neutralize+1","Footwork+1","Poisoned Stab","Footwork+1","Expertise+1","Cloak And Dagger+1","Outmaneuver+1","Escape Plan+1","Flying Knee","Cloak And Dagger+1"],"max_hp_per_floor":[70,70,70,70,70,70,70,70,70,70,70,70,70,70,70],"relics":["Ring of the Snake","Toxic Egg 2","Happy Flower","Sundial","Darkstone Periapt"],"card_choices":[{"not_picked":["Poisoned Stab","Outmaneuver"],"picked":"Footwork"},{"not_picked":["Sucker Punch","PiercingWail"],"picked":"Poisoned Stab"},{"not_picked":["Outmaneuver","Cloak And Dagger"],"picked":"Footwork"},{"not_picked":["Backflip","Prepared"],"picked":"Expertise"},{"not_picked":["Footwork","Eviscerate"],"picked":"Cloak And Dagger"},{"not_picked":["Deadly Poison","Slice"],"picked":"Outmaneuver"},{"not_picked":["Flying Knee","Skewer"],"picked":"Escape Plan"},{"not_picked":["PiercingWail","Dagger Spray"],"picked":"Flying Knee"},{"not_picked":["Bullet Time","Flying Knee"],"picked":"Cloak And Dagger"}],"player_experience":65667,"potions_floor_usage":[12,13,14],"damage_taken":[{"damage":2,"enemies":"Jaw Worm","floor":1,"turns":5},{"damage":0,"enemies":"Blue Slaver","floor":2,"turns":6},{"damage":1,"enemies":"Cultist","floor":4,"turns":4},{"damage":4,"enemies":"Looter","floor":5,"turns":5},{"damage":19,"enemies":"3 Sentries","floor":7,"turns":14},{"damage":18,"enemies":"3 Sentries","floor":10,"turns":10},{"damage":0,"enemies":"3 Louse","floor":12,"turns":4},{"damage":18,"enemies":"Gremlin Nob","floor":13,"turns":6},{"damage":0,"enemies":"Exordium Wildlife","floor":14,"turns":6},{"damage":7,"enemies":"The Guardian","floor":16,"turns":2}],"event_choices":[{"event_name":"Upgrade Shrine","player_choice":"Upgraded","floor":3,"damage_taken":0},{"event_name":"Dead Adventurer","player_choice":"Searched \u00273\u0027 times","floor":10,"damage_taken":0},{"event_name":"Golden Wing","player_choice":"Card Removal","floor":11,"damage_taken":0}],"boss_relics":[],"potions_floor_spawned":[2,4,13],"seed_played":"-108092139916442271","killed_by":"The Guardian","ascension_level":0,"is_trial":false}