{"gold_per_floor":[116,134,153,153,165,165,165,195,207,250,262,289,301,331,343,355],"floor_reached":16,"playtime":749,"items_purged":[],"score":134,"play_id":"7f8e8c89-ecc2-4105-9e88-e92432f3d763","local_time":"20190327013646","is_ascension_mode":true,"campfire_choices":[{"data":"Accuracy","floor":6.0,"key":"SMITH"},{"floor":11,"key":"REST"},{"floor":13,"key":"REST"},{"floor":15,"key":"REST"}],"neow_cost":"NONE","seed_source_timestamp":0,"circlet_count":0,"master_deck":["Defend_G","Defend_G","Defend_G","Defend_G","Defend_G","Strike_G","Strike_G","Strike_G","Strike_G","Strike_G","Survivor","Neutralize+1","Infinite Blades","Infinite Blades","Escape Plan","Accuracy+1","Expertise","Deadly Poison","Deadly Poison","Catalyst"],"special_seed":0,"relics":["Lizard Tail","MawBank","Pear","Question Card"],"potions_floor_usage":[],"damage_taken":[{"damage":0.0,"enemies":"2 Louse","floor":1.0,"turns":4.0},{"damage":4.0,"enemies":"Small Slimes","floor":2.0,"turns":4.0},{"damage":7.0,"enemies":"Jaw Worm","floor":3.0,"turns":5.0},{"damage":2.0,"enemies":"Gremlin Gang","floor":5.0,"turns":5.0},{"damage":23.0,"enemies":"Gremlin Nob","floor":8.0,"turns":4.0},{"damage":31.0,"enemies":"3 Sentries","floor":10.0,"turns":7.0},{"damage":14,"enemies":"3 Louse","floor":12,"turns":4},{"damage":31,"enemies":"Large Slime","floor":14,"turns":5},{"damage":35,"enemies":"Slime Boss","floor":16,"turns":7}],"seed_played":"4423867376745370557","potions_obtained":[{"floor":1.0,"key":"LiquidBronze"},{"floor":2.0,"key":"AttackPotion"},{"floor":5.0,"key":"Fire Potion"},{"floor":14,"key":"Strength Potion"}],"is_trial":false,"path_per_floor":["M","M","M","?","M","R","?","E","T","E","R","M","R","M","R","B"],"character_chosen":"THE_SILENT","items_purchased":[],"campfire_rested":3,"item_purchase_floors":[],"current_hp_per_floor":[70,66,59,59,57,57,57,34,44,13,37,23,47,16,40,5],"gold":355,"neow_bonus":"BOSS_RELIC","is_prod":false,"is_daily":false,"chose_seed":false,"campfire_upgraded":1,"win_rate":0,"timestamp":1553668606,"path_taken":["M","M","M","?","M","R","?","E","T","E","R","M","R","M","R","BOSS"],"build_version":"2019-01-23","purchased_purges":0,"victory":false,"max_hp_per_floor":[70,70,70,70,70,70,70,70,80,80,80,80,80,80,80,80],"card_choices":[{"not_picked":["Outmaneuver","Heel Hook"],"picked":"Infinite Blades","floor":1.0},{"not_picked":["Flying Knee","Finisher"],"picked":"Infinite Blades","floor":2.0},{"not_picked":["Acrobatics","Predator"],"picked":"Escape Plan","floor":3.0},{"not_picked":["Sucker Punch","Acrobatics"],"picked":"Accuracy","floor":5.0},{"not_picked":["Acrobatics","Deadly Poison"],"picked":"Expertise","floor":8.0},{"not_picked":["Heel Hook","Eviscerate"],"picked":"Deadly Poison","floor":10.0},{"not_picked":["Slice","Backflip","Prepared"],"picked":"Deadly Poison","floor":12},{"not_picked":["Poisoned Stab","Tactician","Quick Slash"],"picked":"Catalyst","floor":14}],"player_experience":841107,"relics_obtained":[{"floor":8.0,"key":"MawBank"},{"floor":9.0,"key":"Pear"},{"floor":10.0,"key":"Question Card"}],"event_choices":[{"damage_healed":0.0,"max_hp_gain":0.0,"max_hp_loss":0.0,"gold_gain":0.0,"event_name":"Living Wall","player_choice":"Grow","floor":4.0,"gold_loss":0.0,"damage_taken":0.0,"cards_upgraded":["Neutralize"]},{"damage_healed":0.0,"max_hp_gain":0.0,"max_hp_loss":0.0,"gold_gain":0.0,"event_name":"Golden Wing","player_choice":"Ignored","floor":7.0,"gold_loss":0.0,"damage_taken":0.0}],"is_beta":false,"boss_relics":[],"items_purged_floors":[],"is_endless":false,"potions_floor_spawned":[1,2,5,14],"killed_by":"Slime Boss","ascension_level":4}