{"gold_per_floor":[116,47,47,47,47,47,111,111,157,157,5,36,36,61,61,157,157,170,180,105,117,117],"floor_reached":22,"playtime":639,"items_purged":["Strike_B"],"score":287,"play_id":"bf203002-67fb-418d-90fa-436e02433270","local_time":"20190320015019","is_ascension_mode":true,"campfire_choices":[{"data":"Lockon","floor":6,"key":"SMITH"},{"floor":8,"key":"REST"},{"data":"Sweeping Beam","floor":10,"key":"SMITH"},{"floor":15,"key":"REST"}],"neow_cost":"NONE","seed_source_timestamp":2441082170232896,"circlet_count":0,"master_deck":["Strike_B","Strike_B","Defend_B","Defend_B","Defend_B","Defend_B","Zap","Dualcast","Finesse","Lockon+1","Self Repair","Sweeping Beam+1","Creative AI","Defragment","Electrodynamics","Cold Snap","Conserve Battery","FTL"],"relics":["Cracked Core","Tiny Chest","Oddly Smooth Stone","DataDisk","Shovel","Omamori","Nuclear Battery"],"potions_floor_usage":[12],"damage_taken":[{"damage":0,"enemies":"2 Louse","floor":1,"turns":2},{"damage":34,"enemies":"Lagavulin","floor":7,"turns":6},{"damage":29,"enemies":"3 Sentries","floor":12,"turns":6},{"damage":33,"enemies":"Gremlin Nob","floor":14,"turns":4},{"damage":17,"enemies":"Slime Boss","floor":16,"turns":9},{"damage":12,"enemies":"Chosen","floor":18,"turns":4},{"damage":16,"enemies":"Shell Parasite","floor":19,"turns":4},{"damage":34,"enemies":"Shelled Parasite and Fungi","floor":21,"turns":4}],"seed_played":"8213112355813456105","potions_obtained":[{"floor":7,"key":"Regen Potion"},{"floor":14,"key":"SteroidPotion"},{"floor":18,"key":"Fire Potion"},{"floor":21,"key":"SpeedPotion"}],"is_trial":false,"path_per_floor":["M","$","?","?","$","R","E","R","T","R","$","E","$","E","R","B",null,"M","M","$","M","?"],"character_chosen":"DEFECT","items_purchased":["Self Repair","DataDisk"],"campfire_rested":2,"item_purchase_floors":[2,11],"current_hp_per_floor":[68,68,68,61,61,61,34,56,56,56,56,49,49,23,45,35,65,53,44,44,10,0],"gold":117,"neow_bonus":"RANDOM_COLORLESS","is_prod":false,"is_daily":false,"chose_seed":false,"campfire_upgraded":2,"win_rate":0,"timestamp":1553043019,"path_taken":["M","$","?","?","$","R","E","R","T","R","$","E","?","E","R","BOSS","M","M","?","?","?"],"build_version":"2019-01-23","purchased_purges":1,"victory":false,"max_hp_per_floor":[75,75,75,75,75,75,75,75,75,75,75,75,75,75,75,75,75,75,75,75,75,80],"card_choices":[{"not_picked":["Scrape","Force Field"],"picked":"Lockon","floor":1},{"not_picked":["Ball Lightning","Double Energy"],"picked":"Sweeping Beam","floor":7},{"not_picked":["FTL","Genetic Algorithm"],"picked":"Creative AI","floor":12},{"not_picked":["Beam Cell","Heatsinks"],"picked":"Defragment","floor":14},{"not_picked":["Machine Learning","Biased Cognition"],"picked":"Electrodynamics","floor":16},{"not_picked":["Reprogram","Gash"],"picked":"Cold Snap","floor":18},{"not_picked":["Cold Snap","Streamline"],"picked":"Conserve Battery","floor":19},{"not_picked":["Auto Shields","Blizzard"],"picked":"FTL","floor":21}],"player_experience":300523,"relics_obtained":[{"floor":7,"key":"Tiny Chest"},{"floor":9,"key":"Oddly Smooth Stone"},{"floor":12,"key":"Shovel"},{"floor":14,"key":"Omamori"}],"event_choices":[{"damage_healed":0,"gold_gain":0,"player_choice":"Leave","damage_taken":0,"max_hp_gain":0,"max_hp_loss":0,"event_name":"The Cleric","floor":3,"gold_loss":0},{"cards_removed":["Strike_B"],"damage_healed":0,"gold_gain":0,"player_choice":"Card Removal","damage_taken":7,"max_hp_gain":0,"max_hp_loss":0,"event_name":"Golden Wing","floor":4,"gold_loss":0}],"is_beta":false,"boss_relics":[{"not_picked":["Empty Cage","Runic Pyramid"],"picked":"Nuclear Battery"}],"items_purged_floors":[20],"is_endless":false,"potions_floor_spawned":[7,14,18,21],"ascension_level":9}