{"gold_per_floor":[110,126,126,146,166,166,192,192,217,217,217,231,249,265,265,363,363,373,388,23,23,23,23,23,35,35,35,46,46],"floor_reached":29,"playtime":1174,"items_purged":["Defend_R"],"score":227,"play_id":"b3a51e47-62c4-41b2-8039-d3c740f37562","local_time":"20181123200703","is_ascension_mode":false,"campfire_choices":[{"data":"Anger","floor":6,"key":"SMITH"},{"floor":8,"key":"REST"},{"data":"Anger","floor":10,"key":"SMITH"},{"floor":15,"key":"REST"},{"floor":23,"key":"REST"},{"floor":27,"key":"REST"}],"neow_cost":"NONE","seed_source_timestamp":589488126540343,"circlet_count":0,"master_deck":["Strike_R","Strike_R","Strike_R","Strike_R","Defend_R","Defend_R","Bash","Thunderclap","Anger+1","Rampage","Thunderclap","Anger+1","Anger","Dual Wield","Barricade","Shrug It Off","Shrug It Off","Iron Wave","Armaments+1"],"relics":["Burning Blood","Red Skull","Ancient Tea Set","Philosopher\u0027s Stone","Letter Opener","Blood Vial","Question Card"],"potions_floor_usage":[],"damage_taken":[{"damage":15,"enemies":"Jaw Worm","floor":1,"turns":5},{"damage":6,"enemies":"2 Louse","floor":2,"turns":2},{"damage":6,"enemies":"Cultist","floor":4,"turns":3},{"damage":11,"enemies":"Exordium Thugs","floor":5,"turns":4},{"damage":26,"enemies":"Lagavulin","floor":7,"turns":5},{"damage":7,"enemies":"3 Louse","floor":12,"turns":3},{"damage":12,"enemies":"Blue Slaver","floor":13,"turns":2},{"damage":13,"enemies":"Exordium Thugs","floor":14,"turns":3},{"damage":51,"enemies":"Hexaghost","floor":16,"turns":6},{"damage":41,"enemies":"Shell Parasite","floor":18,"turns":4},{"damage":33,"enemies":"Spheric Guardian","floor":19,"turns":4},{"damage":39,"enemies":"Shelled Parasite and Fungi","floor":25,"turns":5},{"damage":34,"enemies":"Centurion and Healer","floor":28,"turns":5},{"damage":12,"enemies":"Snake Plant","floor":29,"turns":4}],"seed_played":"-819660249008489564","potions_obtained":[{"floor":4,"key":"PowerPotion"},{"floor":5,"key":"Dexterity Potion"},{"floor":14,"key":"Ancient Potion"}],"is_trial":false,"path_per_floor":["M","M","?","M","M","R","E","R","T","R","?","M","M","M","R","B",null,"M","M","$","?","?","R","T","M","T","R","M","M"],"character_chosen":"IRONCLAD","items_purchased":["Letter Opener","Shrug It Off"],"campfire_rested":4,"item_purchase_floors":[20,20],"current_hp_per_floor":[71,71,64,64,59,59,39,63,63,63,63,62,56,49,73,28,80,45,18,18,18,18,42,42,11,11,35,9,0],"gold":46,"neow_bonus":"REMOVE_CARD","is_prod":false,"is_daily":false,"chose_seed":false,"campfire_upgraded":2,"win_rate":0.0,"timestamp":1543025223,"path_taken":["M","M","?","M","M","R","E","R","T","R","?","M","M","?","R","BOSS","M","M","$","?","?","R","?","M","T","R","M","M"],"build_version":"2018-11-15","purchased_purges":1,"victory":false,"max_hp_per_floor":[80,80,80,80,80,80,80,80,80,80,80,80,80,80,80,80,80,80,80,80,80,80,80,80,80,80,80,80,80],"card_choices":[{"not_picked":["Iron Wave","Twin Strike"],"picked":"Thunderclap","floor":1},{"not_picked":["Cleave","Clash"],"picked":"Anger","floor":2},{"not_picked":["Searing Blow","Spot Weakness"],"picked":"Rampage","floor":4},{"not_picked":["Reckless Charge","Heavy Blade"],"picked":"Thunderclap","floor":5},{"not_picked":["Fire Breathing","Perfected Strike"],"picked":"Anger","floor":7},{"not_picked":["Iron Wave","Heavy Blade"],"picked":"Anger","floor":12},{"not_picked":["Heavy Blade","Twin Strike"],"picked":"Dual Wield","floor":13},{"not_picked":["Spot Weakness","Berserk","Inflame"],"picked":"SKIP","floor":14},{"not_picked":["Reaper","Impervious"],"picked":"Barricade","floor":16},{"not_picked":["Perfected Strike+1","Sword Boomerang+1","Headbutt+1"],"picked":"SKIP","floor":18},{"not_picked":["Cleave","Entrench"],"picked":"Shrug It Off","floor":19},{"not_picked":["Cleave","Heavy Blade"],"picked":"Armaments+1","floor":25},{"not_picked":["Combust+1","Twin Strike","Armaments","Warcry"],"picked":"SKIP","floor":28}],"player_experience":8264,"relics_obtained":[{"floor":7,"key":"Red Skull"},{"floor":9,"key":"Ancient Tea Set"},{"floor":24,"key":"Blood Vial"},{"floor":26,"key":"Question Card"}],"event_choices":[{"cards_removed":["Strike_R"],"damage_healed":0,"gold_gain":0,"player_choice":"Card Removal","damage_taken":7,"max_hp_gain":0,"max_hp_loss":0,"event_name":"Golden Wing","floor":3,"gold_loss":0},{"damage_healed":0,"gold_gain":0,"player_choice":"Bought 0 Potions","damage_taken":0,"max_hp_gain":0,"max_hp_loss":0,"event_name":"The Woman in Blue","floor":11,"gold_loss":0},{"damage_healed":0,"gold_gain":0,"player_choice":"Read","damage_taken":0,"max_hp_gain":0,"max_hp_loss":0,"event_name":"The Library","floor":21,"gold_loss":0,"cards_obtained":["Iron Wave"]},{"damage_healed":0,"gold_gain":0,"player_choice":"Ignored","damage_taken":0,"max_hp_gain":0,"max_hp_loss":0,"event_name":"Vampires","floor":22,"gold_loss":0}],"is_beta":false,"boss_relics":[{"not_picked":["Cursed Key","Fusion Hammer"],"picked":"Philosopher\u0027s Stone"}],"items_purged_floors":[20],"is_endless":false,"potions_floor_spawned":[4,5,14,18,19],"killed_by":"Snake Plant","ascension_level":0}