{"path_per_floor":["M","?","M","M","M","R","E","R","T","E","M","E","M","M","R","B",null,"M","?","?","?","$"],"character_chosen":"THE_SILENT","items_purchased":["Mind Blast","Enlightenment","Prepared","Pen Nib"],"gold_per_floor":[119,219,236,253,268,268,296,296,296,322,335,368,380,398,398,499,529,542,642,642,642,73,73],"floor_reached":23,"campfire_rested":2,"playtime":1218,"item_purchase_floors":[22,22,22,22],"current_hp_per_floor":[67,67,66,66,66,66,28,49,49,26,19,10,9,9,30,5,75,65,65,75,75,75,0],"items_purged":["Strike_G"],"gold":73,"score":243,"play_id":"c60472ec-d6c3-44b0-b39c-cd22b5e8c6e7","local_time":"20180611010201","is_prod":false,"is_daily":false,"chose_seed":false,"is_ascension_mode":true,"campfire_upgraded":1,"win_rate":0,"timestamp":1528671721,"campfire_choices":[{"data":"Cloak And Dagger","floor":6,"key":"SMITH"},{"floor":8,"key":"REST"},{"floor":15,"key":"REST"}],"path_taken":["M","?","?","?","?","R","E","R","T","E","M","E","M","M","R","BOSS","M","?","?","?","$","E"],"build_version":"2018-06-07v3","seed_source_timestamp":1199844905555379,"purchased_purges":1,"victory":false,"master_deck":["Defend_G","Defend_G","Defend_G","Defend_G","Defend_G","Strike_G","Strike_G","Strike_G","Strike_G+1","Survivor","Neutralize","Choke","Cloak And Dagger+1","Leg Sweep","Malaise","Backflip","Prepared","Prepared","Slice","Deadly Poison","Cloak And Dagger","Dagger Throw","Cloak And Dagger","Backstab","Dagger Spray","Mind Blast","Enlightenment","Prepared"],"max_hp_per_floor":[70,70,70,70,70,70,70,70,70,70,70,70,70,70,70,70,75,75,75,75,75,75,75],"relics":["Ring of the Snake","Torii","Tough Bandages","Paper Crane","Prayer Wheel","Tiny House","Potion Belt","Pen Nib"],"card_choices":[{"not_picked":["Underhanded Strike","Calculated Gamble"],"picked":"Choke","floor":1},{"not_picked":["Acrobatics","Dagger Spray"],"picked":"Cloak And Dagger","floor":3},{"not_picked":["Dagger Throw","Quick Slash"],"picked":"Leg Sweep","floor":4},{"not_picked":["Finisher","Setup"],"picked":"Malaise","floor":5},{"not_picked":["Malaise","Dash"],"picked":"Backflip","floor":7},{"not_picked":["Dagger Throw","Slice"],"picked":"Prepared","floor":10},{"not_picked":["Venomology","Dagger Spray"],"picked":"Prepared","floor":11},{"not_picked":["Backflip","Sucker Punch"],"picked":"Slice","floor":12},{"not_picked":["Tools of the Trade","Quick Slash"],"picked":"Deadly Poison","floor":13},{"not_picked":["Masterful Stab","Leg Sweep"],"picked":"Cloak And Dagger","floor":13},{"not_picked":["Acrobatics","Malaise"],"picked":"Dagger Throw","floor":14},{"not_picked":["Outmaneuver","Sucker Punch","Bane"],"picked":"SKIP","floor":14},{"not_picked":["Outmaneuver","Flying Knee"],"picked":"Cloak And Dagger","floor":17},{"not_picked":["Dagger Spray+1","Skewer"],"picked":"Backstab","floor":18},{"not_picked":["Outmaneuver","Bane+1"],"picked":"Dagger Spray","floor":18}],"player_experience":124363,"potions_floor_usage":[7,12,16,16,23],"damage_taken":[{"damage":3,"enemies":"Jaw Worm","floor":1,"turns":4},{"damage":1,"enemies":"Cultist","floor":3,"turns":3},{"damage":0,"enemies":"Small Slimes","floor":4,"turns":5},{"damage":0,"enemies":"Red Slaver","floor":5,"turns":5},{"damage":38,"enemies":"Gremlin Nob","floor":7,"turns":8},{"damage":23,"enemies":"Lagavulin","floor":10,"turns":11},{"damage":7,"enemies":"Lots of Slimes","floor":11,"turns":5},{"damage":9,"enemies":"3 Sentries","floor":12,"turns":9},{"damage":1,"enemies":"Gremlin Gang","floor":13,"turns":4},{"damage":0,"enemies":"Large Slime","floor":14,"turns":6},{"damage":33,"enemies":"Slime Boss","floor":16,"turns":15},{"damage":10,"enemies":"Spheric Guardian","floor":18,"turns":9},{"damage":93,"enemies":"Gremlin Leader","floor":23,"turns":9}],"relics_obtained":[{"floor":7,"key":"Torii"},{"floor":9,"key":"Tough Bandages"},{"floor":10,"key":"Paper Crane"},{"floor":12,"key":"Prayer Wheel"}],"event_choices":[{"event_name":"Golden Shrine","player_choice":"Pray","floor":2,"damage_taken":0},{"event_name":"Golden Shrine","player_choice":"Pray","floor":19,"damage_taken":0},{"event_name":"The Library","player_choice":"Heal","floor":20,"damage_taken":0},{"event_name":"The Mausoleum","player_choice":"Yes","floor":21,"damage_taken":0}],"boss_relics":[{"not_picked":["Velvet Choker","Snecko Eye"],"picked":"Tiny House"}],"items_purged_floors":[22],"potions_floor_spawned":[4,7,11,12,13],"seed_played":"3617606540215561977","killed_by":"Gremlin Leader","ascension_level":3,"potions_obtained":[{"floor":4,"key":"Dexterity Potion"},{"floor":7,"key":"FairyPotion"},{"floor":11,"key":"Explosive Potion"},{"floor":12,"key":"Block Potion"},{"floor":13,"key":"Swift Potion"},{"floor":17,"key":"Regen Potion"}],"is_trial":false}