{"gold_per_floor":[119,119,119,13,30,30,62,62,62,77,77,92,110,127,127,225,225,210,220,240,240,240],"floor_reached":22,"playtime":1004,"items_purged":[],"score":188,"play_id":"8734bd67-2391-4598-b515-0849042fc8ad","local_time":"20180701153951","is_ascension_mode":false,"campfire_choices":[{"data":"Sweeping Beam","floor":6,"key":"SMITH"},{"data":"Defragment","floor":8,"key":"SMITH"},{"floor":15,"key":"REST"}],"neow_cost":"TEN_PERCENT_HP_LOSS","seed_source_timestamp":936574919906810,"circlet_count":0,"master_deck":["Strike_B","Strike_B","Defend_B","Defend_B","Defend_B","Defend_B","Zap","Dualcast","BootSequence","Beam Cell+1","FTL","Chill","Sweeping Beam+1","Defragment+1","Redo","Chaos","Redo","Capacitor+1","Rainbow","Redo+1","Genetic Algorithm+1","Blizzard","Writhe"],"relics":["Cracked Core","Calipers","Blood Vial","Frozen Egg 2","Snecko Eye","Thread and Needle"],"potions_floor_usage":[16,16,16,20,20],"damage_taken":[{"damage":5,"enemies":"Small Slimes","floor":1,"turns":3},{"damage":0,"enemies":"Cultist","floor":5,"turns":3},{"damage":22,"enemies":"Gremlin Nob","floor":7,"turns":5},{"damage":0,"enemies":"2 Louse","floor":10,"turns":2},{"damage":5,"enemies":"Red Slaver","floor":12,"turns":4},{"damage":10,"enemies":"Looter","floor":13,"turns":3},{"damage":0,"enemies":"Large Slime","floor":14,"turns":3},{"damage":38,"enemies":"The Guardian","floor":16,"turns":9},{"damage":6,"enemies":"2 Thieves","floor":18,"turns":4},{"damage":10,"enemies":"Shell Parasite","floor":19,"turns":4},{"damage":32,"enemies":"Sentry and Sphere","floor":20,"turns":6},{"damage":47,"enemies":"3 Cultists","floor":22,"turns":6}],"seed_played":"-3419009413479519619","potions_obtained":[{"floor":1,"key":"AttackPotion"},{"floor":13,"key":"PowerPotion"},{"floor":14,"key":"Poison Potion"},{"floor":18,"key":"Regen Potion"},{"floor":19,"key":"Fruit Juice"}],"is_trial":false,"path_per_floor":["M","?","?","$","M","R","E","R","T","M","?","M","M","M","R","B",null,"M","M","M","?"],"character_chosen":"DEFECT","items_purchased":["FTL","Chill"],"campfire_rested":1,"item_purchase_floors":[4,4],"current_hp_per_floor":[63,63,63,63,63,63,41,41,41,43,43,40,32,34,54,18,68,62,54,43,43,0],"gold":240,"neow_bonus":"ONE_RARE_RELIC","is_prod":false,"is_daily":false,"chose_seed":false,"campfire_upgraded":2,"win_rate":0.0,"timestamp":1530481191,"path_taken":["M","?","?","$","M","R","E","R","T","M","?","M","M","M","R","BOSS","M","M","M","?","M"],"build_version":"2018-06-28","purchased_purges":0,"victory":false,"max_hp_per_floor":[68,68,68,68,68,68,68,68,68,68,68,68,68,68,68,68,68,68,68,73,73,73],"card_choices":[{"not_picked":["Doom and Gloom","Streamline"],"picked":"BootSequence","floor":1},{"not_picked":["Barrage","Coolheaded"],"picked":"Sweeping Beam","floor":5},{"not_picked":["Thunder Strike","Stack"],"picked":"Defragment","floor":7},{"not_picked":["Coolheaded","Rebound"],"picked":"Redo","floor":10},{"not_picked":["Ball Lightning","Gash"],"picked":"Chaos","floor":12},{"not_picked":["Coolheaded","Fusion"],"picked":"Redo","floor":13},{"not_picked":["Hologram","Conserve Battery"],"picked":"Capacitor+1","floor":14},{"not_picked":["All For One","Fission"],"picked":"Rainbow","floor":16},{"not_picked":["White Noise","Ball Lightning"],"picked":"Redo+1","floor":18},{"not_picked":["Sweeping Beam+1","Chill"],"picked":"Genetic Algorithm+1","floor":19},{"not_picked":["Turbo","Gash"],"picked":"Blizzard","floor":20}],"player_experience":46330,"relics_obtained":[{"floor":7,"key":"Blood Vial"},{"floor":9,"key":"Frozen Egg 2"}],"event_choices":[{"event_name":"Transmorgrifier","player_choice":"Transform","floor":2,"damage_taken":0},{"event_name":"Purifier","player_choice":"One Purge","floor":3,"damage_taken":0},{"event_name":"Accursed Blacksmith","player_choice":"Forge","floor":11,"damage_taken":0},{"event_name":"The Mausoleum","player_choice":"Yes","floor":21,"damage_taken":0}],"boss_relics":[{"not_picked":["Busted Crown","Velvet Choker"],"picked":"Snecko Eye"}],"items_purged_floors":[],"is_endless":false,"potions_floor_spawned":[1,13,14,18,19],"killed_by":"3 Cultists","ascension_level":0}