{"gold_per_floor":[118,138,138,158,176,203,203,203,228,114,134,134,146,162,162,240,240,205,205,205,222,222,222],"floor_reached":23,"playtime":1971,"items_purged":[],"score":462,"play_id":"5b12d68d-ed9b-4f18-be10-461244efef04","local_time":"20190311210209","is_ascension_mode":true,"campfire_choices":[{"data":"Undo","floor":7,"key":"SMITH"},{"data":"Defragment","floor":12,"key":"SMITH"},{"data":"Darkness","floor":15,"key":"SMITH"}],"neow_cost":"NONE","seed_source_timestamp":397593092785540,"circlet_count":0,"master_deck":["AscendersBane","Defend_B","Defend_B","Defend_B","Defend_B","Zap","Dualcast","Undo+1","Undo","Rebound","Darkness+1","BootSequence","Doom and Gloom","Defragment+1","Compile Driver","Darkness","Coolheaded","Compile Driver","Rainbow","Writhe","Doubt","Pain","Leap+1","Bite","Bite","Bite","Bite","Bite","Auto Shields"],"relics":["Coffee Dripper","Oddly Smooth Stone","Happy Flower","Calling Bell","Omamori","Question Card","WingedGreaves","Vajra","Smiling Mask"],"potions_floor_usage":[2,6,13,16,21,23],"damage_taken":[{"damage":9,"enemies":"Small Slimes","floor":1,"turns":4},{"damage":0,"enemies":"Cultist","floor":2,"turns":5},{"damage":0,"enemies":"2 Louse","floor":4,"turns":4},{"damage":2,"enemies":"Large Slime","floor":5,"turns":9},{"damage":7,"enemies":"Lagavulin","floor":6,"turns":7},{"damage":0,"enemies":"Looter","floor":11,"turns":4},{"damage":0,"enemies":"Lots of Slimes","floor":13,"turns":1},{"damage":7,"enemies":"Large Slime","floor":14,"turns":4},{"damage":0,"enemies":"Hexaghost","floor":16,"turns":9},{"damage":29,"enemies":"2 Thieves","floor":18,"turns":5},{"damage":3,"enemies":"Spheric Guardian","floor":21,"turns":5},{"damage":54,"enemies":"Gremlin Leader","floor":23,"turns":8}],"seed_played":"4723635532547814303","potions_obtained":[{"floor":1,"key":"PowerPotion"},{"floor":5,"key":"SkillPotion"},{"floor":6,"key":"AttackPotion"},{"floor":14,"key":"Dexterity Potion"},{"floor":16,"key":"SpeedPotion"},{"floor":18,"key":"SteroidPotion"}],"is_trial":false,"path_per_floor":["M","M","?","M","M","E","R","?","T","$","M","R","M","M","R","B",null,"M","?","?","M","?","E"],"character_chosen":"DEFECT","items_purchased":["Defragment","Compile Driver"],"campfire_rested":0,"item_purchase_floors":[10,10],"current_hp_per_floor":[55,55,55,55,53,46,46,46,46,46,46,46,46,39,39,39,63,34,34,34,35,35,0],"gold":222,"neow_bonus":"BOSS_RELIC","is_prod":false,"is_daily":false,"chose_seed":false,"campfire_upgraded":3,"win_rate":0,"timestamp":1552356129,"path_taken":["M","M","?","?","M","E","R","?","T","$","M","R","M","?","R","BOSS","M","?","?","M","?","E"],"build_version":"2019-01-23","purchased_purges":0,"victory":false,"max_hp_per_floor":[71,71,71,71,71,71,71,71,71,71,71,71,71,71,71,71,71,71,49,49,49,49,49],"card_choices":[{"not_picked":["Scrape","Beam Cell"],"picked":"Undo","floor":1},{"not_picked":["Chaos","Leap"],"picked":"Undo","floor":2},{"not_picked":["Streamline","Static Discharge"],"picked":"Rebound","floor":4},{"not_picked":["Doom and Gloom","Heatsinks"],"picked":"Darkness","floor":5},{"not_picked":["Hologram","Static Discharge"],"picked":"BootSequence","floor":6},{"not_picked":["Consume","Scrape"],"picked":"Darkness","floor":11},{"not_picked":["Double Energy","Streamline"],"picked":"Coolheaded","floor":13},{"not_picked":["Static Discharge","Hologram"],"picked":"Compile Driver","floor":14},{"not_picked":["Hyperbeam","Seek"],"picked":"Rainbow","floor":16},{"not_picked":["Stack","Compile Driver","Reprogram"],"picked":"Leap+1","floor":18},{"not_picked":["Go for the Eyes","Conserve Battery","Sweeping Beam"],"picked":"Auto Shields","floor":21}],"player_experience":677977,"relics_obtained":[{"floor":6,"key":"Oddly Smooth Stone"},{"floor":9,"key":"Happy Flower"},{"floor":17,"key":"Omamori"},{"floor":17,"key":"Question Card"},{"floor":17,"key":"WingedGreaves"}],"event_choices":[{"cards_removed":["Strike_B"],"damage_healed":0,"gold_gain":0,"player_choice":"Purged","damage_taken":0,"max_hp_gain":0,"max_hp_loss":0,"event_name":"Purifier","floor":3,"gold_loss":0},{"damage_healed":0,"gold_gain":0,"cards_transformed":["Strike_B"],"player_choice":"Transformed","damage_taken":0,"max_hp_gain":0,"max_hp_loss":0,"event_name":"Transmorgrifier","floor":8,"gold_loss":0,"cards_obtained":["Doom and Gloom"]},{"damage_healed":0,"gold_gain":0,"player_choice":"Became a vampire","damage_taken":0,"max_hp_gain":0,"max_hp_loss":22,"event_name":"Vampires","floor":19,"gold_loss":0,"cards_obtained":["Bite","Bite","Bite","Bite","Bite"]},{"damage_healed":0,"gold_gain":0,"player_choice":"Stole Relic","damage_taken":0,"relics_obtained":["Vajra"],"max_hp_gain":0,"max_hp_loss":0,"event_name":"Addict","floor":20,"gold_loss":0,"cards_obtained":["Shame"]},{"damage_healed":0,"gold_gain":0,"player_choice":"Opened","damage_taken":0,"relics_obtained":["Smiling Mask"],"max_hp_gain":0,"max_hp_loss":0,"event_name":"The Mausoleum","floor":22,"gold_loss":0,"cards_obtained":["Writhe"]}],"is_beta":false,"boss_relics":[{"not_picked":["Runic Pyramid","Philosopher\u0027s Stone"],"picked":"Calling Bell"}],"items_purged_floors":[],"is_endless":false,"potions_floor_spawned":[1,5,6,14,16,18],"killed_by":"Gremlin Leader","ascension_level":16}