{"path_per_floor":["M","$","?","M","M","R","E","R","T","?","E","M","M","$","R","B",null,"M","M","?","?","?","R","?","$","T","M","$","$","R","M","R","B",null,"M","M","M","$","?","R","M","?","T"],"character_chosen":"DEFECT","items_purchased":["Capacitor","White Noise","Capacitor","Madness"],"gold_per_floor":[113,59,59,74,92,92,120,120,120,120,145,157,177,34,34,131,131,146,158,158,158,192,192,117,17,40,52,52,2,2,19,19,119,119,133,152,172,80,80,80,96,96,164,164],"floor_reached":44,"campfire_rested":4,"playtime":1539,"current_hp_per_floor":[74,74,74,68,68,68,67,67,67,72,55,55,44,44,68,10,80,37,32,45,45,5,40,40,40,40,39,39,39,74,66,74,31,93,61,45,35,35,35,72,35,35,35,0],"items_purged":["Strike_B","Strike_B"],"gold":164,"score":441,"play_id":"8cb4a12d-2754-4adb-9431-764f25559a82","local_time":"20180502103327","is_prod":false,"is_daily":false,"chose_seed":false,"is_ascension_mode":false,"campfire_upgraded":3,"timestamp":1525250007,"path_taken":["M","?","?","M","M","R","E","R","T","?","E","M","?","$","R","BOSS","M","M","?","?","?","R","?","$","T","M","?","$","R","M","R","BOSS","M","?","M","$","?","R","M","?","T","M"],"build_version":"2018-05-01v2","seed_source_timestamp":181426514023865,"purchased_purges":2,"victory":false,"master_deck":["Strike_B","Defend_B","Defend_B","Defend_B","Defend_B","Zap+1","Dualcast","Stack","Capacitor+1","Stack","Gash","Defragment+1","Go for the Eyes","Cold Snap","Cold Snap","White Noise","Creative AI+1","Streamline+1","Barrage","Coolheaded","Ball Lightning","Capacitor","Aggregate+1","Nova","Go for the Eyes+1","Capacitor+1","Storm+1","Madness","Dramatic Entrance","Tempest+1"],"max_hp_per_floor":[75,75,75,75,75,75,75,75,75,80,80,80,80,80,80,80,80,80,80,93,93,93,93,93,93,93,93,93,93,93,93,93,93,93,93,93,93,93,93,93,93,93,93,93],"relics":["Cracked Core","Bottled Flame","Darkstone Periapt","Anchor","Eternal Feather","Strawberry","Red Mask","Ancient Tea Set","Nuclear Battery","Mercury Hourglass"],"card_choices":[{"not_picked":["Heatsinks","Blizzard"],"picked":"Stack","floor":1},{"not_picked":["Flux Capacitor","Sunder"],"picked":"Gash","floor":4},{"not_picked":["Beam Cell","Skim"],"picked":"Defragment","floor":5},{"not_picked":["Blizzard","Coolheaded"],"picked":"Go for the Eyes","floor":7},{"not_picked":["Beam Cell","Axe Kick"],"picked":"Cold Snap","floor":11},{"not_picked":["Auto Shields","Stack"],"picked":"Streamline","floor":12},{"not_picked":["Blizzard","Chaos"],"picked":"Cold Snap","floor":13},{"not_picked":["Amplify","Multi-Cast"],"picked":"Creative AI","floor":16},{"not_picked":["Coolheaded","Melter"],"picked":"Streamline","floor":18},{"not_picked":["Beam Cell","Heatsinks"],"picked":"Barrage","floor":19},{"not_picked":["Beam Cell","Go for the Eyes"],"picked":"Coolheaded","floor":22},{"not_picked":["Thunder Strike","Flux Capacitor"],"picked":"Ball Lightning","floor":27},{"not_picked":["Axe Kick","Barrage"],"picked":"Aggregate","floor":31},{"not_picked":["Rainbow","Prime"],"picked":"Nova","floor":33},{"not_picked":["Cold Snap","Static Discharge"],"picked":"Go for the Eyes","floor":35},{"not_picked":["Sweeping Beam","Static Discharge"],"picked":"Capacitor","floor":36},{"not_picked":["Static Discharge","Hyperbeam"],"picked":"Storm","floor":37},{"not_picked":["Trip","Good Instincts"],"picked":"Dramatic Entrance","floor":39},{"not_picked":["Steam Power","Go for the Eyes"],"picked":"Tempest","floor":41}],"player_experience":18803,"potions_floor_usage":[7,7,16,33,33,36,44],"damage_taken":[{"damage":1,"enemies":"Cultist","floor":1,"turns":3},{"damage":6,"enemies":"2 Louse","floor":4,"turns":2},{"damage":0,"enemies":"Small Slimes","floor":5,"turns":4},{"damage":1,"enemies":"Gremlin Nob","floor":7,"turns":3},{"damage":17,"enemies":"Lagavulin","floor":11,"turns":7},{"damage":0,"enemies":"Blue Slaver","floor":12,"turns":3},{"damage":11,"enemies":"Gremlin Gang","floor":13,"turns":4},{"damage":58,"enemies":"Hexaghost","floor":16,"turns":12},{"damage":43,"enemies":"3 Byrds","floor":18,"turns":6},{"damage":5,"enemies":"Shell Parasite","floor":19,"turns":7},{"damage":40,"enemies":"Masked Bandits","floor":22,"turns":7},{"damage":1,"enemies":"Snake Plant","floor":27,"turns":7},{"damage":8,"enemies":"Centurion and Healer","floor":31,"turns":8},{"damage":43,"enemies":"Automaton","floor":33,"turns":12},{"damage":32,"enemies":"Orb Walker","floor":35,"turns":5},{"damage":23,"enemies":"3 Darklings","floor":36,"turns":6},{"damage":10,"enemies":"4 Shapes","floor":37,"turns":9},{"damage":37,"enemies":"Sphere and 2 Shapes","floor":41,"turns":4},{"damage":42,"enemies":"Spire Growth","floor":44,"turns":4}],"event_choices":[{"event_name":"Transmorgrifier","player_choice":"Transform","floor":3,"damage_taken":0},{"event_name":"Big Fish","player_choice":"Donut","floor":10,"damage_taken":0},{"event_name":"Accursed Blacksmith","player_choice":"Rummage","floor":20,"damage_taken":0},{"event_name":"Back to Basics","player_choice":"Elegance","floor":21,"damage_taken":0},{"event_name":"Masked Bandits","player_choice":"Fought over 158 gold","floor":22,"damage_taken":0},{"event_name":"Beggar","player_choice":"Gave Gold","floor":24,"damage_taken":0},{"event_name":"SensoryStone","player_choice":"Memory 1","floor":39,"damage_taken":0},{"event_name":"The Moai Head","player_choice":"Ignored","floor":42,"damage_taken":0}],"boss_relics":[{"not_picked":["Snecko Eye","Sozu"],"picked":"Eternal Feather"},{"not_picked":["Runic Pyramid","White Beast Statue"],"picked":"Nuclear Battery"}],"potions_floor_spawned":[1,5,13,27,31,33,41],"seed_played":"3420258591283254952","killed_by":"Spire Growth","ascension_level":0,"is_trial":false}