{"path_per_floor":["M","T","?","?","?","R","M","E","T","E","R","?","M","?","R","B",null,"M","?","M","?","M"],"character_chosen":"IRONCLAD","items_purchased":[],"gold_per_floor":[111,181,181,181,181,181,198,223,249,276,276,276,288,238,238,337,337,307,307,327,327,342],"floor_reached":23,"campfire_rested":0,"playtime":976,"current_hp_per_floor":[73,73,80,80,80,80,76,78,85,76,76,69,74,74,74,50,101,74,74,59,59,15],"items_purged":[],"gold":342,"play_id":"3b1e65ef-8423-4651-89c3-644b658e36cb","is_prod":false,"is_daily":false,"is_ascension_mode":false,"campfire_upgraded":3,"path_taken":["M","?","?","?","?","R","?","E","T","E","R","?","M","?","R","BOSS","M","?","M","?","M","E"],"build_version":"2018-01-25-PROD3","purchased_purges":0,"victory":false,"master_deck":["Strike_R","Strike_R","Defend_R","Defend_R","Defend_R","Bash","Armaments+1","Demon Form+1","Iron Wave","Sword Boomerang+1","Demon Form+1","Feed","Flex+1","Rampage","Writhe","Sentinel+1"],"max_hp_per_floor":[80,80,94,94,94,94,94,94,101,101,101,101,101,101,101,101,101,101,101,101,101,105],"relics":["Burning Blood","Bottled Lightning","Mango","Frozen Egg","Strawberry","Kunai","Eternal Feather","Anchor"],"card_choices":[{"not_picked":["Second Wind","True Grit"],"picked":"Armaments"},{"not_picked":["Heavy Blade","Cleave"],"picked":"Demon Form"},{"not_picked":["Thunderclap","Havoc"],"picked":"Iron Wave"},{"not_picked":["Havoc","Burning Pact"],"picked":"Sword Boomerang"},{"not_picked":["Battle Trance","Body Slam"],"picked":"Demon Form"},{"not_picked":["Brutality","Fiend Fire"],"picked":"Feed"},{"not_picked":["Uppercut","Perfected Strike"],"picked":"Flex"},{"not_picked":["Intimidate","Heavy Blade"],"picked":"Rampage"},{"not_picked":["Body Slam","Evolve"],"picked":"Sentinel"}],"player_experience":43536,"potions_floor_usage":[8,16,22,22],"damage_taken":[{"damage":13,"enemies":"Blue Slaver","floor":1,"turns":6},{"damage":10,"enemies":"2 Louse","floor":7,"turns":5},{"damage":4,"enemies":"Lagavulin","floor":8,"turns":6},{"damage":15,"enemies":"Gremlin Nob","floor":10,"turns":4},{"damage":1,"enemies":"Cultist","floor":13,"turns":3},{"damage":30,"enemies":"Hexaghost","floor":16,"turns":5},{"damage":33,"enemies":"2 Thieves","floor":18,"turns":5},{"damage":21,"enemies":"Chosen","floor":20,"turns":5},{"damage":54,"enemies":"3 Cultists","floor":22,"turns":6},{"damage":22,"enemies":"Gremlin Leader","floor":23,"turns":2}],"event_choices":[{"event_name":"Scrap Ooze","player_choice":"success","floor":3,"damage_taken":7},{"event_name":"Wheel of Change","player_choice":"Card Removal","floor":4,"damage_taken":0},{"event_name":"Transmorgrifier","player_choice":"Transform","floor":5,"damage_taken":0},{"event_name":"Golden Wing","player_choice":"Card Removal","floor":12,"damage_taken":0},{"event_name":"The Cleric","player_choice":"Card Removal","floor":14,"damage_taken":0},{"event_name":"Vampires","player_choice":"Ignored","floor":19,"damage_taken":0},{"event_name":"The Mausoleum","player_choice":"Yes","floor":21,"damage_taken":0}],"boss_relics":[{"not_picked":["Lizard Tail","Astrolabe"],"picked":"Eternal Feather"}],"potions_floor_spawned":[7,8,13,18,22],"seed_played":"8676428960757304090","killed_by":"Gremlin Leader","ascension_level":0,"is_trial":false}