{"gold_per_floor":[114,114,137,156,106,106,149,149,149,163,163,187,212,212,212,332,332,348,348,348,366,389,389,389],"floor_reached":24,"playtime":3907,"items_purged":[],"score":238,"play_id":"f4bdb5c7-6181-479a-9bf8-460ba71a0dbc","local_time":"20190216185117","is_ascension_mode":true,"campfire_choices":[{"floor":6.0,"key":"REST"},{"data":"Blur","floor":11.0,"key":"SMITH"},{"floor":15.0,"key":"REST"},{"floor":23,"key":"REST"}],"neow_cost":"NONE","seed_source_timestamp":0,"circlet_count":0,"master_deck":["Survivor+1","Neutralize","Die Die Die","Backflip","Prepared","Blur+1","Sucker Punch","Blade Dance","Underhanded Strike","Unload","Calculated Gamble","Dodge and Roll","Sucker Punch","Dagger Throw","Skewer","Finisher","Predator","Leg Sweep","Adrenaline","Deflect","RitualDagger","Footwork+1"],"special_seed":0,"relics":["Ring of the Snake","Golden Idol","Thread and Needle","Blood Vial","Frozen Egg 2","Pandora\u0027s Box"],"potions_floor_usage":[],"damage_taken":[{"damage":0.0,"enemies":"Small Slimes","floor":1.0,"turns":2.0},{"damage":0.0,"enemies":"2 Louse","floor":3.0,"turns":1.0},{"damage":1.0,"enemies":"Cultist","floor":4.0,"turns":3.0},{"damage":37.0,"enemies":"Gremlin Nob","floor":7.0,"turns":5.0},{"damage":5.0,"enemies":"Looter","floor":10.0,"turns":4.0},{"damage":0.0,"enemies":"Large Slime","floor":12.0,"turns":5.0},{"damage":0.0,"enemies":"Exordium Thugs","floor":13.0,"turns":4.0},{"damage":42.0,"enemies":"The Guardian","floor":16.0,"turns":15.0},{"damage":42,"enemies":"3 Byrds","floor":18,"turns":9},{"damage":3,"enemies":"Chosen","floor":21,"turns":6},{"damage":15,"enemies":"Sentry and Sphere","floor":22,"turns":8},{"damage":44,"enemies":"Gremlin Leader","floor":24,"turns":11}],"seed_played":"-980361619960144969","potions_obtained":[{"floor":1.0,"key":"Fire Potion"},{"floor":4.0,"key":"LiquidBronze"},{"floor":7.0,"key":"AttackPotion"},{"floor":13.0,"key":"FearPotion"},{"floor":18,"key":"AttackPotion"}],"is_trial":false,"path_per_floor":["M","?","M","M","?","R","E","?","T","M","R","M","M","?","R","B",null,"M","?","?","M","M","R","E"],"character_chosen":"THE_SILENT","items_purchased":[],"campfire_rested":3,"item_purchase_floors":[],"current_hp_per_floor":[70,53,53,52,52,70,33,33,33,30,30,32,34,20,41,1,70,28,28,22,21,8,29,0],"gold":389,"neow_bonus":"ONE_RANDOM_RARE_CARD","is_prod":false,"is_daily":false,"chose_seed":false,"campfire_upgraded":1,"win_rate":0,"timestamp":1550368277,"path_taken":["M","?","M","M","?","R","E","?","T","?","R","M","M","?","R","BOSS","M","?","?","M","?","R","E"],"build_version":"2019-01-23","purchased_purges":0,"victory":false,"max_hp_per_floor":[70,70,70,70,70,70,70,70,70,70,70,70,70,70,70,70,70,70,70,70,70,70,70,70],"card_choices":[{"not_picked":["Infinite Blades","Terror"],"picked":"Backflip","floor":1.0},{"not_picked":["Flying Knee","Dagger Spray"],"picked":"Poisoned Stab","floor":3.0},{"not_picked":["Catalyst","Backflip"],"picked":"Prepared","floor":4.0},{"not_picked":["Well Laid Plans","Skewer"],"picked":"Blur","floor":7.0},{"not_picked":["Eviscerate","Flechettes"],"picked":"Sucker Punch","floor":10.0},{"not_picked":["Backstab","Prepared"],"picked":"Blade Dance","floor":12.0},{"not_picked":["Sucker Punch","Tactician"],"picked":"Underhanded Strike","floor":13.0},{"not_picked":["Backflip","Cloak And Dagger"],"picked":"Leg Sweep","floor":18},{"not_picked":["Eviscerate+1","Finisher"],"picked":"Footwork+1","floor":21},{"not_picked":["PiercingWail","Bane","Poisoned Stab"],"picked":"SKIP","floor":22}],"player_experience":111042,"relics_obtained":[{"floor":7.0,"key":"Thread and Needle"},{"floor":9.0,"key":"Frozen Egg 2"}],"event_choices":[{"damage_healed":0.0,"max_hp_gain":0.0,"max_hp_loss":0.0,"gold_gain":0.0,"event_name":"Golden Idol","player_choice":"Take Damage","floor":2.0,"gold_loss":0.0,"damage_taken":17.0,"relics_obtained":["Golden Idol"]},{"cards_removed":["Strike_G"],"damage_healed":0.0,"max_hp_gain":0.0,"max_hp_loss":0.0,"gold_gain":0.0,"event_name":"The Cleric","player_choice":"Card Removal","floor":5.0,"gold_loss":50.0,"damage_taken":0.0},{"damage_healed":0.0,"max_hp_gain":0.0,"max_hp_loss":0.0,"gold_gain":0.0,"event_name":"WeMeetAgain","player_choice":"Gave Potion","floor":8.0,"gold_loss":0.0,"damage_taken":0.0,"relics_obtained":["Blood Vial"]},{"damage_healed":0.0,"max_hp_gain":0.0,"max_hp_loss":0.0,"gold_gain":0.0,"event_name":"Shining Light","player_choice":"Entered Light","floor":14.0,"gold_loss":0.0,"damage_taken":14.0,"cards_upgraded":["Defend_G","Survivor"]},{"damage_healed":0,"gold_gain":0,"cards_transformed":["Setup","Poisoned Stab"],"player_choice":"Became Test Subject","damage_taken":0,"max_hp_gain":0,"max_hp_loss":0,"event_name":"Drug Dealer","floor":19,"gold_loss":0,"cards_obtained":["Adrenaline","Deflect"]},{"damage_healed":0,"gold_gain":0,"player_choice":"Joined the Cult","damage_taken":6,"max_hp_gain":0,"max_hp_loss":0,"event_name":"Nest","floor":20,"gold_loss":0,"cards_obtained":["RitualDagger"]}],"is_beta":false,"boss_relics":[{"not_picked":["Fusion Hammer","White Beast Statue"],"picked":"Pandora\u0027s Box"}],"items_purged_floors":[],"is_endless":false,"potions_floor_spawned":[1,4,7,13,18],"killed_by":"Gremlin Leader","ascension_level":4}