{"gold_per_floor":[113,123,73,90,165,165,19,52,107,107,130,160,172,200,212,224],"floor_reached":16,"playtime":653,"items_purged":[],"score":100,"play_id":"5b59fdd0-1b0a-4e47-93ed-61b1a91f284c","local_time":"20181124193639","is_ascension_mode":false,"campfire_choices":[{"data":"Armaments","floor":6,"key":"SMITH"},{"floor":13,"key":"REST"},{"data":"Armaments","floor":15,"key":"SMITH"}],"neow_cost":"NONE","seed_source_timestamp":674583847097637,"circlet_count":0,"master_deck":["Strike_R","Strike_R","Strike_R+1","Strike_R","Defend_R","Defend_R","Defend_R","Defend_R","Bash","Madness","Armaments+1","Armaments+1","Bloodletting+1","Intimidate","Thunderclap"],"relics":["Burning Blood","Orichalcum","Lantern","Strawberry","MawBank"],"potions_floor_usage":[16,16,16],"damage_taken":[{"damage":12,"enemies":"Cultist","floor":1,"turns":6},{"damage":7,"enemies":"2 Louse","floor":2,"turns":4},{"damage":5,"enemies":"Small Slimes","floor":4,"turns":6},{"damage":38,"enemies":"Gremlin Nob","floor":8,"turns":6},{"damage":4,"enemies":"2 Fungi Beasts","floor":12,"turns":6},{"damage":13,"enemies":"Exordium Thugs","floor":14,"turns":8},{"damage":60,"enemies":"The Guardian","floor":16,"turns":16}],"seed_played":"-2496781156436133086","potions_obtained":[{"floor":2,"key":"Regen Potion"},{"floor":12,"key":"Energy Potion"},{"floor":14,"key":"AttackPotion"}],"is_trial":false,"path_per_floor":["M","M","?","M","?","R","$","E","T","?","T","M","R","M","R","B"],"character_chosen":"IRONCLAD","items_purchased":["Orichalcum"],"campfire_rested":1,"item_purchase_floors":[7],"current_hp_per_floor":[74,73,73,74,63,63,63,31,38,21,21,23,49,42,42,0],"gold":224,"neow_bonus":"RANDOM_COLORLESS","is_prod":false,"is_daily":false,"chose_seed":false,"campfire_upgraded":2,"win_rate":0.0,"timestamp":1543109799,"path_taken":["M","M","?","M","?","R","$","E","T","?","?","?","R","M","R","BOSS"],"build_version":"2018-11-15","purchased_purges":0,"victory":false,"max_hp_per_floor":[80,80,80,80,80,80,80,80,87,87,87,87,87,87,87,87],"card_choices":[{"not_picked":["Disarm","Dual Wield"],"picked":"Armaments","floor":1},{"not_picked":["Perfected Strike","Cleave"],"picked":"Armaments","floor":2},{"not_picked":["Sever Soul","Second Wind"],"picked":"Bloodletting","floor":4},{"not_picked":["Headbutt","Berserk","Armaments"],"picked":"SKIP","floor":8},{"not_picked":["Sever Soul","Power Through"],"picked":"Intimidate","floor":12},{"not_picked":["Warcry","Iron Wave"],"picked":"Thunderclap","floor":14}],"player_experience":30843,"relics_obtained":[{"floor":8,"key":"Lantern"},{"floor":9,"key":"Strawberry"},{"floor":11,"key":"MawBank"}],"event_choices":[{"cards_removed":["Strike_R"],"damage_healed":0,"gold_gain":0,"player_choice":"Card Removal","damage_taken":0,"max_hp_gain":0,"max_hp_loss":0,"event_name":"The Cleric","floor":3,"gold_loss":50},{"damage_healed":0,"gold_gain":75,"player_choice":"Gather Gold","damage_taken":11,"max_hp_gain":0,"max_hp_loss":0,"event_name":"World of Goop","floor":5,"gold_loss":0},{"damage_healed":0,"gold_gain":0,"player_choice":"Entered Light","damage_taken":17,"max_hp_gain":0,"max_hp_loss":0,"event_name":"Shining Light","floor":10,"gold_loss":0,"cards_upgraded":["Strike_R","Bloodletting"]}],"is_beta":false,"boss_relics":[],"items_purged_floors":[],"is_endless":false,"potions_floor_spawned":[2,12,14],"killed_by":"The Guardian","ascension_level":0}