{"gold_per_floor":[119,135,135,156,1,1,14,14,68,88,127,127,141,160,160,289,289,309,323,248,263,263,304,318,318],"floor_reached":25,"playtime":12952,"items_purged":["Strike_G"],"score":252,"play_id":"b1c75a27-fc02-4a2e-9a41-dbeb67f0c210","local_time":"20190406114529","is_ascension_mode":false,"campfire_choices":[{"data":"Backstab","floor":6,"key":"SMITH"},{"data":"Well Laid Plans","floor":8,"key":"SMITH"},{"data":"Infinite Blades","floor":12,"key":"SMITH"},{"data":"Flying Knee","floor":15,"key":"SMITH"}],"neow_cost":"PERCENT_DAMAGE","seed_source_timestamp":6564025431050844,"circlet_count":0,"master_deck":["Defend_G+1","Defend_G","Defend_G","Defend_G","Survivor+1","Neutralize","Masterful Stab","Dagger Spray","Injury","Blade Dance","Backstab+1","Well Laid Plans+1","Infinite Blades+1","Corpse Explosion","Flying Knee+1","Backflip","Tools of the Trade","Dash","Dash","Underhanded Strike","Bite","Bite","Bite","Bite","Bite","Endless Agony","Predator"],"relics":["Ring of the Snake","Incense Burner","Golden Idol","War Paint","Sozu","Potion Belt"],"potions_floor_usage":[16,16,23,23],"damage_taken":[{"damage":2,"enemies":"Small Slimes","floor":1,"turns":5},{"damage":0,"enemies":"Jaw Worm","floor":2,"turns":3},{"damage":0,"enemies":"2 Louse","floor":4,"turns":2},{"damage":0,"enemies":"Blue Slaver","floor":7,"turns":3},{"damage":0,"enemies":"3 Louse","floor":10,"turns":2},{"damage":22,"enemies":"3 Sentries","floor":11,"turns":8},{"damage":0,"enemies":"Gremlin Gang","floor":13,"turns":3},{"damage":1,"enemies":"2 Fungi Beasts","floor":14,"turns":2},{"damage":2,"enemies":"Slime Boss","floor":16,"turns":11},{"damage":0,"enemies":"Shell Parasite","floor":18,"turns":5},{"damage":0,"enemies":"2 Thieves","floor":19,"turns":2},{"damage":0,"enemies":"Snecko","floor":21,"turns":5},{"damage":23,"enemies":"Slavers","floor":23,"turns":4},{"damage":32,"enemies":"Snake Plant","floor":24,"turns":5},{"damage":33,"enemies":"Gremlin Leader","floor":25,"turns":4}],"seed_played":"2361665499915953511","potions_obtained":[{"floor":2,"key":"SpeedPotion"},{"floor":10,"key":"SkillPotion"},{"floor":13,"key":"EssenceOfSteel"},{"floor":14,"key":"AttackPotion"},{"floor":16,"key":"Weak Potion"}],"is_trial":false,"path_per_floor":["M","M","?","M","$","R","M","R","T","M","E","R","M","M","R","B",null,"M","M","?","M","?","E","M","E"],"character_chosen":"THE_SILENT","items_purchased":["Backstab"],"campfire_rested":0,"item_purchase_floors":[5],"current_hp_per_floor":[47,47,47,47,47,47,47,47,47,47,25,25,27,28,28,28,70,70,70,70,70,70,53,31,0],"gold":318,"neow_bonus":"ONE_RARE_RELIC","is_prod":false,"is_daily":false,"chose_seed":false,"campfire_upgraded":4,"win_rate":0.0,"timestamp":1554565529,"path_taken":["M","M","?","M","$","R","M","R","T","M","E","R","M","M","R","BOSS","M","M","?","M","?","E","M","E"],"build_version":"2019-01-23","purchased_purges":1,"victory":false,"max_hp_per_floor":[70,70,70,70,70,70,70,70,70,70,70,70,70,70,70,70,70,70,70,70,70,70,70,70,70],"card_choices":[{"not_picked":["Outmaneuver","Backflip"],"picked":"Masterful Stab","floor":1},{"not_picked":["Eviscerate","Escape Plan"],"picked":"Dagger Spray","floor":2},{"not_picked":["Underhanded Strike","Leg Sweep"],"picked":"Blade Dance","floor":4},{"not_picked":["Poisoned Stab","Dagger Throw"],"picked":"Well Laid Plans","floor":7},{"not_picked":["Acrobatics","Blade Dance"],"picked":"Infinite Blades","floor":10},{"not_picked":["Underhanded Strike","Escape Plan"],"picked":"Corpse Explosion","floor":11},{"not_picked":["Deadly Poison","Poisoned Stab"],"picked":"Flying Knee","floor":13},{"not_picked":["Sucker Punch","Blade Dance"],"picked":"Backflip","floor":14},{"not_picked":["Phantasmal Killer","Envenom"],"picked":"Tools of the Trade","floor":16},{"not_picked":["Quick Slash","Bane"],"picked":"Dash","floor":18},{"not_picked":["Bane","Backflip"],"picked":"Dash","floor":19},{"not_picked":["Outmaneuver","Flechettes"],"picked":"Underhanded Strike","floor":21},{"not_picked":["Dodge and Roll","Prepared"],"picked":"Endless Agony","floor":23},{"not_picked":["Flying Knee+1","Acrobatics"],"picked":"Predator","floor":24}],"player_experience":133421,"relics_obtained":[{"floor":9,"key":"War Paint"},{"floor":11,"key":"Blood Vial"},{"floor":23,"key":"Potion Belt"}],"event_choices":[{"damage_healed":0,"gold_gain":0,"player_choice":"Take Wound","damage_taken":0,"relics_obtained":["Golden Idol"],"max_hp_gain":0,"max_hp_loss":0,"event_name":"Golden Idol","floor":3,"gold_loss":0,"cards_obtained":["Injury"]},{"cards_removed":["Defend_G"],"damage_healed":0,"gold_gain":0,"player_choice":"Gave Gold","damage_taken":0,"max_hp_gain":0,"max_hp_loss":0,"event_name":"Beggar","floor":20,"gold_loss":75},{"damage_healed":0,"gold_gain":0,"player_choice":"Became a vampire (Vial)","damage_taken":0,"max_hp_gain":0,"max_hp_loss":0,"event_name":"Vampires","floor":22,"relics_lost":["Blood Vial"],"gold_loss":0,"cards_obtained":["Bite","Bite","Bite","Bite","Bite"]}],"is_beta":false,"boss_relics":[{"not_picked":["HoveringKite","Ring of the Serpent"],"picked":"Sozu"}],"items_purged_floors":[5],"is_endless":false,"potions_floor_spawned":[2,10,13,14,16,19,21],"killed_by":"Gremlin Leader","ascension_level":0}