{"gold_per_floor":[113,38,38,57,67,97,45,58,58,77,77,97,97,28,28,28],"floor_reached":16,"playtime":679,"items_purged":["Defend_G"],"score":128,"play_id":"4f144f8c-3260-4f15-84fd-a5423a036b0e","local_time":"20190321171454","is_ascension_mode":true,"campfire_choices":[{"floor":13,"key":"REST"},{"floor":15,"key":"REST"}],"neow_cost":"NONE","seed_source_timestamp":334585393038520,"circlet_count":0,"master_deck":["Defend_G","Defend_G","Defend_G","Defend_G","Strike_G","Strike_G","Strike_G","Strike_G","Strike_G","Survivor","Neutralize","A Thousand Cuts","Choke","Footwork","Neutralize","Acrobatics","Slice","Deflect","Backflip","Blade Dance","Underhanded Strike","Endless Agony"],"relics":["Ring of the Snake","Bag of Preparation","Dodecahedron"],"potions_floor_usage":[6,16,16],"damage_taken":[{"damage":9,"enemies":"Jaw Worm","floor":1,"turns":5},{"damage":0,"enemies":"Cultist","floor":4,"turns":3},{"damage":9,"enemies":"2 Louse","floor":5,"turns":4},{"damage":19,"enemies":"Lagavulin","floor":6,"turns":10},{"damage":1,"enemies":"2 Fungi Beasts","floor":8,"turns":4},{"damage":2,"enemies":"3 Louse","floor":10,"turns":3},{"damage":25,"enemies":"Gremlin Gang","floor":12,"turns":4},{"damage":49,"enemies":"The Guardian","floor":16,"turns":6}],"seed_played":"3298745429490171375","potions_obtained":[{"floor":1,"key":"PowerPotion"},{"floor":4,"key":"SpeedPotion"},{"floor":6,"key":"Swift Potion"},{"floor":10,"key":"AttackPotion"}],"is_trial":false,"path_per_floor":["M","$","?","M","M","E","$","M","T","M","?","M","R","$","R","B"],"character_chosen":"THE_SILENT","items_purchased":["Backflip","Endless Agony"],"campfire_rested":2,"item_purchase_floors":[7,14],"current_hp_per_floor":[61,61,61,61,52,33,33,32,32,30,30,5,26,26,47,0],"gold":28,"neow_bonus":"ONE_RANDOM_RARE_CARD","is_prod":false,"is_daily":false,"chose_seed":false,"campfire_upgraded":0,"win_rate":0,"timestamp":1553210094,"path_taken":["M","$","?","M","M","E","?","M","T","?","?","M","R","$","R","BOSS"],"build_version":"2019-01-23","purchased_purges":1,"victory":false,"max_hp_per_floor":[70,70,70,70,70,70,70,70,70,70,70,70,70,70,70,70],"card_choices":[{"not_picked":["Cloak And Dagger","Underhanded Strike"],"picked":"Choke","floor":1},{"not_picked":["Masterful Stab","Blade Dance"],"picked":"Acrobatics","floor":4},{"not_picked":["Outmaneuver","Blade Dance"],"picked":"Slice","floor":5},{"not_picked":["Underhanded Strike","Concentrate"],"picked":"Deflect","floor":6},{"not_picked":["Reflex","Dagger Spray"],"picked":"Blade Dance","floor":8},{"not_picked":["Glass Knife","Outmaneuver","Poisoned Stab"],"picked":"SKIP","floor":10},{"not_picked":["Blur","Deadly Poison"],"picked":"Underhanded Strike","floor":12}],"player_experience":127648,"relics_obtained":[{"floor":6,"key":"Bag of Preparation"},{"floor":9,"key":"Dodecahedron"}],"event_choices":[{"damage_healed":0,"gold_gain":0,"player_choice":"2 cards matched","damage_taken":0,"max_hp_gain":0,"max_hp_loss":0,"event_name":"Match and Keep!","floor":3,"gold_loss":0,"cards_obtained":["Footwork","Neutralize"]},{"damage_healed":0,"gold_gain":0,"player_choice":"Ignored","damage_taken":0,"max_hp_gain":0,"max_hp_loss":0,"event_name":"Liars Game","floor":11,"gold_loss":0}],"is_beta":false,"boss_relics":[],"items_purged_floors":[2],"is_endless":false,"potions_floor_spawned":[1,4,6,10],"killed_by":"The Guardian","ascension_level":5}