{"gold_per_floor":[115,125,144,144,96,96,131,131,157,157,170,99,125,139,139,241,241,259,259,4,23,23,23,34,34,34,34,34,48,48],"floor_reached":30,"playtime":1282,"items_purged":["Strike_R"],"score":286,"play_id":"3aad8f4a-611b-4de1-824e-83db46064102","local_time":"20190407205726","is_ascension_mode":true,"campfire_choices":[{"data":"Trip","floor":6.0,"key":"SMITH"},{"data":"Dropkick","floor":8.0,"key":"SMITH"},{"data":"Pommel Strike","floor":10.0,"key":"SMITH"},{"floor":15.0,"key":"REST"},{"data":"Double Tap","floor":23.0,"key":"SMITH"},{"floor":25.0,"key":"REST"}],"neow_cost":"NONE","seed_source_timestamp":264037038892787,"circlet_count":0,"master_deck":["Strike_R","Strike_R","Strike_R","Defend_R","Defend_R","Defend_R","Defend_R","Bash","Clash","Power Through","Rampage","Trip+1","Pommel Strike+1","Wild Strike","Dropkick+1","Evolve","Dropkick","Dual Wield","Double Tap+1","Evolve","Wild Strike"],"special_seed":0,"relics":["Runic Cube","Dream Catcher","Omamori","StoneCalendar","Mark of Pain","MutagenicStrength","Smiling Mask","Boot"],"potions_floor_usage":[30],"damage_taken":[{"damage":1.0,"enemies":"Cultist","floor":1.0,"turns":3.0},{"damage":8.0,"enemies":"Jaw Worm","floor":2.0,"turns":4.0},{"damage":2.0,"enemies":"2 Louse","floor":3.0,"turns":3.0},{"damage":19.0,"enemies":"Lagavulin","floor":7.0,"turns":5.0},{"damage":1.0,"enemies":"Exordium Thugs","floor":11.0,"turns":3.0},{"damage":15.0,"enemies":"3 Sentries","floor":13.0,"turns":7.0},{"damage":6.0,"enemies":"Looter","floor":14.0,"turns":2.0},{"damage":35.0,"enemies":"Hexaghost","floor":16.0,"turns":7.0},{"damage":28.0,"enemies":"Spheric Guardian","floor":18.0,"turns":4.0},{"damage":0.0,"enemies":"3 Byrds","floor":21.0,"turns":4.0},{"damage":26.0,"enemies":"Shelled Parasite and Fungi","floor":24.0,"turns":4.0},{"damage":45.0,"enemies":"Snake Plant","floor":29.0,"turns":4.0},{"damage":9,"enemies":"Centurion and Healer","floor":30,"turns":3}],"seed_played":"-952750727123551765","potions_obtained":[{"floor":7.0,"key":"Explosive Potion"},{"floor":11.0,"key":"LiquidBronze"},{"floor":14.0,"key":"AttackPotion"},{"floor":18.0,"key":"Weak Potion"},{"floor":29.0,"key":"Regen Potion"}],"is_trial":false,"path_per_floor":["M","M","M","?","$","R","E","R","T","R","M","$","E","M","R","B",null,"M","?","$","M","T","R","M","R","T","?","?","M","M"],"character_chosen":"IRONCLAD","items_purchased":["Wild Strike","Evolve","Evolve","Wild Strike","Explosive Potion"],"campfire_rested":2,"item_purchase_floors":[5,12,20,20,20],"current_hp_per_floor":[79,71,69,69,69,69,50,50,50,50,49,49,34,28,52,17,80,52,52,52,52,52,52,26,50,50,50,50,5,5],"gold":48,"neow_bonus":"BOSS_RELIC","is_prod":false,"is_daily":false,"chose_seed":false,"campfire_upgraded":4,"win_rate":0,"timestamp":1554688646,"path_taken":["M","?","M","?","?","R","E","R","T","R","M","$","E","M","R","BOSS","M","?","$","M","?","R","M","R","T","?","?","M","?"],"build_version":"2019-01-23","purchased_purges":1,"victory":false,"max_hp_per_floor":[80,80,80,80,80,80,80,80,80,80,80,80,80,80,80,80,80,80,80,80,80,80,80,80,80,80,80,80,80,80],"card_choices":[{"not_picked":["Pommel Strike","Evolve"],"picked":"Clash","floor":1.0},{"not_picked":["Havoc","Pommel Strike"],"picked":"Power Through","floor":2.0},{"not_picked":["Body Slam","Barricade"],"picked":"Rampage","floor":3.0},{"not_picked":["Shrug It Off","Carnage"],"picked":"Dropkick","floor":7.0},{"not_picked":["Flex","Warcry","Havoc"],"picked":"SKIP","floor":11.0},{"not_picked":["Clothesline","Perfected Strike"],"picked":"Dropkick","floor":13.0},{"not_picked":["Armaments","Rupture"],"picked":"Dual Wield","floor":14.0},{"not_picked":["Feed","Impervious"],"picked":"Double Tap","floor":16.0},{"not_picked":["Clash","Flame Barrier","Twin Strike+1"],"picked":"SKIP","floor":18.0},{"not_picked":["Burning Pact","Combust","Infernal Blade"],"picked":"SKIP","floor":21.0},{"not_picked":["Pommel Strike","Whirlwind+1","Rupture"],"picked":"SKIP","floor":24.0},{"not_picked":["Twin Strike","Feel No Pain","Pommel Strike"],"picked":"SKIP","floor":29.0}],"player_experience":902734,"relics_obtained":[{"floor":7.0,"key":"Dream Catcher"},{"floor":9.0,"key":"Omamori"},{"floor":13.0,"key":"StoneCalendar"},{"floor":22.0,"key":"Smiling Mask"},{"floor":26.0,"key":"Boot"}],"event_choices":[{"damage_healed":0.0,"max_hp_gain":0.0,"max_hp_loss":0.0,"gold_gain":0.0,"event_name":"Match and Keep!","player_choice":"2 cards matched","floor":4.0,"gold_loss":0.0,"damage_taken":0.0,"cards_obtained":["Trip","Pommel Strike"]},{"damage_healed":0.0,"max_hp_gain":0.0,"max_hp_loss":0.0,"gold_gain":0.0,"event_name":"Drug Dealer","player_choice":"Inject Mutagens","floor":19.0,"gold_loss":0.0,"damage_taken":0.0,"relics_obtained":["MutagenicStrength"]},{"damage_healed":0.0,"max_hp_gain":0.0,"max_hp_loss":0.0,"gold_gain":0.0,"event_name":"Vampires","player_choice":"Ignored","floor":27.0,"gold_loss":0.0,"damage_taken":0.0},{"cards_removed":["Strike_R"],"damage_healed":0.0,"max_hp_gain":0.0,"max_hp_loss":0.0,"gold_gain":0.0,"event_name":"Back to Basics","player_choice":"Elegance","floor":28.0,"gold_loss":0.0,"damage_taken":0.0}],"is_beta":false,"boss_relics":[{"not_picked":["White Beast Statue","Calling Bell"],"picked":"Mark of Pain"}],"items_purged_floors":[20],"is_endless":false,"potions_floor_spawned":[7,11,14,18,29],"killed_by":"Centurion and Healer","ascension_level":4}