{"gold_per_floor":[111,111,21,35,35,35,47,81,135,135,153,153,180,180],"floor_reached":14,"playtime":1114,"items_purged":[],"score":103,"play_id":"3777a85b-ba07-4905-bebf-ff034731b610","local_time":"20190414013805","is_ascension_mode":true,"campfire_choices":[{"floor":6,"key":"REST"},{"floor":10,"key":"REST"},{"data":"Flame Barrier","floor":12,"key":"SMITH"}],"neow_cost":"CURSE","seed_source_timestamp":15964249061632,"circlet_count":0,"master_deck":["Strike_R","Strike_R","Strike_R","Strike_R","Strike_R","Defend_R","Defend_R","Defend_R","Defend_R","Bash","Offering","Forethought","Shockwave","Flame Barrier+1","Reaper"],"relics":["Burning Blood","Omamori","Dream Catcher"],"potions_floor_usage":[],"damage_taken":[{"damage":17,"enemies":"Jaw Worm","floor":1,"turns":4},{"damage":9,"enemies":"Small Slimes","floor":4,"turns":4},{"damage":1,"enemies":"Cultist","floor":7,"turns":3},{"damage":27,"enemies":"Gremlin Nob","floor":8,"turns":5},{"damage":9,"enemies":"3 Louse","floor":11,"turns":7},{"damage":43,"enemies":"Lagavulin","floor":13,"turns":10},{"damage":46,"enemies":"Exordium Thugs","floor":14,"turns":7}],"seed_played":"4362980563194993943","potions_obtained":[{"floor":5,"key":"EntropicBrew"},{"floor":5,"key":"Energy Potion"},{"floor":5,"key":"Weak Potion"}],"is_trial":false,"path_per_floor":["M","?","$","M","?","R","M","E","T","R","M","R","E","M"],"character_chosen":"IRONCLAD","items_purchased":["Forethought"],"campfire_rested":2,"item_purchase_floors":[3],"current_hp_per_floor":[69,62,62,59,59,80,80,59,59,80,77,77,40,0],"gold":180,"neow_bonus":"THREE_RARE_CARDS","is_prod":false,"is_daily":false,"chose_seed":false,"campfire_upgraded":1,"win_rate":0,"timestamp":1555198685,"path_taken":["M","?","$","M","?","R","M","E","T","R","M","R","E","M"],"build_version":"2019-01-23","purchased_purges":0,"victory":false,"max_hp_per_floor":[80,80,80,80,80,80,80,80,80,80,80,80,80,80],"card_choices":[{"not_picked":["Reaper","Immolate"],"picked":"Offering","floor":0},{"not_picked":["Pommel Strike","Whirlwind","Reckless Charge"],"picked":"SKIP","floor":1},{"not_picked":["Clash","Dual Wield","Wild Strike"],"picked":"SKIP","floor":4},{"not_picked":["Thunderclap","Evolve"],"picked":"Shockwave","floor":7},{"not_picked":["Sentinel","Armaments","Thunderclap"],"picked":"SKIP","floor":8},{"not_picked":["Seeing Red","Cleave"],"picked":"Flame Barrier","floor":11},{"not_picked":["Armaments","Inflame"],"picked":"Reaper","floor":13}],"player_experience":170260,"relics_obtained":[{"floor":8,"key":"Omamori"},{"floor":13,"key":"Dream Catcher"}],"event_choices":[{"cards_removed":["Regret"],"damage_healed":0,"gold_gain":0,"player_choice":"Card Removal","damage_taken":7,"max_hp_gain":0,"max_hp_loss":0,"event_name":"Golden Wing","floor":2,"gold_loss":0},{"damage_healed":0,"gold_gain":0,"player_choice":"Got Potions","damage_taken":0,"max_hp_gain":0,"max_hp_loss":0,"event_name":"Lab","floor":5,"gold_loss":0}],"is_beta":false,"boss_relics":[],"items_purged_floors":[],"is_endless":false,"potions_floor_spawned":[8,11,13],"killed_by":"Exordium Thugs","ascension_level":1}