{"gold_per_floor":[112,122,21,36,36,67,67,79,79,79,99,130,144,164,164,268,268,280,297,92,112,125,125],"floor_reached":23,"playtime":1326,"items_purged":["Strike_G"],"score":321,"play_id":"1138bbb9-d0cf-4b9d-b8dd-96c07b188946","local_time":"20190330161127","is_ascension_mode":true,"campfire_choices":[{"data":"Neutralize","floor":7,"key":"SMITH"},{"data":"Blur","floor":10,"key":"SMITH"},{"data":"Backflip","floor":15,"key":"SMITH"}],"neow_cost":"NONE","seed_source_timestamp":3329368411708,"circlet_count":0,"master_deck":["AscendersBane","Defend_G","Defend_G","Defend_G","Defend_G","Defend_G","Strike_G","Strike_G","Strike_G","Strike_G","Survivor","Neutralize+1","Flying Knee","Flying Knee","Backflip+1","Quick Slash","PiercingWail","Blur+1","Noxious Fumes","Caltrops","Cloak And Dagger","Backflip","Adrenaline","Dodge and Roll","Noxious Fumes","Blur","Caltrops"],"relics":["Ring of the Snake","NeowsBlessing","Sundial","Meat on the Bone","Darkstone Periapt","Orrery","ClockworkSouvenir"],"potions_floor_usage":[13,21,22,22,23],"damage_taken":[{"damage":0,"enemies":"2 Louse","floor":1,"turns":1},{"damage":0,"enemies":"Cultist","floor":2,"turns":1},{"damage":0,"enemies":"Jaw Worm","floor":4,"turns":1},{"damage":32,"enemies":"Gremlin Nob","floor":6,"turns":5},{"damage":0,"enemies":"2 Fungi Beasts","floor":8,"turns":4},{"damage":1,"enemies":"3 Louse","floor":11,"turns":4},{"damage":19,"enemies":"3 Sentries","floor":12,"turns":11},{"damage":0,"enemies":"Large Slime","floor":13,"turns":8},{"damage":3,"enemies":"Looter","floor":14,"turns":4},{"damage":11,"enemies":"The Guardian","floor":16,"turns":15},{"damage":21,"enemies":"Spheric Guardian","floor":18,"turns":9},{"damage":9,"enemies":"Shell Parasite","floor":19,"turns":7},{"damage":36,"enemies":"3 Cultists","floor":21,"turns":6},{"damage":13,"enemies":"Centurion and Healer","floor":22,"turns":10},{"damage":19,"enemies":"Slavers","floor":23,"turns":3}],"seed_played":"-6253626983601011424","potions_obtained":[{"floor":6,"key":"FearPotion"},{"floor":12,"key":"Weak Potion"},{"floor":16,"key":"PowerPotion"},{"floor":21,"key":"Block Potion"},{"floor":22,"key":"Poison Potion"}],"is_trial":false,"path_per_floor":["M","M","$","M","?","E","R","M","T","R","M","E","M","M","R","B",null,"M","M","$","M","M","E"],"character_chosen":"THE_SILENT","items_purchased":["Backflip","ClockworkSouvenir"],"campfire_rested":0,"item_purchase_floors":[3,20],"current_hp_per_floor":[63,63,63,63,56,24,24,24,24,24,35,28,40,37,37,38,62,41,44,44,20,19,0],"gold":125,"neow_bonus":"THREE_ENEMY_KILL","is_prod":false,"is_daily":false,"chose_seed":false,"campfire_upgraded":3,"win_rate":0,"timestamp":1553987487,"path_taken":["M","M","$","M","?","E","R","?","T","R","M","E","M","M","R","BOSS","M","M","$","M","M","E"],"build_version":"2019-01-23","purchased_purges":1,"victory":false,"max_hp_per_floor":[70,70,70,70,70,70,70,70,70,70,70,70,70,70,70,70,70,70,70,70,70,70,70],"card_choices":[{"not_picked":["Sucker Punch","Underhanded Strike"],"picked":"Flying Knee","floor":1},{"not_picked":["Riddle With Holes","Dagger Spray"],"picked":"Flying Knee","floor":2},{"not_picked":["Deflect","Tactician"],"picked":"Quick Slash","floor":4},{"not_picked":["Storm of Steel","Setup"],"picked":"PiercingWail","floor":6},{"not_picked":["Deadly Poison","Blade Dance"],"picked":"Blur","floor":8},{"not_picked":["Dagger Spray","All Out Attack"],"picked":"Noxious Fumes","floor":11},{"not_picked":["Sucker Punch","Backstab"],"picked":"Caltrops","floor":12},{"not_picked":["Infinite Blades","Endless Agony"],"picked":"Cloak And Dagger","floor":13},{"not_picked":["Sucker Punch","Finisher"],"picked":"Backflip","floor":14},{"not_picked":["Envenom","A Thousand Cuts"],"picked":"Adrenaline","floor":16},{"not_picked":["Underhanded Strike","Masterful Stab"],"picked":"Dodge and Roll","floor":17},{"not_picked":["Dagger Spray","Poisoned Stab"],"picked":"Noxious Fumes","floor":17},{"not_picked":["Terror","Acrobatics"],"picked":"Blur","floor":18},{"not_picked":["Skewer","Outmaneuver","Masterful Stab"],"picked":"SKIP","floor":19},{"not_picked":["Concentrate","Flying Knee"],"picked":"Caltrops","floor":21},{"not_picked":["Predator","Slice","Deflect"],"picked":"SKIP","floor":22}],"player_experience":301783,"relics_obtained":[{"floor":6,"key":"Sundial"},{"floor":9,"key":"Meat on the Bone"},{"floor":12,"key":"Darkstone Periapt"}],"event_choices":[{"damage_healed":0,"gold_gain":0,"player_choice":"Damaged","damage_taken":7,"max_hp_gain":0,"max_hp_loss":0,"event_name":"Wheel of Change","floor":5,"gold_loss":0}],"is_beta":false,"boss_relics":[{"not_picked":["Runic Dome","White Beast Statue"],"picked":"Orrery"}],"items_purged_floors":[3],"is_endless":false,"potions_floor_spawned":[6,12,16,18,21,22],"killed_by":"Slavers","ascension_level":11}