{"gold_per_floor":[117,117,117,128,128,128,161,161,161,336,109,109,124,140,140,238,238,257,277,1,11,24,24,24,24,24,354,354,365,28,40,40,40],"floor_reached":33,"playtime":1466,"items_purged":["Doubt"],"score":265,"play_id":"3979a9bf-2a30-4548-aeac-7aa3f67d5d87","local_time":"20181019010540","is_ascension_mode":false,"campfire_choices":[{"data":"Havoc","floor":6,"key":"SMITH"},{"data":"Bash","floor":8,"key":"SMITH"},{"data":"Defend_R","floor":15,"key":"PURGE"},{"data":"Perfected Strike","floor":23,"key":"PURGE"},{"floor":25,"key":"REST"},{"floor":32,"key":"REST"}],"neow_cost":"","seed_source_timestamp":550057940081920,"circlet_count":0,"master_deck":["Strike_R","Strike_R","Strike_R","Strike_R","Strike_R","Defend_R","Defend_R","Defend_R","Bash+1","Havoc+1","Havoc+1","Headbutt","Uppercut","Immolate","Warcry","Shrug It Off","Clothesline+1","Malaise","Uppercut","Flying Knee","Streamline","Sever Soul","Warcry","Uppercut","Backstab+1","Finisher"],"relics":["Burning Blood","The Courier","Gremlin Horn","Membership Card","Peace Pipe","Fusion Hammer","PrismaticShard","Frozen Egg 2","Paper Frog","Matryoshka","Old Coin","Frozen Eye","Anchor","Happy Flower","Dream Catcher"],"potions_floor_usage":[16,16,16,27,33,33],"damage_taken":[{"damage":2,"enemies":"2 Louse","floor":1,"turns":3},{"damage":1,"enemies":"Cultist","floor":4,"turns":3},{"damage":37,"enemies":"Gremlin Nob","floor":7,"turns":4},{"damage":11,"enemies":"Jaw Worm","floor":13,"turns":2},{"damage":15,"enemies":"Exordium Wildlife","floor":14,"turns":3},{"damage":27,"enemies":"Hexaghost","floor":16,"turns":7},{"damage":10,"enemies":"Spheric Guardian","floor":18,"turns":3},{"damage":5,"enemies":"Chosen","floor":19,"turns":3},{"damage":13,"enemies":"Snake Plant","floor":21,"turns":3},{"damage":31,"enemies":"Shelled Parasite and Fungi","floor":22,"turns":5},{"damage":19,"enemies":"Book of Stabbing","floor":27,"turns":6},{"damage":7,"enemies":"Centurion and Healer","floor":29,"turns":5},{"damage":6,"enemies":"Snake Plant","floor":31,"turns":3},{"damage":82,"enemies":"Champ","floor":33,"turns":10}],"seed_played":"2711404271264120733","potions_obtained":[{"floor":4,"key":"Ancient Potion"},{"floor":13,"key":"Poison Potion"},{"floor":14,"key":"LiquidBronze"},{"floor":22,"key":"Block Potion"},{"floor":29,"key":"SkillPotion"},{"floor":31,"key":"AttackPotion"}],"is_trial":true,"path_per_floor":["M","?","?","M","$","R","E","R","T","?","$","T","M","M","R","B",null,"M","M","$","M","M","R","?","R","T","E","?","M","$","M","R"],"character_chosen":"IRONCLAD","items_purchased":["Membership Card","PrismaticShard","Frozen Egg 2","Paper Frog","Frozen Eye","Anchor","Sever Soul","Warcry","Uppercut","Happy Flower","Dream Catcher"],"campfire_rested":2,"item_purchase_floors":[11,20,20,20,30,30,30,30,30,30,30],"current_hp_per_floor":[80,80,80,80,80,80,49,49,49,49,49,49,44,35,35,14,80,76,77,77,70,45,45,45,69,69,56,56,55,55,55,79,0],"gold":40,"neow_bonus":"","is_prod":false,"is_daily":false,"chose_seed":true,"campfire_upgraded":2,"win_rate":0,"timestamp":1539929140,"path_taken":["M","?","?","M","$","R","E","R","T","?","?","?","M","M","R","BOSS","M","M","$","M","M","R","?","R","T","E","?","M","$","M","R","BOSS"],"build_version":"2018-10-18","purchased_purges":1,"victory":false,"max_hp_per_floor":[80,80,80,80,80,80,80,80,80,80,80,80,80,80,80,80,80,80,80,80,80,80,80,80,80,80,80,80,80,80,80,80,80],"card_choices":[{"not_picked":["Thunderclap","Clash"],"picked":"Havoc","floor":1},{"not_picked":["Rage","Combust"],"picked":"Havoc","floor":4},{"not_picked":["Feel No Pain","Clash"],"picked":"Headbutt","floor":7},{"not_picked":["Berserk","Clothesline"],"picked":"Uppercut","floor":13},{"not_picked":["Headbutt","Flex"],"picked":"Perfected Strike","floor":14},{"not_picked":["Limit Break","Brutality"],"picked":"Immolate","floor":16},{"not_picked":["Armaments","Wild Strike"],"picked":"Warcry","floor":18},{"not_picked":["Twin Strike","Flex"],"picked":"Shrug It Off","floor":19},{"not_picked":["PiercingWail","Dodge and Roll"],"picked":"Clothesline+1","floor":21},{"not_picked":["Perfected Strike","Beam Cell"],"picked":"Malaise","floor":22},{"not_picked":["Backflip","Fusion+1"],"picked":"Flying Knee","floor":27},{"not_picked":["Choke","Combust+1"],"picked":"Streamline","floor":29},{"not_picked":["Jack Of All Trades","Blade Dance"],"picked":"Backstab+1","floor":31},{"not_picked":["Conserve Battery","Thunderclap+1"],"picked":"Finisher","floor":32}],"player_experience":119530,"relics_obtained":[{"floor":7,"key":"The Courier"},{"floor":9,"key":"Gremlin Horn"},{"floor":12,"key":"Peace Pipe"},{"floor":26,"key":"Matryoshka"},{"floor":27,"key":"Old Coin"}],"event_choices":[{"damage_healed":0,"gold_gain":0,"player_choice":"Bought 0 Potions","damage_taken":0,"max_hp_gain":0,"max_hp_loss":0,"event_name":"The Woman in Blue","floor":2,"gold_loss":0},{"damage_healed":0,"gold_gain":0,"player_choice":"Upgraded","damage_taken":0,"max_hp_gain":0,"max_hp_loss":0,"event_name":"Upgrade Shrine","floor":3,"gold_loss":0,"cards_upgraded":["Havoc"]},{"damage_healed":0,"gold_gain":175,"player_choice":"AGREE","damage_taken":0,"max_hp_gain":0,"max_hp_loss":0,"event_name":"Liars Game","floor":10,"gold_loss":0,"cards_obtained":["Doubt"]},{"damage_healed":0,"gold_gain":0,"player_choice":"Copied","damage_taken":0,"max_hp_gain":0,"max_hp_loss":0,"event_name":"Duplicator","floor":24,"gold_loss":0,"cards_obtained":["Uppercut"]},{"damage_healed":0,"gold_gain":0,"player_choice":"Ignored","damage_taken":0,"max_hp_gain":0,"max_hp_loss":0,"event_name":"Beggar","floor":28,"gold_loss":0}],"is_beta":false,"boss_relics":[{"not_picked":["Eternal Feather","Ectoplasm"],"picked":"Fusion Hammer"}],"items_purged_floors":[11],"is_endless":false,"potions_floor_spawned":[4,13,14,22,29,31],"killed_by":"Champ","ascension_level":0}