{"gold_per_floor":[11,21,35,45,45,45,71,71,96,108,108,120,120,134,134,134],"floor_reached":16,"playtime":767,"items_purged":[],"score":165,"play_id":"72cdc089-5568-4d37-a87d-742959712ea5","local_time":"20190411085429","is_ascension_mode":true,"campfire_choices":[{"data":"Zap","floor":6,"key":"SMITH"},{"floor":8,"key":"REST"},{"floor":11,"key":"REST"},{"floor":15,"key":"REST"}],"neow_cost":"NO_GOLD","seed_source_timestamp":1266171498920,"circlet_count":0,"master_deck":["Strike_B","Strike_B","Strike_B","Defend_B","Defend_B","Defend_B+1","Defend_B","Zap+1","Dualcast+1","Steam","Capacitor","Storm","Force Field","Defragment","Buffer","Conserve Battery","Hologram"],"relics":["Cracked Core","PreservedInsect","Strawberry"],"potions_floor_usage":[12,16,16,16],"damage_taken":[{"damage":4,"enemies":"Small Slimes","floor":1,"turns":4},{"damage":0,"enemies":"2 Louse","floor":2,"turns":2},{"damage":7,"enemies":"Jaw Worm","floor":3,"turns":3},{"damage":25,"enemies":"Exordium Wildlife","floor":4,"turns":5},{"damage":33,"enemies":"Lagavulin","floor":7,"turns":7},{"damage":30,"enemies":"Exordium Thugs","floor":10,"turns":6},{"damage":0,"enemies":"2 Fungi Beasts","floor":12,"turns":4},{"damage":0,"enemies":"Looter","floor":14,"turns":3},{"damage":47,"enemies":"Slime Boss","floor":16,"turns":13}],"seed_played":"-6494774411642608261","potions_obtained":[{"floor":3,"key":"SpeedPotion"},{"floor":4,"key":"SpeedPotion"},{"floor":12,"key":"SkillPotion"},{"floor":14,"key":"Energy Potion"}],"is_trial":false,"path_per_floor":["M","M","M","M","?","R","E","R","T","M","R","M","?","M","R","B"],"character_chosen":"DEFECT","items_purchased":[],"campfire_rested":3,"item_purchase_floors":[],"current_hp_per_floor":[78,78,71,46,39,39,6,32,39,9,37,37,18,18,46,0],"gold":134,"neow_bonus":"TWENTY_PERCENT_HP_BONUS","is_prod":false,"is_daily":false,"chose_seed":false,"campfire_upgraded":1,"win_rate":0,"timestamp":1554998069,"path_taken":["M","M","M","M","?","R","E","R","T","M","R","M","?","?","R","BOSS"],"build_version":"2019-01-23","purchased_purges":0,"victory":false,"max_hp_per_floor":[89,89,89,89,89,89,89,89,96,96,96,96,96,96,96,96],"card_choices":[{"not_picked":["Heatsinks","Gash"],"picked":"Steam","floor":1},{"not_picked":["Gash","Darkness"],"picked":"Capacitor","floor":2},{"not_picked":["Barrage","Beam Cell"],"picked":"Storm","floor":3},{"not_picked":["Chaos","Leap"],"picked":"Force Field","floor":4},{"not_picked":["Go for the Eyes","Loop"],"picked":"Defragment","floor":7},{"not_picked":["Cold Snap","Steam"],"picked":"Buffer","floor":10},{"not_picked":["Scrape","Compile Driver"],"picked":"Conserve Battery","floor":12},{"not_picked":["Barrage","Aggregate"],"picked":"Hologram","floor":14}],"player_experience":297895,"relics_obtained":[{"floor":7,"key":"PreservedInsect"},{"floor":9,"key":"Strawberry"}],"event_choices":[{"cards_removed":["Strike_B"],"damage_healed":0,"gold_gain":0,"player_choice":"Card Removal","damage_taken":7,"max_hp_gain":0,"max_hp_loss":0,"event_name":"Golden Wing","floor":5,"gold_loss":0},{"damage_healed":0,"gold_gain":0,"player_choice":"Entered Light","damage_taken":19,"max_hp_gain":0,"max_hp_loss":0,"event_name":"Shining Light","floor":13,"gold_loss":0,"cards_upgraded":["Defend_B","Dualcast"]}],"is_beta":false,"boss_relics":[],"items_purged_floors":[],"is_endless":false,"potions_floor_spawned":[3,4,12,14],"killed_by":"Slime Boss","ascension_level":7}