{"gold_per_floor":[116,128,16,28,48,48,76,76,103,178,192,204,204,218,218,315,315,329,329,22,33,51,51,76,76,76,76,96,109,127,144,144,244,244,260,307,321,331,343,343,362,362],"floor_reached":42,"playtime":6156,"items_purged":["Strike_G"],"score":492,"play_id":"5ffcae4f-ce8c-4033-aa86-8800721080bd","local_time":"20190406201248","is_ascension_mode":true,"campfire_choices":[{"data":"Skewer","floor":6,"key":"SMITH"},{"floor":13,"key":"REST"},{"data":"Phantasmal Killer","floor":15,"key":"SMITH"},{"floor":23,"key":"REST"},{"floor":25,"key":"REST"},{"data":"After Image","floor":27,"key":"SMITH"},{"floor":32,"key":"REST"},{"floor":40,"key":"REST"}],"neow_cost":"NONE","seed_source_timestamp":105389584626976,"circlet_count":0,"master_deck":["Defend_G","Defend_G+1","Defend_G","Defend_G","Defend_G","Strike_G+1","Strike_G","Strike_G+1","Strike_G","Survivor","Neutralize+1","Acrobatics","Backstab","Skewer+1","Cloak And Dagger","Quick Slash","Quick Slash","Dodge and Roll","Phantasmal Killer+1","Dash","After Image+1","Backflip+1","Dagger Spray+1","Outmaneuver+1","Skewer+1","Blur+1","Prepared+1","Burst","Dagger Throw+1","Predator+1","Deflect+1","Masterful Stab","Outmaneuver+1"],"relics":["Ring of the Snake","Omamori","Oddly Smooth Stone","Sozu","Bird Faced Urn","Whetstone","Runic Pyramid","Calipers"],"potions_floor_usage":[7,7,16,16],"damage_taken":[{"damage":0,"enemies":"Cultist","floor":1,"turns":5},{"damage":0,"enemies":"2 Louse","floor":2,"turns":2},{"damage":0,"enemies":"Small Slimes","floor":4,"turns":3},{"damage":0,"enemies":"3 Louse","floor":5,"turns":4},{"damage":11,"enemies":"Lagavulin","floor":7,"turns":4},{"damage":1,"enemies":"Gremlin Gang","floor":11,"turns":5},{"damage":0,"enemies":"2 Fungi Beasts","floor":12,"turns":3},{"damage":0,"enemies":"Looter","floor":14,"turns":3},{"damage":8,"enemies":"The Guardian","floor":16,"turns":13},{"damage":3,"enemies":"Shell Parasite","floor":18,"turns":7},{"damage":2,"enemies":"Spheric Guardian","floor":21,"turns":3},{"damage":37,"enemies":"Chosen and Byrds","floor":22,"turns":9},{"damage":28,"enemies":"Slavers","floor":24,"turns":15},{"damage":0,"enemies":"Snecko","floor":28,"turns":4},{"damage":1,"enemies":"3 Cultists","floor":29,"turns":6},{"damage":8,"enemies":"Sentry and Sphere","floor":30,"turns":6},{"damage":11,"enemies":"Shelled Parasite and Fungi","floor":31,"turns":5},{"damage":58,"enemies":"Champ","floor":33,"turns":12},{"damage":0,"enemies":"3 Darklings","floor":35,"turns":4},{"damage":41,"enemies":"2 Orb Walkers","floor":36,"turns":7},{"damage":1,"enemies":"Orb Walker","floor":37,"turns":5},{"damage":0,"enemies":"3 Darklings","floor":38,"turns":4},{"damage":31,"enemies":"Maw","floor":39,"turns":11},{"damage":34,"enemies":"Transient","floor":41,"turns":5},{"damage":8,"enemies":"Reptomancer","floor":42,"turns":1}],"seed_played":"1633534491573055782","potions_obtained":[{"floor":1,"key":"FearPotion"},{"floor":2,"key":"AttackPotion"},{"floor":5,"key":"SpeedPotion"},{"floor":14,"key":"Block Potion"}],"is_trial":false,"path_per_floor":["$","?","?","?","M","?"],"character_chosen":"THE_SILENT","items_purchased":["Skewer","Bird Faced Urn"],"campfire_rested":5,"item_purchase_floors":[3,20],"current_hp_per_floor":[77,77,77,77,77,77,66,51,51,40,39,39,62,62,62,54,77,74,74,74,74,39,62,36,59,59,59,61,62,56,47,70,14,77,77,36,37,39,10,33,1,0],"gold":362,"neow_bonus":"TEN_PERCENT_HP_BONUS","is_prod":false,"is_daily":false,"chose_seed":false,"campfire_upgraded":3,"win_rate":0,"timestamp":1554574368,"path_taken":["M","M","?","M","M","R","E","?","T","?","M","M","R","M","R","BOSS","M","?","$","M","M","R","E","R","T","R","M","M","M","?","R","BOSS","M","?","M","M","M","R","M","E"],"build_version":"2019-01-23","purchased_purges":1,"victory":false,"max_hp_per_floor":[77,77,77,77,77,77,77,77,77,77,77,77,77,77,77,77,77,77,77,77,77,77,77,77,77,77,77,77,77,77,77,77,77,77,77,77,77,77,77,77,77,77],"card_choices":[{"not_picked":["Catalyst","Finisher"],"picked":"Acrobatics","floor":1},{"not_picked":["Quick Slash","Skewer"],"picked":"Backstab","floor":2},{"not_picked":["Riddle With Holes","Slice"],"picked":"Cloak And Dagger","floor":4},{"not_picked":["Bane","Setup"],"picked":"Quick Slash","floor":5},{"not_picked":["Outmaneuver","Flying Knee"],"picked":"Quick Slash","floor":7},{"not_picked":["Poisoned Stab","Deflect"],"picked":"Dodge and Roll","floor":11},{"not_picked":["Slice","Quick Slash"],"picked":"Phantasmal Killer","floor":12},{"not_picked":["Dagger Spray","Underhanded Strike"],"picked":"Dash","floor":14},{"not_picked":["Die Die Die","Envenom"],"picked":"After Image","floor":16},{"not_picked":["Infinite Blades","Deadly Poison"],"picked":"Backflip+1","floor":18},{"not_picked":["Deadly Poison","PiercingWail"],"picked":"Dagger Spray+1","floor":21},{"not_picked":["Poisoned Stab+1","Night Terror"],"picked":"Outmaneuver+1","floor":22},{"not_picked":["Infinite Blades","Quick Slash"],"picked":"Skewer+1","floor":24},{"not_picked":["All Out Attack+1","Acrobatics+1"],"picked":"Blur+1","floor":28},{"not_picked":["Choke","Reflex+1","Underhanded Strike"],"picked":"SKIP","floor":29},{"not_picked":["Distraction","Deadly Poison"],"picked":"Prepared+1","floor":30},{"not_picked":["Dodge and Roll","Outmaneuver","Deflect"],"picked":"SKIP","floor":31},{"not_picked":["Grand Finale","Wraith Form v2"],"picked":"Burst","floor":33},{"not_picked":["Slice","Outmaneuver","Endless Agony"],"picked":"SKIP","floor":35},{"not_picked":["Flying Knee+1","PiercingWail"],"picked":"Dagger Throw+1","floor":36},{"not_picked":["Flying Knee","Crippling Poison"],"picked":"Predator+1","floor":37},{"not_picked":["Eviscerate","Bane"],"picked":"Deflect+1","floor":38},{"not_picked":["Quick Slash","Underhanded Strike"],"picked":"Masterful Stab","floor":39},{"not_picked":["Infinite Blades+1","Dagger Throw+1"],"picked":"Outmaneuver+1","floor":41}],"player_experience":191258,"relics_obtained":[{"floor":7,"key":"Omamori"},{"floor":9,"key":"Oddly Smooth Stone"},{"floor":24,"key":"Whetstone"},{"floor":36,"key":"Calipers"}],"event_choices":[{"damage_healed":0,"gold_gain":0,"player_choice":"Entered Light","damage_taken":15,"max_hp_gain":0,"max_hp_loss":0,"event_name":"Shining Light","floor":8,"gold_loss":0,"cards_upgraded":["Defend_G","Strike_G"]},{"damage_healed":0,"gold_gain":75,"player_choice":"Gather Gold","damage_taken":11,"max_hp_gain":0,"max_hp_loss":0,"event_name":"World of Goop","floor":10,"gold_loss":0},{"damage_healed":0,"gold_gain":0,"player_choice":"0 cards matched","damage_taken":0,"max_hp_gain":0,"max_hp_loss":0,"event_name":"Match and Keep!","floor":19,"gold_loss":0,"cards_obtained":[]},{"damage_healed":0,"gold_gain":0,"player_choice":"Fight","damage_taken":0,"max_hp_gain":0,"max_hp_loss":0,"event_name":"Mysterious Sphere","floor":36,"gold_loss":0}],"is_beta":false,"boss_relics":[{"not_picked":["Velvet Choker","Astrolabe"],"picked":"Sozu"},{"not_picked":["Fusion Hammer","WristBlade"],"picked":"Runic Pyramid"}],"items_purged_floors":[3],"is_endless":false,"potions_floor_spawned":[1,2,5,14,18,28,31,36,38,39],"killed_by":"Reptomancer","ascension_level":3}