{"gold_per_floor":[113,129,145,145,67,67,86,113,158,178,188,207,58,87,87,188,188,201,201,201,215,229,229,241,241,292,311,311,410,443,457,457,457],"floor_reached":33,"playtime":1563,"items_purged":["Defend_R"],"score":281,"play_id":"01d75980-1019-4838-b830-dd8c3b83754e","local_time":"20181124010324","is_ascension_mode":false,"campfire_choices":[{"data":"Fire Breathing","floor":6,"key":"SMITH"},{"floor":15,"key":"REST"},{"data":"Double Tap","floor":23,"key":"SMITH"},{"data":"Metallicize","floor":28,"key":"SMITH"},{"floor":32,"key":"REST"}],"neow_cost":"NONE","seed_source_timestamp":606878104946887,"circlet_count":0,"master_deck":["Strike_R","Strike_R","Strike_R","Strike_R","Strike_R","Defend_R","Defend_R","Bash","Sword Boomerang","Flex","Fire Breathing+1","Perfected Strike","Armaments","Perfected Strike","Armaments","Cleave","Heavy Blade","Metallicize+1","Fire Breathing","Double Tap+1","Battle Trance","Rupture","Sword Boomerang","Iron Wave","Bludgeon","Shrug It Off","Pommel Strike","Burning Pact+1","Seeing Red","Necronomicurse","Iron Wave","Hemokinesis","Limit Break"],"relics":["Burning Blood","Mummified Hand","Boot","Bronze Scales","PreservedInsect","Orrery","Necronomicon","Vajra","Peace Pipe"],"potions_floor_usage":[33,33,33],"damage_taken":[{"damage":2,"enemies":"Small Slimes","floor":1,"turns":5},{"damage":8,"enemies":"2 Louse","floor":2,"turns":3},{"damage":9,"enemies":"Jaw Worm","floor":3,"turns":5},{"damage":2,"enemies":"Blue Slaver","floor":7,"turns":3},{"damage":26,"enemies":"3 Sentries","floor":8,"turns":7},{"damage":0,"enemies":"Looter","floor":10,"turns":2},{"damage":7,"enemies":"Gremlin Gang","floor":11,"turns":4},{"damage":13,"enemies":"2 Fungi Beasts","floor":12,"turns":2},{"damage":16,"enemies":"Gremlin Nob","floor":14,"turns":3},{"damage":40,"enemies":"The Guardian","floor":16,"turns":12},{"damage":5,"enemies":"Chosen","floor":18,"turns":4},{"damage":1,"enemies":"3 Byrds","floor":21,"turns":3},{"damage":20,"enemies":"Sentry and Sphere","floor":22,"turns":5},{"damage":14,"enemies":"Snecko","floor":24,"turns":5},{"damage":10,"enemies":"3 Cultists","floor":27,"turns":5},{"damage":12,"enemies":"Book of Stabbing","floor":30,"turns":4},{"damage":12,"enemies":"Snake Plant","floor":31,"turns":4},{"damage":69,"enemies":"Collector","floor":33,"turns":7}],"seed_played":"7599663094033479257","potions_obtained":[{"floor":1,"key":"FearPotion"},{"floor":3,"key":"AttackPotion"},{"floor":10,"key":"PowerPotion"}],"is_trial":false,"path_per_floor":["M","M","M","?","$","R","M","E","T","M","M","M","$","E","R","B",null,"M","?","?","M","M","R","M","?","T","M","R","?","E","M","R","B"],"character_chosen":"IRONCLAD","items_purchased":["Perfected Strike","Armaments","Fire Breathing"],"campfire_rested":2,"item_purchase_floors":[5,5,13],"current_hp_per_floor":[88,86,83,76,76,76,80,60,60,66,65,58,58,48,74,40,88,88,88,88,88,74,74,66,50,50,46,46,46,40,34,60,0],"gold":457,"neow_bonus":"TEN_PERCENT_HP_BONUS","is_prod":false,"is_daily":false,"chose_seed":false,"campfire_upgraded":3,"win_rate":0.0,"timestamp":1543043004,"path_taken":["M","M","M","?","$","R","M","E","T","M","M","M","$","E","R","BOSS","M","?","?","M","M","R","M","?","T","?","R","?","E","M","R","BOSS"],"build_version":"2018-11-15","purchased_purges":1,"victory":false,"max_hp_per_floor":[88,88,88,88,88,88,88,88,88,88,88,88,88,88,88,88,88,88,88,88,88,88,88,88,88,88,88,88,88,88,88,88,88],"card_choices":[{"not_picked":["Searing Blow","Bloodletting"],"picked":"Sword Boomerang","floor":1},{"not_picked":["Dual Wield","Blood for Blood"],"picked":"Flex","floor":2},{"not_picked":["Flex","Clash"],"picked":"Fire Breathing","floor":3},{"not_picked":["Disarm","Warcry"],"picked":"Perfected Strike","floor":7},{"not_picked":["Reaper","Iron Wave"],"picked":"Armaments","floor":8},{"not_picked":["True Grit","Body Slam"],"picked":"Cleave","floor":10},{"not_picked":["Spot Weakness","Dropkick"],"picked":"Heavy Blade","floor":11},{"not_picked":["Flex","Shrug It Off"],"picked":"Metallicize","floor":12},{"not_picked":["Entrench","Warcry","Power Through"],"picked":"SKIP","floor":14},{"not_picked":["Reaper","Demon Form"],"picked":"Double Tap","floor":16},{"not_picked":["Twin Strike","Entrench"],"picked":"Battle Trance","floor":17},{"not_picked":["Armaments","Metallicize"],"picked":"Rupture","floor":17},{"not_picked":["Armaments","Bloodletting"],"picked":"Sword Boomerang","floor":17},{"not_picked":["Warcry","Pommel Strike"],"picked":"Iron Wave","floor":17},{"not_picked":["Headbutt","Perfected Strike"],"picked":"Bludgeon","floor":17},{"not_picked":["Clothesline","Heavy Blade"],"picked":"Shrug It Off","floor":18},{"not_picked":["Headbutt","Warcry+1"],"picked":"Pommel Strike","floor":21},{"not_picked":["Warcry","Anger"],"picked":"Burning Pact+1","floor":22},{"not_picked":["Sword Boomerang","Ghostly Armor"],"picked":"Seeing Red","floor":24},{"not_picked":["Pommel Strike","Perfected Strike+1"],"picked":"Iron Wave","floor":27},{"not_picked":["Pummel","Disarm"],"picked":"Hemokinesis","floor":30},{"not_picked":["Corruption","Pummel"],"picked":"Limit Break","floor":31}],"player_experience":17923,"relics_obtained":[{"floor":8,"key":"Boot"},{"floor":9,"key":"Bronze Scales"},{"floor":14,"key":"PreservedInsect"},{"floor":25,"key":"Necronomicon"},{"floor":26,"key":"Vajra"},{"floor":30,"key":"Peace Pipe"}],"event_choices":[{"damage_healed":0,"gold_gain":0,"player_choice":"Success","damage_taken":7,"relics_obtained":["Mummified Hand"],"max_hp_gain":0,"max_hp_loss":0,"event_name":"Scrap Ooze","floor":4,"gold_loss":0},{"damage_healed":0,"gold_gain":0,"player_choice":"Ignored","damage_taken":0,"max_hp_gain":0,"max_hp_loss":0,"event_name":"Ghosts","floor":19,"gold_loss":0},{"cards_removed":["Defend_R"],"damage_healed":0,"gold_gain":0,"player_choice":"Elegance","damage_taken":0,"max_hp_gain":0,"max_hp_loss":0,"event_name":"Back to Basics","floor":20,"gold_loss":0},{"damage_healed":0,"gold_gain":0,"player_choice":"Obtained Book","damage_taken":16,"max_hp_gain":0,"max_hp_loss":0,"event_name":"Cursed Tome","floor":25,"gold_loss":0},{"damage_healed":0,"gold_gain":99,"player_choice":"Stole From Cult","damage_taken":0,"max_hp_gain":0,"max_hp_loss":0,"event_name":"Nest","floor":29,"gold_loss":0}],"is_beta":false,"boss_relics":[{"not_picked":["Velvet Choker","Snecko Eye"],"picked":"Orrery"}],"items_purged_floors":[13],"is_endless":false,"potions_floor_spawned":[1,3,10,14,21,22,30],"killed_by":"Collector","ascension_level":0}