{"gold_per_floor":[367,339,21,40,51,51,78,78,78,78,6,40,55,67,67,162,162,181,200,200,220,220],"floor_reached":22,"playtime":1278,"items_purged":["Strike_B"],"score":216,"play_id":"9c0f5767-34d6-4e11-8a5f-4f101e0e66a6","local_time":"20190410211421","is_ascension_mode":true,"campfire_choices":[{"data":"Zap","floor":6.0,"key":"SMITH"},{"data":"Defragment","floor":8,"key":"SMITH"},{"data":"Static Discharge","floor":15,"key":"SMITH"}],"neow_cost":"TEN_PERCENT_HP_LOSS","seed_source_timestamp":13284814255900,"circlet_count":0,"master_deck":["Strike_B","Strike_B","Defend_B","Defend_B","Defend_B","Defend_B","Zap+1","Dualcast","Defragment+1","Rebound","Coolheaded+1","Tempest","Defragment","Rip and Tear","Electrodynamics","Auto Shields","Static Discharge+1","Core Surge","Doom and Gloom","Buffer","Stack"],"special_seed":0,"relics":["Cracked Core","Runic Capacitor","Thread and Needle","Letter Opener","Happy Flower","Sozu"],"potions_floor_usage":[12,13],"damage_taken":[{"damage":2.0,"enemies":"Jaw Worm","floor":1.0,"turns":3.0},{"damage":18.0,"enemies":"2 Louse","floor":4.0,"turns":3.0},{"damage":0.0,"enemies":"Small Slimes","floor":5.0,"turns":3.0},{"damage":13,"enemies":"3 Sentries","floor":7,"turns":8},{"damage":16,"enemies":"Lagavulin","floor":12,"turns":4},{"damage":0,"enemies":"Looter","floor":13,"turns":3},{"damage":0,"enemies":"Blue Slaver","floor":14,"turns":4},{"damage":16,"enemies":"Slime Boss","floor":16,"turns":5},{"damage":7,"enemies":"3 Byrds","floor":18,"turns":2},{"damage":0,"enemies":"Spheric Guardian","floor":19,"turns":3},{"damage":33,"enemies":"Snake Plant","floor":21,"turns":3},{"damage":28,"enemies":"Shelled Parasite and Fungi","floor":22,"turns":3}],"seed_played":"-6396730236115554866","potions_obtained":[{"floor":7,"key":"LiquidBronze"},{"floor":12,"key":"GamblersBrew"},{"floor":14,"key":"SteroidPotion"},{"floor":16,"key":"Dexterity Potion"}],"is_trial":false,"path_per_floor":["M","?","$","M","M","R","E","R","T","?","$","E","M","M","R","B",null,"M","M","?","M","M"],"character_chosen":"DEFECT","items_purchased":["Runic Capacitor","Rebound","Rip and Tear"],"campfire_rested":0,"item_purchase_floors":[3,3,11],"current_hp_per_floor":[66,66,66,48,48,48,35,35,35,35,35,19,19,19,19,3,68,61,61,61,28,0],"gold":220,"neow_bonus":"TWO_FIFTY_GOLD","is_prod":false,"is_daily":false,"chose_seed":false,"campfire_upgraded":3,"win_rate":0,"timestamp":1554956061,"path_taken":["M","?","$","M","M","R","E","R","T","?","$","E","M","M","R","BOSS","M","M","?","M","M"],"build_version":"2019-01-23","purchased_purges":1,"victory":false,"max_hp_per_floor":[68,68,68,68,68,68,68,68,68,68,68,68,68,68,68,68,68,68,68,68,68,68],"card_choices":[{"not_picked":["Gash","Beam Cell"],"picked":"Defragment","floor":1.0},{"not_picked":["Steam","Stack"],"picked":"Coolheaded","floor":4.0},{"not_picked":["Redo","Steam"],"picked":"Tempest","floor":5.0},{"not_picked":["Compile Driver","Loop"],"picked":"Defragment","floor":7},{"not_picked":["Self Repair","Glacier"],"picked":"Electrodynamics","floor":12},{"not_picked":["Steam","Beam Cell"],"picked":"Auto Shields","floor":13},{"not_picked":["Beam Cell","Streamline"],"picked":"Static Discharge","floor":14},{"not_picked":["Multi-Cast","All For One"],"picked":"Core Surge","floor":16},{"not_picked":["Coolheaded","Go for the Eyes"],"picked":"Doom and Gloom","floor":18},{"not_picked":["Hologram","Rebound"],"picked":"Buffer","floor":19},{"not_picked":["Doom and Gloom+1","Beam Cell"],"picked":"Stack","floor":21}],"player_experience":776662,"relics_obtained":[{"floor":7,"key":"Thread and Needle"},{"floor":9,"key":"Letter Opener"},{"floor":12,"key":"Happy Flower"}],"event_choices":[{"damage_healed":0.0,"max_hp_gain":0.0,"max_hp_loss":0.0,"gold_gain":0.0,"event_name":"World of Goop","player_choice":"Left Gold","floor":2.0,"gold_loss":28.0,"damage_taken":0.0},{"damage_healed":0,"gold_gain":0,"player_choice":"Grow","damage_taken":0,"max_hp_gain":0,"max_hp_loss":0,"event_name":"Living Wall","floor":10,"gold_loss":0,"cards_upgraded":["Coolheaded"]},{"cards_removed":["Strike_B"],"damage_healed":0,"gold_gain":0,"player_choice":"Elegance","damage_taken":0,"max_hp_gain":0,"max_hp_loss":0,"event_name":"Back to Basics","floor":20,"gold_loss":0}],"is_beta":false,"boss_relics":[{"not_picked":["Astrolabe","Lizard Tail"],"picked":"Sozu"}],"items_purged_floors":[3],"is_endless":false,"potions_floor_spawned":[7,12,14,16,19],"killed_by":"Shelled Parasite and Fungi","ascension_level":2}