{"gold_per_floor":[116,116,132,132,144,144,2,28,53,68,99,99,128,141,141,240,240,253,267,283,283,283],"floor_reached":22,"playtime":1877,"items_purged":["Strike_B"],"score":206,"play_id":"59a5c21e-f984-4bc7-90ab-fe06a6140d87","local_time":"20181011203322","is_ascension_mode":false,"campfire_choices":[{"data":"Defragment","floor":6,"key":"SMITH"},{"floor":12,"key":"REST"},{"floor":15,"key":"REST"}],"neow_cost":"NONE","seed_source_timestamp":91079138408086,"circlet_count":0,"master_deck":["Strike_B","Strike_B","Strike_B","Defend_B","Defend_B","Defend_B","Defend_B","Zap+1","Dualcast","Tempest","Defragment+1","Static Discharge","Self Repair","Capacitor","Conserve Battery","Thunder Strike","Regret","Parasite","Doubt","Capacitor","Static Discharge","Leap+1","Steam+1"],"relics":["Cracked Core","NeowsBlessing","Bag of Marbles","PreservedInsect","Kunai","Ancient Tea Set","Calling Bell","Orichalcum","Molten Egg 2","Prayer Wheel","Vajra"],"potions_floor_usage":[16,16,19],"damage_taken":[{"damage":0,"enemies":"Small Slimes","floor":1,"turns":1},{"damage":0,"enemies":"Cultist","floor":3,"turns":1},{"damage":0,"enemies":"2 Louse","floor":5,"turns":1},{"damage":6,"enemies":"Lagavulin","floor":8,"turns":5},{"damage":22,"enemies":"Gremlin Gang","floor":10,"turns":3},{"damage":15,"enemies":"Gremlin Nob","floor":11,"turns":4},{"damage":21,"enemies":"3 Sentries","floor":13,"turns":5},{"damage":23,"enemies":"Exordium Wildlife","floor":14,"turns":4},{"damage":7,"enemies":"The Guardian","floor":16,"turns":7},{"damage":28,"enemies":"Shell Parasite","floor":18,"turns":6},{"damage":23,"enemies":"Spheric Guardian","floor":19,"turns":5},{"damage":32,"enemies":"Centurion and Healer","floor":20,"turns":7},{"damage":27,"enemies":"Sentry and Sphere","floor":22,"turns":4}],"seed_played":"-7468778126394623096","potions_obtained":[{"floor":11,"key":"FocusPotion"},{"floor":13,"key":"FearPotion"},{"floor":14,"key":"FearPotion"},{"floor":16,"key":"SteroidPotion"},{"floor":18,"key":"Regen Potion"}],"is_trial":false,"path_per_floor":["M","?","M","?","M","R","$","E","T","M","E","R","E","M","R","B",null,"M","M","M","?"],"character_chosen":"DEFECT","items_purchased":["Static Discharge"],"campfire_rested":2,"item_purchase_floors":[7],"current_hp_per_floor":[75,75,75,75,75,75,75,69,69,54,46,68,54,38,60,60,75,54,52,27,27,0],"gold":283,"neow_bonus":"THREE_ENEMY_KILL","is_prod":false,"is_daily":false,"chose_seed":false,"campfire_upgraded":1,"win_rate":0.0,"timestamp":1539315202,"path_taken":["M","?","M","?","M","R","$","E","T","M","E","R","E","M","R","BOSS","M","M","M","?","M"],"build_version":"2018-10-11","purchased_purges":1,"victory":false,"max_hp_per_floor":[75,75,75,75,75,75,75,75,75,75,75,75,75,75,75,75,75,75,75,75,75,75],"card_choices":[{"not_picked":["Hologram","Rebound","Chaos"],"picked":"SKIP","floor":1},{"not_picked":["Sweeping Beam","Beam Cell"],"picked":"Tempest","floor":3},{"not_picked":["Lockon","Streamline"],"picked":"Defragment","floor":5},{"not_picked":["Glacier","Streamline"],"picked":"Self Repair","floor":8},{"not_picked":["Consume","Barrage"],"picked":"Capacitor","floor":10},{"not_picked":["Seek","Chill"],"picked":"Conserve Battery","floor":11},{"not_picked":["Scrape","Core Surge","Chill"],"picked":"SKIP","floor":13},{"not_picked":["Undo","Go for the Eyes","Steam"],"picked":"SKIP","floor":14},{"not_picked":["Buffer","Reboot"],"picked":"Thunder Strike","floor":16},{"not_picked":["Storm","Ball Lightning+1"],"picked":"Capacitor","floor":18},{"not_picked":["Fusion","Leap","Glacier"],"picked":"SKIP","floor":18},{"not_picked":["Ball Lightning+1","Beam Cell+1"],"picked":"Static Discharge","floor":19},{"not_picked":["Force Field","Recycle","Sunder+1"],"picked":"SKIP","floor":19},{"not_picked":["Force Field","Conserve Battery"],"picked":"Leap+1","floor":20},{"not_picked":["Gash+1","Ball Lightning+1"],"picked":"Steam+1","floor":20}],"player_experience":101210,"relics_obtained":[{"floor":8,"key":"Bag of Marbles"},{"floor":9,"key":"PreservedInsect"},{"floor":11,"key":"Kunai"},{"floor":13,"key":"Ancient Tea Set"},{"floor":17,"key":"Orichalcum"},{"floor":17,"key":"Molten Egg 2"},{"floor":17,"key":"Prayer Wheel"}],"event_choices":[{"event_name":"Match and Keep!","player_choice":"0 cards matched","floor":2,"damage_taken":0},{"event_name":"Upgrade Shrine","player_choice":"Upgraded","floor":4,"damage_taken":0},{"event_name":"The Mausoleum","player_choice":"Yes","floor":21,"damage_taken":0}],"is_beta":false,"boss_relics":[{"not_picked":["Runic Dome","White Beast Statue"],"picked":"Calling Bell"}],"items_purged_floors":[7],"is_endless":false,"potions_floor_spawned":[11,13,14,16,18],"killed_by":"Sentry and Sphere","ascension_level":0}