{"gold_per_floor":[109,120,131,148,159,159,186,196,196,223,223,238,263,274,274,378,378,389,389,405,424,438,438,471,471,471,471,69,69,69,104,104,199,249,260,260,276,376,392,392,392,392,392,403,430,430,463,483,483,483],"floor_reached":51,"playtime":4296,"items_purged":["Defend_R"],"score":948,"play_id":"e448c6a5-8577-4dd9-87fe-44049aadbe91","local_time":"20190205161334","is_ascension_mode":true,"campfire_choices":[{"floor":6.0,"key":"RECALL"},{"data":"Battle Trance","floor":15.0,"key":"SMITH"},{"floor":23.0,"key":"REST"},{"floor":27.0,"key":"REST"},{"data":"Warcry","floor":29.0,"key":"SMITH"},{"floor":32.0,"key":"REST"},{"floor":40.0,"key":"REST"},{"floor":42.0,"key":"REST"},{"data":"Havoc","floor":46.0,"key":"SMITH"},{"floor":49,"key":"REST"}],"neow_cost":"PERCENT_DAMAGE","seed_source_timestamp":4145761765927,"circlet_count":0,"master_deck":["Strike_R","Strike_R","Strike_R","Strike_R","Strike_R","Defend_R","Defend_R+1","Bash","Clash","Headbutt","Clash","Dual Wield+1","Battle Trance+1","Feed+1","Clash+1","J.A.X.","PanicButton","Warcry+1","Rampage+1","Offering","Clash+1","Chrysalis","Chrysalis","Bandage Up+1","Clash+1","Corruption+1","Havoc+1","Clash+1"],"special_seed":0,"relics":["Burning Blood","FossilizedHelix","Mercury Hourglass","Molten Egg 2","Singing Bowl","Smiling Mask","Unceasing Top","Lantern","HandDrill","Bag of Marbles","Tiny House","Dead Branch","Meat on the Bone","Red Skull","Darkstone Periapt"],"potions_floor_usage":[],"damage_taken":[{"damage":0.0,"enemies":"Cultist","floor":1.0,"turns":3.0},{"damage":0.0,"enemies":"Small Slimes","floor":2.0,"turns":3.0},{"damage":0.0,"enemies":"2 Louse","floor":3.0,"turns":2.0},{"damage":14.0,"enemies":"Lots of Slimes","floor":4.0,"turns":4.0},{"damage":0.0,"enemies":"Looter","floor":5.0,"turns":3.0},{"damage":0.0,"enemies":"Gremlin Nob","floor":7.0,"turns":4.0},{"damage":0.0,"enemies":"Large Slime","floor":8.0,"turns":2.0},{"damage":0.0,"enemies":"Lagavulin","floor":10.0,"turns":4.0},{"damage":0.0,"enemies":"3 Louse","floor":12.0,"turns":1.0},{"damage":8.0,"enemies":"3 Sentries","floor":13.0,"turns":6.0},{"damage":0.0,"enemies":"Looter","floor":14.0,"turns":2.0},{"damage":42.0,"enemies":"The Guardian","floor":16.0,"turns":8.0},{"damage":0.0,"enemies":"Spheric Guardian","floor":18.0,"turns":3.0},{"damage":27.0,"enemies":"3 Byrds","floor":20.0,"turns":5.0},{"damage":24.0,"enemies":"Centurion and Healer","floor":21.0,"turns":4.0},{"damage":32.0,"enemies":"Snecko","floor":22.0,"turns":5.0},{"damage":44.0,"enemies":"Slavers","floor":24.0,"turns":6.0},{"damage":28.0,"enemies":"Book of Stabbing","floor":31.0,"turns":4.0},{"damage":24.0,"enemies":"Collector","floor":33.0,"turns":4.0},{"damage":2.0,"enemies":"Orb Walker","floor":35.0,"turns":3.0},{"damage":36.0,"enemies":"3 Darklings","floor":37.0,"turns":4.0},{"damage":43.0,"enemies":"Mind Bloom Boss Battle","floor":38.0,"turns":6.0},{"damage":33.0,"enemies":"Writhing Mass","floor":39.0,"turns":3.0},{"damage":10.0,"enemies":"Maw","floor":44.0,"turns":4.0},{"damage":19.0,"enemies":"Giant Head","floor":45.0,"turns":6.0},{"damage":68,"enemies":"Nemesis","floor":47,"turns":7},{"damage":0,"enemies":"3 Darklings","floor":48,"turns":2},{"damage":75,"enemies":"Awakened One","floor":50,"turns":7}],"seed_played":"-6158373855151450384","potions_obtained":[{"floor":2.0,"key":"Strength Potion"},{"floor":7.0,"key":"Regen Potion"},{"floor":10.0,"key":"Weak Potion"},{"floor":16.0,"key":"Block Potion"},{"floor":18.0,"key":"Poison Potion"},{"floor":22.0,"key":"Explosive Potion"},{"floor":31.0,"key":"Block Potion"},{"floor":34.0,"key":"PowerPotion"},{"floor":35.0,"key":"SteroidPotion"},{"floor":47,"key":"Dexterity Potion"},{"floor":48,"key":"BloodPotion"}],"is_trial":false,"path_per_floor":["M","M","M","M","M","R","E","M","T","E","?","M","E","M","R","B",null,"M","?","M","M","M","R","E","?","T","R","$","R","?","E","R","B",null,"M","?","M","?","M","R","?","R","T","M","E","R","E","M","R","B",null],"character_chosen":"IRONCLAD","items_purchased":["HandDrill","PanicButton","Warcry"],"campfire_rested":6,"item_purchase_floors":[28,28,28],"current_hp_per_floor":[62,68,74,66,72,72,78,80,80,82,82,84,84,88,88,52,88,94,94,79,76,52,84,50,50,50,83,83,83,83,65,99,81,123,123,113,87,54,33,70,70,107,107,111,104,104,60,74,112,71],"gold":483,"neow_bonus":"ONE_RARE_RELIC","is_prod":false,"is_daily":false,"chose_seed":false,"campfire_upgraded":3,"win_rate":0,"timestamp":1549404814,"path_taken":["M","M","M","M","M","R","E","?","T","E","?","M","E","M","R","BOSS","M","?","?","M","M","R","E","?","T","R","$","R","?","E","R","BOSS","M","?","M","?","M","R","?","R","T","?","E","R","E","M","R","BOSS"],"build_version":"2019-01-23","purchased_purges":1,"victory":true,"max_hp_per_floor":[80,80,80,80,80,80,80,80,80,82,82,84,86,88,88,88,88,94,94,100,106,108,108,112,112,112,112,112,112,112,116,116,116,123,123,123,123,123,125,125,125,125,125,127,127,127,127,129,129,133],"card_choices":[{"not_picked":["Twin Strike","Flex"],"picked":"Clash","floor":1.0},{"not_picked":["Bloodletting","Heavy Blade","Sentinel"],"picked":"SKIP","floor":2.0},{"not_picked":["Carnage","Shrug It Off","Metallicize"],"picked":"SKIP","floor":3.0},{"not_picked":["Twin Strike","Carnage"],"picked":"Headbutt","floor":4.0},{"not_picked":["Evolve","Blood for Blood"],"picked":"Clash","floor":5.0},{"not_picked":["Rage","Sentinel"],"picked":"Dual Wield","floor":7.0},{"not_picked":["Infernal Blade","Heavy Blade"],"picked":"Battle Trance","floor":8.0},{"not_picked":["Impervious","Body Slam+1","Sword Boomerang+1"],"picked":"Singing Bowl","floor":10.0},{"not_picked":["Disarm","Cleave+1","Warcry"],"picked":"Singing Bowl","floor":12.0},{"not_picked":["Sword Boomerang+1","Perfected Strike+1","Infernal Blade"],"picked":"Singing Bowl","floor":13.0},{"not_picked":["Anger+1","Reckless Charge+1","Pummel+1"],"picked":"Singing Bowl","floor":14.0},{"not_picked":["Barricade","Limit Break"],"picked":"Feed+1","floor":16.0},{"not_picked":["Whirlwind+1","Bloodletting","Cleave+1"],"picked":"Singing Bowl","floor":18.0},{"not_picked":["True Grit","Iron Wave+1","Metallicize+1"],"picked":"Singing Bowl","floor":20.0},{"not_picked":["Second Wind","Pummel+1","Rupture"],"picked":"Singing Bowl","floor":21.0},{"not_picked":["Sword Boomerang+1","Cleave+1","Flame Barrier+1"],"picked":"Singing Bowl","floor":22.0},{"not_picked":["Demon Form","Bloodletting"],"picked":"Clash+1","floor":24.0},{"not_picked":["Body Slam+1","Iron Wave+1"],"picked":"Rampage+1","floor":31.0},{"not_picked":["Barricade","Juggernaut"],"picked":"Offering","floor":33.0},{"not_picked":["Iron Wave+1","Intimidate","Wild Strike+1"],"picked":"Singing Bowl","floor":34.0},{"not_picked":["Disarm","Rampage+1"],"picked":"Clash+1","floor":35.0},{"not_picked":["Transmutation","Finesse"],"picked":"Chrysalis","floor":36.0},{"not_picked":["Enlightenment","Discovery"],"picked":"Chrysalis","floor":36.0},{"not_picked":["Impatience","Mind Blast+1"],"picked":"Bandage Up","floor":36.0},{"not_picked":["Intimidate","Sentinel+1"],"picked":"Clash+1","floor":37.0},{"not_picked":["Infernal Blade","Armaments+1"],"picked":"Corruption+1","floor":38.0},{"not_picked":["Sever Soul+1","Sword Boomerang+1","Entrench+1"],"picked":"Singing Bowl","floor":39.0},{"not_picked":["Pommel Strike+1","Iron Wave+1","Clothesline+1"],"picked":"Singing Bowl","floor":44.0},{"not_picked":["Dual Wield","Twin Strike+1"],"picked":"Havoc","floor":45.0},{"not_picked":["Searing Blow+1","Armaments+1"],"picked":"Clash+1","floor":47},{"not_picked":["Reckless Charge+1","Power Through+1","Searing Blow+1"],"picked":"Singing Bowl","floor":48}],"player_experience":453881,"relics_obtained":[{"floor":7.0,"key":"Mercury Hourglass"},{"floor":9.0,"key":"Molten Egg 2"},{"floor":10.0,"key":"Singing Bowl"},{"floor":13.0,"key":"Smiling Mask"},{"floor":24.0,"key":"Unceasing Top"},{"floor":26.0,"key":"Lantern"},{"floor":31.0,"key":"Bag of Marbles"},{"floor":38.0,"key":"Dead Branch"},{"floor":43.0,"key":"Meat on the Bone"},{"floor":45.0,"key":"Red Skull"},{"floor":47,"key":"Darkstone Periapt"}],"event_choices":[{"damage_healed":0.0,"max_hp_gain":0.0,"max_hp_loss":0.0,"gold_gain":0.0,"event_name":"Living Wall","player_choice":"Grow","floor":11.0,"gold_loss":0.0,"damage_taken":0.0,"cards_upgraded":["Dual Wield"]},{"cards_removed":["Defend_R"],"damage_healed":0.0,"max_hp_gain":0.0,"max_hp_loss":0.0,"gold_gain":0.0,"event_name":"Purifier","player_choice":"Purged","floor":19.0,"gold_loss":0.0,"damage_taken":0.0},{"damage_healed":0.0,"max_hp_gain":0.0,"max_hp_loss":0.0,"gold_gain":0.0,"event_name":"Drug Dealer","player_choice":"Obtain J.A.X.","floor":25.0,"gold_loss":0.0,"damage_taken":0.0,"cards_obtained":["J.A.X."]},{"damage_healed":0.0,"max_hp_gain":0.0,"max_hp_loss":0.0,"gold_gain":0.0,"event_name":"SensoryStone","player_choice":"Memory 3","floor":36.0,"gold_loss":0.0,"damage_taken":10.0},{"damage_healed":0.0,"max_hp_gain":0.0,"max_hp_loss":0.0,"gold_gain":0.0,"event_name":"MindBloom","player_choice":"Fight","floor":38.0,"gold_loss":0.0,"damage_taken":0.0},{"damage_healed":0.0,"max_hp_gain":0.0,"max_hp_loss":0.0,"gold_gain":0.0,"event_name":"Upgrade Shrine","player_choice":"Upgraded","floor":41.0,"gold_loss":0.0,"damage_taken":0.0,"cards_upgraded":["Bandage Up"]}],"is_beta":false,"boss_relics":[{"not_picked":["Runic Pyramid","Pandora\u0027s Box","Mark of Pain"]},{"not_picked":["Black Star","Sozu"],"picked":"Tiny House"}],"items_purged_floors":[28],"is_endless":false,"potions_floor_spawned":[2,7,10,16,18,22,31,35,47,48],"ascension_level":2}