{"gold_per_floor":[12,30,30,42,59,59,86,98,133,164,211,223,310,352,364,450,462,493,505],"floor_reached":19,"playtime":753,"items_purged":[],"score":318,"play_id":"c0cd781b-0657-4b53-ad11-a1ff2fbe3205","local_time":"20190411130207","is_ascension_mode":true,"campfire_choices":[{"data":"Armaments","floor":6,"key":"SMITH"},{"floor":8,"key":"REST"},{"floor":12,"key":"REST"},{"floor":15,"key":"REST"}],"neow_cost":"NO_GOLD","seed_source_timestamp":7043955771940,"circlet_count":0,"master_deck":["AscendersBane","Strike_R","Strike_R","Strike_R","Strike_R","Strike_R","Defend_R","Defend_R","Defend_R","Defend_R","Bash+1","Pommel Strike+1","Armaments+1","Burning Pact","Pommel Strike","Spot Weakness","Ghostly Armor","Flame Barrier","Shrug It Off","Juggernaut+1","Reckless Charge+1"],"relics":["Black Blood","MawBank","Regal Pillow","Ancient Tea Set","Frozen Egg 2"],"potions_floor_usage":[5,14],"damage_taken":[{"damage":2,"enemies":"Jaw Worm","floor":1,"turns":3},{"damage":0,"enemies":"2 Louse","floor":2,"turns":3},{"damage":6,"enemies":"Cultist","floor":4,"turns":3},{"damage":11,"enemies":"Exordium Thugs","floor":5,"turns":2},{"damage":32,"enemies":"Gremlin Nob","floor":7,"turns":4},{"damage":11,"enemies":"Looter","floor":10,"turns":2},{"damage":25,"enemies":"3 Sentries","floor":11,"turns":9},{"damage":37,"enemies":"Gremlin Nob","floor":14,"turns":5},{"damage":76,"enemies":"Slime Boss","floor":16,"turns":13},{"damage":53,"enemies":"Spheric Guardian","floor":18,"turns":9},{"damage":32,"enemies":"Shell Parasite","floor":19,"turns":8}],"seed_played":"4633429819839731987","potions_obtained":[{"floor":4,"key":"Explosive Potion"},{"floor":10,"key":"Ancient Potion"},{"floor":16,"key":"Ancient Potion"},{"floor":18,"key":"Ancient Potion"}],"is_trial":false,"path_per_floor":["M","M","?","M","M","R","E","R","T","M","E","R","?","E","R","B",null,"M","M"],"character_chosen":"IRONCLAD","items_purchased":[],"campfire_rested":3,"item_purchase_floors":[],"current_hp_per_floor":[86,89,71,71,66,66,40,66,66,61,42,83,72,41,82,12,70,27,0],"gold":505,"neow_bonus":"TWENTY_PERCENT_HP_BONUS","is_prod":false,"is_daily":false,"chose_seed":false,"campfire_upgraded":1,"win_rate":0,"timestamp":1554976927,"path_taken":["M","M","?","M","M","R","E","R","T","M","E","R","?","E","R","BOSS","M","M"],"build_version":"2019-01-23","purchased_purges":0,"victory":false,"max_hp_per_floor":[89,89,89,89,89,89,89,89,89,89,89,89,89,89,89,89,89,89,89],"card_choices":[{"not_picked":["Headbutt","Flex"],"picked":"Pommel Strike","floor":1},{"not_picked":["Sentinel","Disarm"],"picked":"Armaments","floor":2},{"not_picked":["Iron Wave","Warcry"],"picked":"Burning Pact","floor":4},{"not_picked":["Clash","Headbutt"],"picked":"Pommel Strike","floor":5},{"not_picked":["Flex","Dropkick"],"picked":"Spot Weakness","floor":7},{"not_picked":["Armaments","Sword Boomerang"],"picked":"Ghostly Armor","floor":10},{"not_picked":["Disarm","Corruption"],"picked":"Flame Barrier","floor":11},{"not_picked":["Anger","Spot Weakness"],"picked":"Shrug It Off","floor":14},{"not_picked":["Berserk+1","Exhume"],"picked":"Juggernaut+1","floor":16},{"not_picked":["Bloodletting","Clash"],"picked":"Reckless Charge+1","floor":18}],"player_experience":860095,"relics_obtained":[{"floor":7,"key":"MawBank"},{"floor":9,"key":"Regal Pillow"},{"floor":11,"key":"Ancient Tea Set"},{"floor":14,"key":"Frozen Egg 2"}],"event_choices":[{"damage_healed":0,"gold_gain":0,"player_choice":"Entered Light","damage_taken":18,"max_hp_gain":0,"max_hp_loss":0,"event_name":"Shining Light","floor":3,"gold_loss":0,"cards_upgraded":["Bash","Pommel Strike"]},{"damage_healed":0,"gold_gain":75,"player_choice":"Gather Gold","damage_taken":11,"max_hp_gain":0,"max_hp_loss":0,"event_name":"World of Goop","floor":13,"gold_loss":0}],"is_beta":false,"boss_relics":[{"not_picked":["Runic Pyramid","Snecko Eye"],"picked":"Black Blood"}],"items_purged_floors":[],"is_endless":false,"potions_floor_spawned":[4,10,16,18],"killed_by":"Shell Parasite","ascension_level":14}