{"gold_per_floor":[117,192,192,142,161,161,194,194,194,194,225,235,251,283,283,382,382,402,66,66,81,41,41,73,73,73,92,126,146,146,246,246,350,350,369,369],"floor_reached":36,"playtime":1771,"items_purged":[],"score":829,"play_id":"bcdab442-d791-4f34-a9dc-98a0724dc67c","local_time":"20190408152552","is_ascension_mode":true,"campfire_choices":[{"data":"Go for the Eyes","floor":6,"key":"SMITH"},{"data":"Zap","floor":8,"key":"SMITH"},{"data":"Go for the Eyes","floor":10,"key":"SMITH"},{"data":"Conserve Battery","floor":15,"key":"SMITH"},{"data":"Self Repair","floor":23,"key":"SMITH"},{"data":"Steam","floor":25,"key":"SMITH"},{"floor":30,"key":"RECALL"},{"data":"BootSequence","floor":32,"key":"SMITH"}],"neow_cost":"NONE","seed_source_timestamp":4760945545260,"circlet_count":0,"master_deck":["AscendersBane","Strike_B+1","Defend_B+1","Defend_B+1","Defend_B+1","Defend_B+1","Zap+1","Dualcast+1","Go for the Eyes+1","Go for the Eyes+1","Chill","Auto Shields+1","Steam+1","Machine Learning","Conserve Battery+1","Creative AI+1","Self Repair+1","Capacitor+1","Capacitor+1","Storm+1","Steam+1","Self Repair+1","BootSequence+1","Buffer+1","Force Field+1"],"relics":["Cracked Core","NeowsBlessing","Mummified Hand","Letter Opener","Du-Vu Doll","Happy Flower","Black Star","Frozen Egg 2","Sundial","Art of War","Ancient Tea Set","Ornamental Fan","Ginger","Meat on the Bone","Empty Cage"],"potions_floor_usage":[11,14,28,31],"damage_taken":[{"damage":0,"enemies":"Small Slimes","floor":1,"turns":1},{"damage":0,"enemies":"Jaw Worm","floor":5,"turns":1},{"damage":0,"enemies":"Lagavulin","floor":7,"turns":1},{"damage":20,"enemies":"Gremlin Nob","floor":11,"turns":4},{"damage":0,"enemies":"2 Louse","floor":12,"turns":2},{"damage":6,"enemies":"Looter","floor":13,"turns":3},{"damage":0,"enemies":"3 Sentries","floor":14,"turns":3},{"damage":0,"enemies":"Hexaghost","floor":16,"turns":13},{"damage":6,"enemies":"3 Byrds","floor":18,"turns":6},{"damage":1,"enemies":"Shell Parasite","floor":21,"turns":8},{"damage":23,"enemies":"Book of Stabbing","floor":24,"turns":7},{"damage":29,"enemies":"Snecko","floor":27,"turns":5},{"damage":9,"enemies":"Gremlin Leader","floor":28,"turns":10},{"damage":0,"enemies":"Chosen and Byrds","floor":29,"turns":6},{"damage":17,"enemies":"Colosseum Slavers","floor":31,"turns":4},{"damage":20,"enemies":"Colosseum Nobs","floor":31,"turns":6},{"damage":8,"enemies":"Automaton","floor":33,"turns":9},{"damage":0,"enemies":"Orb Walker","floor":35,"turns":4},{"damage":99,"enemies":"2 Orb Walkers","floor":36,"turns":6}],"seed_played":"-7136796001290285521","potions_obtained":[{"floor":7,"key":"Poison Potion"},{"floor":13,"key":"PowerPotion"},{"floor":14,"key":"SpeedPotion"},{"floor":16,"key":"Dexterity Potion"},{"floor":27,"key":"Ancient Potion"}],"is_trial":false,"path_per_floor":["M","?","?","?","M","R","E","R","T","R","E","M","M","E","R","B",null,"M","$","?","M","?","R","E","R","T","M","E","M","R","?","R","B",null,"M","?"],"character_chosen":"DEFECT","items_purchased":["Frozen Egg 2","Capacitor+1"],"campfire_rested":0,"item_purchase_floors":[19,19],"current_hp_per_floor":[68,57,42,42,42,42,42,42,42,42,22,22,16,16,16,16,60,54,54,54,60,60,60,47,47,47,28,29,49,49,42,42,66,73,75,0],"gold":369,"neow_bonus":"THREE_ENEMY_KILL","is_prod":false,"is_daily":false,"chose_seed":false,"campfire_upgraded":7,"win_rate":0,"timestamp":1554762352,"path_taken":["M","?","?","?","M","R","E","R","T","R","E","M","M","E","R","BOSS","M","$","?","M","?","R","E","R","T","?","E","M","R","?","R","BOSS","M","?"],"build_version":"2019-01-23","purchased_purges":0,"victory":false,"max_hp_per_floor":[75,75,75,75,75,75,75,75,75,75,75,75,75,75,75,75,75,75,75,75,75,75,75,75,75,75,75,75,75,75,75,75,75,75,75,75],"card_choices":[{"not_picked":["Steam","Hologram"],"picked":"Go for the Eyes","floor":1},{"not_picked":["Double Energy","Barrage"],"picked":"Go for the Eyes","floor":5},{"not_picked":["Redo","Tempest"],"picked":"Chill","floor":7},{"not_picked":["Force Field","Redo"],"picked":"Auto Shields","floor":11},{"not_picked":["Aggregate","Rebound"],"picked":"Steam","floor":12},{"not_picked":["Sweeping Beam","FTL"],"picked":"Machine Learning","floor":13},{"not_picked":["Gash","Go for the Eyes"],"picked":"Conserve Battery","floor":14},{"not_picked":["Seek","Rainbow"],"picked":"Creative AI","floor":16},{"not_picked":["Stack","Beam Cell"],"picked":"Self Repair","floor":18},{"not_picked":["Darkness","Cold Snap"],"picked":"Capacitor+1","floor":21},{"not_picked":["Consume","Gash"],"picked":"Storm+1","floor":24},{"not_picked":["Cold Snap","Go for the Eyes"],"picked":"Steam+1","floor":27},{"not_picked":["Thunder Strike","Gash"],"picked":"Self Repair+1","floor":28},{"not_picked":["Streamline","Rebound","Beam Cell"],"picked":"SKIP","floor":29},{"not_picked":["Chill","Streamline"],"picked":"BootSequence","floor":31},{"not_picked":["Electrodynamics+1","Machine Learning+1"],"picked":"Buffer+1","floor":33},{"not_picked":["Glacier","Turbo"],"picked":"Force Field+1","floor":35}],"player_experience":332815,"relics_obtained":[{"floor":7,"key":"Mummified Hand"},{"floor":9,"key":"Letter Opener"},{"floor":11,"key":"Du-Vu Doll"},{"floor":14,"key":"Happy Flower"},{"floor":24,"key":"Sundial"},{"floor":24,"key":"Art of War"},{"floor":28,"key":"Ancient Tea Set"},{"floor":28,"key":"Ornamental Fan"},{"floor":31,"key":"Ginger"},{"floor":31,"key":"Meat on the Bone"}],"event_choices":[{"damage_healed":0,"gold_gain":75,"player_choice":"Gather Gold","damage_taken":11,"max_hp_gain":0,"max_hp_loss":0,"event_name":"World of Goop","floor":2,"gold_loss":0},{"damage_healed":0,"gold_gain":0,"player_choice":"Entered Light","damage_taken":15,"max_hp_gain":0,"max_hp_loss":0,"event_name":"Shining Light","floor":3,"gold_loss":0,"cards_upgraded":["Defend_B","Dualcast"]},{"cards_removed":["Strike_B"],"damage_healed":0,"gold_gain":0,"player_choice":"Card Removal","damage_taken":0,"max_hp_gain":0,"max_hp_loss":0,"event_name":"The Cleric","floor":4,"gold_loss":50},{"damage_healed":0,"gold_gain":0,"player_choice":"Simplicity","damage_taken":0,"max_hp_gain":0,"max_hp_loss":0,"event_name":"Back to Basics","floor":20,"gold_loss":0,"cards_upgraded":["Strike_B","Strike_B","Strike_B","Defend_B","Defend_B","Defend_B"]},{"damage_healed":0,"gold_gain":0,"player_choice":"Upgraded Two","damage_taken":0,"max_hp_gain":0,"max_hp_loss":0,"event_name":"Designer","floor":22,"gold_loss":40,"cards_upgraded":["Auto Shields","Creative AI"]},{"damage_healed":0,"gold_gain":0,"player_choice":"Fight","damage_taken":0,"max_hp_gain":0,"max_hp_loss":0,"event_name":"Colosseum","floor":31,"gold_loss":0},{"damage_healed":0,"gold_gain":0,"player_choice":"Fought Nobs","damage_taken":0,"max_hp_gain":0,"max_hp_loss":0,"event_name":"Colosseum","floor":31,"gold_loss":0},{"damage_healed":0,"gold_gain":0,"player_choice":"Fight","damage_taken":0,"max_hp_gain":0,"max_hp_loss":0,"event_name":"Mysterious Sphere","floor":36,"gold_loss":0}],"is_beta":false,"boss_relics":[{"not_picked":["Runic Dome","White Beast Statue"],"picked":"Black Star"},{"not_picked":["Inserter","FrozenCore"],"picked":"Empty Cage"}],"items_purged_floors":[],"is_endless":false,"potions_floor_spawned":[7,13,14,16,18,24,27,31],"killed_by":"2 Orb Walkers","ascension_level":12}