{"gold_per_floor":[112,112,64,80,99,131,131,148,148,158,158,168,168],"floor_reached":13,"playtime":515,"items_purged":[],"score":87,"play_id":"bf7638cd-417e-4f94-808c-1b4920d79794","local_time":"20181019011438","is_ascension_mode":false,"campfire_choices":[{"data":"Noxious Fumes","floor":7,"key":"SMITH"},{"data":"Flechettes","floor":11,"key":"SMITH"}],"neow_cost":"NONE","seed_source_timestamp":552400598922560,"circlet_count":0,"master_deck":["Defend_G","Defend_G","Defend_G","Defend_G","Defend_G","Strike_G","Strike_G","Strike_G","Strike_G","Strike_G","Survivor","Neutralize","Flechettes+1","Acrobatics","Masterful Stab","Noxious Fumes+1","Acrobatics","Poisoned Stab","Deadly Poison","Backstab"],"relics":["Ring of the Snake","NeowsBlessing","Pen Nib","Bronze Scales"],"potions_floor_usage":[6,13],"damage_taken":[{"damage":0,"enemies":"Small Slimes","floor":1,"turns":1},{"damage":0,"enemies":"Cultist","floor":4,"turns":1},{"damage":0,"enemies":"Jaw Worm","floor":5,"turns":1},{"damage":18,"enemies":"Lagavulin","floor":6,"turns":6},{"damage":12,"enemies":"Red Slaver","floor":8,"turns":4},{"damage":28,"enemies":"Gremlin Gang","floor":10,"turns":4},{"damage":5,"enemies":"Lots of Slimes","floor":12,"turns":3},{"damage":13,"enemies":"Gremlin Nob","floor":13,"turns":2}],"seed_played":"-4872057217473497487","potions_obtained":[{"floor":1,"key":"Regen Potion"},{"floor":4,"key":"GamblersBrew"},{"floor":5,"key":"Fire Potion"}],"is_trial":false,"path_per_floor":["M","?","$","M","M","E","R","M","T","M","R","M"],"character_chosen":"THE_SILENT","items_purchased":["Acrobatics"],"campfire_rested":0,"item_purchase_floors":[3],"current_hp_per_floor":[70,70,70,70,70,52,52,40,40,12,12,7,0],"gold":168,"neow_bonus":"THREE_ENEMY_KILL","is_prod":false,"is_daily":false,"chose_seed":false,"campfire_upgraded":2,"win_rate":0.0,"timestamp":1539929678,"path_taken":["M","?","$","M","M","E","R","?","T","?","R","M","E"],"build_version":"2018-10-18","purchased_purges":0,"victory":false,"max_hp_per_floor":[70,70,70,70,70,70,70,70,70,70,70,70,70],"card_choices":[{"not_picked":["Well Laid Plans","Skewer"],"picked":"Flechettes","floor":1},{"not_picked":["Finisher","Slice"],"picked":"Masterful Stab","floor":4},{"not_picked":["PiercingWail","Prepared"],"picked":"Noxious Fumes","floor":5},{"not_picked":["Backflip","Catalyst"],"picked":"Acrobatics","floor":6},{"not_picked":["PiercingWail","Dagger Throw"],"picked":"Poisoned Stab","floor":8},{"not_picked":["Underhanded Strike","A Thousand Cuts"],"picked":"Deadly Poison","floor":10},{"not_picked":["Dagger Throw","Acrobatics"],"picked":"Backstab","floor":12}],"player_experience":120996,"relics_obtained":[{"floor":6,"key":"Pen Nib"},{"floor":9,"key":"Bronze Scales"}],"event_choices":[{"damage_healed":0,"gold_gain":0,"player_choice":"Leave","damage_taken":0,"max_hp_gain":0,"max_hp_loss":0,"event_name":"FaceTrader","floor":2,"gold_loss":0}],"is_beta":false,"boss_relics":[],"items_purged_floors":[],"is_endless":false,"potions_floor_spawned":[1,4,5],"killed_by":"Gremlin Nob","ascension_level":0}