{"gold_per_floor":[114,130,205,205,224,224,259,259,259,269,269,282,282,315,315,416,466,478,577,677,687,612,612,643,643,667,686,686],"floor_reached":28,"playtime":1706,"items_purged":["Defend_B"],"score":283,"play_id":"3d302993-5c9e-4b89-abcd-ee63fadeb9ca","local_time":"20190313173637","is_ascension_mode":true,"campfire_choices":[{"data":"Strike_B","floor":6,"key":"SMITH"},{"data":"Lockon","floor":11,"key":"SMITH"},{"floor":13,"key":"REST"},{"data":"Loop","floor":15,"key":"SMITH"},{"floor":23,"key":"REST"},{"data":"Echo Form","floor":25,"key":"SMITH"}],"neow_cost":"NONE","seed_source_timestamp":1033841878051139,"circlet_count":0,"master_deck":["Strike_B","Strike_B","Strike_B+1","Defend_B","Defend_B","Zap","Dualcast+1","Rebound","Hologram","Conserve Battery","Capacitor","Lockon+1","Gash","Loop+1","Echo Form+1","Conserve Battery","Conserve Battery+1","Reinforced Body","Coolheaded+1","Hologram+1"],"relics":["Cracked Core","Mango","Shuriken","Pen Nib","Tiny House","Toxic Egg 2","Regal Pillow"],"potions_floor_usage":[7,7,18,18,24,27],"damage_taken":[{"damage":1,"enemies":"2 Louse","floor":1,"turns":3},{"damage":0,"enemies":"Small Slimes","floor":2,"turns":4},{"damage":3,"enemies":"Cultist","floor":5,"turns":3},{"damage":20,"enemies":"Gremlin Nob","floor":7,"turns":5},{"damage":7,"enemies":"Blue Slaver","floor":10,"turns":4},{"damage":21,"enemies":"Exordium Thugs","floor":12,"turns":6},{"damage":23,"enemies":"3 Sentries","floor":14,"turns":6},{"damage":27,"enemies":"Slime Boss","floor":16,"turns":7},{"damage":36,"enemies":"3 Byrds","floor":18,"turns":5},{"damage":21,"enemies":"Chosen","floor":21,"turns":5},{"damage":37,"enemies":"Book of Stabbing","floor":24,"turns":6},{"damage":18,"enemies":"Shelled Parasite and Fungi","floor":27,"turns":5},{"damage":19,"enemies":"3 Cultists","floor":28,"turns":4}],"seed_played":"-4710510198400570577","potions_obtained":[{"floor":1,"key":"Weak Potion"},{"floor":5,"key":"FocusPotion"},{"floor":16,"key":"Explosive Potion"},{"floor":17,"key":"Weak Potion"},{"floor":21,"key":"Poison Potion"},{"floor":24,"key":"AttackPotion"}],"is_trial":false,"path_per_floor":["M","M","?","?","M","R","E","?","T","M","R","M","R","E","R","B",null,"M","?","?","M","$","R","E","R","T","M","M"],"character_chosen":"DEFECT","items_purchased":[],"campfire_rested":2,"item_purchase_floors":[],"current_hp_per_floor":[81,81,70,63,60,60,54,54,54,47,47,26,54,31,31,4,101,65,65,65,44,44,74,37,37,37,19,0],"gold":686,"neow_bonus":"TEN_PERCENT_HP_BONUS","is_prod":false,"is_daily":false,"chose_seed":false,"campfire_upgraded":4,"win_rate":0,"timestamp":1552523797,"path_taken":["M","M","?","?","M","R","E","?","T","M","R","M","R","E","R","BOSS","M","?","?","M","$","R","E","R","T","M","?"],"build_version":"2019-01-23","purchased_purges":1,"victory":false,"max_hp_per_floor":[82,82,82,82,82,82,96,96,96,96,96,96,96,96,96,96,101,101,101,101,101,101,101,101,101,101,101,101],"card_choices":[{"not_picked":["Steam","Double Energy"],"picked":"Rebound","floor":1},{"not_picked":["Barrage","Auto Shields"],"picked":"Hologram","floor":2},{"not_picked":["Beam Cell","Sweeping Beam"],"picked":"Conserve Battery","floor":5},{"not_picked":["Blizzard","Leap"],"picked":"Capacitor","floor":7},{"not_picked":["Turbo","Redo"],"picked":"Lockon","floor":10},{"not_picked":["Compile Driver","Static Discharge"],"picked":"Gash","floor":12},{"not_picked":["Auto Shields","Hello World"],"picked":"Loop","floor":14},{"not_picked":["Electrodynamics","Machine Learning"],"picked":"Echo Form","floor":16},{"not_picked":["Sweeping Beam","Redo"],"picked":"Conserve Battery","floor":17},{"not_picked":["Darkness","Leap"],"picked":"Conserve Battery+1","floor":18},{"not_picked":["Heatsinks","Turbo"],"picked":"Reinforced Body","floor":21},{"not_picked":["Cold Snap","Self Repair+1"],"picked":"Coolheaded","floor":24},{"not_picked":["Lockon","Go for the Eyes"],"picked":"Hologram+1","floor":27}],"player_experience":170423,"relics_obtained":[{"floor":7,"key":"Mango"},{"floor":9,"key":"Shuriken"},{"floor":14,"key":"Pen Nib"},{"floor":24,"key":"Toxic Egg 2"},{"floor":26,"key":"Regal Pillow"}],"event_choices":[{"damage_healed":0,"gold_gain":75,"player_choice":"Gather Gold","damage_taken":11,"max_hp_gain":0,"max_hp_loss":0,"event_name":"World of Goop","floor":3,"gold_loss":0},{"cards_removed":["Strike_B"],"damage_healed":0,"gold_gain":0,"player_choice":"Card Removal","damage_taken":7,"max_hp_gain":0,"max_hp_loss":0,"event_name":"Golden Wing","floor":4,"gold_loss":0},{"cards_removed":["Defend_B"],"damage_healed":0,"gold_gain":0,"player_choice":"Forget","damage_taken":0,"max_hp_gain":0,"max_hp_loss":0,"event_name":"Living Wall","floor":8,"gold_loss":0},{"damage_healed":0,"gold_gain":99,"player_choice":"Stole From Cult","damage_taken":0,"max_hp_gain":0,"max_hp_loss":0,"event_name":"Nest","floor":19,"gold_loss":0},{"damage_healed":0,"gold_gain":100,"player_choice":"Pray","damage_taken":0,"max_hp_gain":0,"max_hp_loss":0,"event_name":"Golden Shrine","floor":20,"gold_loss":0}],"is_beta":false,"boss_relics":[{"not_picked":["Ectoplasm","White Beast Statue"],"picked":"Tiny House"}],"items_purged_floors":[22],"is_endless":false,"potions_floor_spawned":[1,5,16,21,24],"killed_by":"3 Cultists","ascension_level":1}