{"gold_per_floor":[115,134,13,23,37,37,37,50,50,75,21,21,96,111,111,188,188,198,178,189,199,210,210,80,96,96,61,61,61,61,112,112,185,185,201,201,221,240,38,38,69,69,93,111,35,48,68,68,68,68],"floor_reached":51,"playtime":9536,"items_purged":["Strike_B","Pain"],"score":1220,"play_id":"3c7c6d39-3d4f-4815-b8d5-cef749af51aa","local_time":"20190310150317","is_ascension_mode":true,"campfire_choices":[{"floor":7.0,"key":"REST"},{"floor":12.0,"key":"REST"},{"floor":15.0,"key":"REST"},{"floor":23.0,"key":"REST"},{"floor":29.0,"key":"REST"},{"floor":32.0,"key":"REST"},{"floor":40.0,"key":"REST"},{"floor":49,"key":"REST"}],"neow_cost":"NONE","seed_source_timestamp":281619558627482,"circlet_count":0,"master_deck":["AscendersBane","Strike_B","Defend_B","Defend_B","Defend_B","Defend_B","Zap","Dualcast","Defragment","Compile Driver","Gash","White Noise","Chill","Chill","Hologram+1","Fission+1","Gash","Genetic Algorithm+1","Genetic Algorithm+1","Coolheaded+1","Jack Of All Trades+1","Gash","White Noise+1","Amplify+1","Leap+1","Fission+1","Chill+1","Loop"],"special_seed":0,"relics":["Fusion Hammer","Dead Branch","Singing Bowl","Toxic Egg 2","Inserter","Darkstone Periapt","Boot","Smiling Mask","Empty Cage","WarpedTongs","Strawberry","Ornamental Fan","Bag of Preparation"],"potions_floor_usage":[41,41,50],"damage_taken":[{"damage":0.0,"enemies":"Cultist","floor":1.0,"turns":4.0},{"damage":4.0,"enemies":"Small Slimes","floor":2.0,"turns":4.0},{"damage":0.0,"enemies":"2 Louse","floor":4.0,"turns":1.0},{"damage":13.0,"enemies":"Red Slaver","floor":5.0,"turns":3.0},{"damage":0.0,"enemies":"Lots of Slimes","floor":8.0,"turns":4.0},{"damage":8.0,"enemies":"Lagavulin","floor":10.0,"turns":7.0},{"damage":7.0,"enemies":"Looter","floor":14.0,"turns":4.0},{"damage":29.0,"enemies":"Hexaghost","floor":16.0,"turns":11.0},{"damage":16.0,"enemies":"Spheric Guardian","floor":18.0,"turns":8.0},{"damage":3.0,"enemies":"Shell Parasite","floor":20.0,"turns":3.0},{"damage":13.0,"enemies":"Cultist and Chosen","floor":21.0,"turns":7.0},{"damage":34.0,"enemies":"Shelled Parasite and Fungi","floor":22.0,"turns":11.0},{"damage":0.0,"enemies":"Sentry and Sphere","floor":25.0,"turns":7.0},{"damage":53.0,"enemies":"Collector","floor":33.0,"turns":7.0},{"damage":7.0,"enemies":"Orb Walker","floor":35.0,"turns":5.0},{"damage":43.0,"enemies":"3 Darklings","floor":37.0,"turns":5.0},{"damage":21.0,"enemies":"Writhing Mass","floor":38.0,"turns":7.0},{"damage":16,"enemies":"Giant Head","floor":41,"turns":7},{"damage":31,"enemies":"Spire Growth","floor":44,"turns":5},{"damage":0,"enemies":"3 Darklings","floor":46,"turns":3},{"damage":0,"enemies":"Transient","floor":47,"turns":5},{"damage":14,"enemies":"Awakened One","floor":50,"turns":14}],"seed_played":"-8010838369089150196","potions_obtained":[{"floor":2.0,"key":"Explosive Potion"},{"floor":8.0,"key":"Weak Potion"},{"floor":14.0,"key":"Strength Potion"},{"floor":16.0,"key":"Energy Potion"},{"floor":19.0,"key":"EntropicBrew"},{"floor":33.0,"key":"FearPotion"},{"floor":37.0,"key":"Strength Potion"},{"floor":44,"key":"FocusPotion"}],"is_trial":false,"path_per_floor":["M","M","$","M","M","?","R","M","T","E","$","R","?","M","R","B",null,"M","?","M","M","M","R","$","M","T","$","?","R","?","T","R","B",null,"M","?","M","M","$","R","E","?","T","M","$","M","M","?","R","B",null],"character_chosen":"DEFECT","items_purchased":["Gash","Hologram+1","Coolheaded+1","Jack Of All Trades+1","White Noise+1","Strawberry","Fission+1"],"campfire_rested":8,"item_purchase_floors":[3,11,24,24,27,39,45],"current_hp_per_floor":[64,60,60,60,47,36,57,57,57,51,51,72,61,56,75,46,68,52,52,51,38,4,27,27,27,27,27,27,50,56,56,80,27,69,64,70,27,14,21,52,38,38,38,9,9,9,11,11,43,29],"gold":68,"neow_bonus":"BOSS_RELIC","is_prod":false,"is_daily":false,"chose_seed":false,"campfire_upgraded":0,"win_rate":0,"timestamp":1552248197,"path_taken":["M","?","?","?","M","?","R","M","T","E","$","R","?","M","R","BOSS","M","?","?","?","M","R","$","M","T","$","?","R","?","?","R","BOSS","M","?","?","M","$","R","E","?","T","M","$","M","?","?","R","BOSS"],"build_version":"2019-01-23","purchased_purges":2,"victory":true,"max_hp_per_floor":[71,71,71,71,71,71,71,71,71,73,73,73,73,75,75,75,75,75,75,77,77,77,77,77,77,77,77,77,77,83,83,83,83,83,85,91,91,99,106,106,108,105,105,107,107,107,109,109,109,109],"card_choices":[{"not_picked":["Streamline","Tempest"],"picked":"Defragment","floor":1.0},{"not_picked":["Streamline","Double Energy"],"picked":"Compile Driver","floor":2.0},{"not_picked":["Fusion","Redo"],"picked":"White Noise","floor":4.0},{"not_picked":["Barrage","Beam Cell"],"picked":"Chill","floor":5.0},{"not_picked":["Turbo","Coolheaded"],"picked":"Chill","floor":8.0},{"not_picked":["Conserve Battery","Fusion","Hyperbeam"],"picked":"Singing Bowl","floor":10.0},{"not_picked":["Conserve Battery+1","Aggregate+1","Leap+1"],"picked":"Singing Bowl","floor":14.0},{"not_picked":["Creative AI","Meteor Strike"],"picked":"Fission+1","floor":16.0},{"not_picked":["Barrage","Tempest+1"],"picked":"Gash","floor":18.0},{"not_picked":["Go for the Eyes","Rebound","Stack+1"],"picked":"Singing Bowl","floor":20.0},{"not_picked":["Barrage","Hologram+1"],"picked":"Genetic Algorithm+1","floor":21.0},{"not_picked":["Ball Lightning","Coolheaded+1"],"picked":"Genetic Algorithm+1","floor":22.0},{"not_picked":["Coolheaded+1","Genetic Algorithm+1"],"picked":"Gash","floor":25.0},{"not_picked":["Buffer","Multi-Cast+1"],"picked":"Amplify+1","floor":33.0},{"not_picked":["Turbo+1","Fusion+1","Go for the Eyes"],"picked":"Singing Bowl","floor":35.0},{"not_picked":["Redo+1","Compile Driver"],"picked":"Leap+1","floor":37.0},{"not_picked":["Ball Lightning+1","Compile Driver","Blizzard+1"],"picked":"Singing Bowl","floor":38.0},{"not_picked":["Lockon","Meteor Strike","Sweeping Beam"],"picked":"Singing Bowl","floor":41},{"not_picked":["Turbo+1","Conserve Battery+1","Self Repair"],"picked":"Singing Bowl","floor":44},{"not_picked":["Steam+1","Rebound"],"picked":"Chill+1","floor":46},{"not_picked":["Darkness+1","Genetic Algorithm+1","Heatsinks"],"picked":"Singing Bowl","floor":47}],"player_experience":665762,"relics_obtained":[{"floor":9.0,"key":"Singing Bowl"},{"floor":10.0,"key":"Toxic Egg 2"},{"floor":26.0,"key":"Darkstone Periapt"},{"floor":31.0,"key":"Smiling Mask"},{"floor":41,"key":"Ornamental Fan"},{"floor":43,"key":"Bag of Preparation"}],"event_choices":[{"damage_healed":0.0,"max_hp_gain":0.0,"max_hp_loss":0.0,"gold_gain":0.0,"event_name":"Scrap Ooze","player_choice":"Success","floor":6.0,"gold_loss":0.0,"damage_taken":11.0,"relics_obtained":["Dead Branch"]},{"damage_healed":0.0,"max_hp_gain":0.0,"max_hp_loss":0.0,"gold_gain":75.0,"event_name":"World of Goop","player_choice":"Gather Gold","floor":13.0,"gold_loss":0.0,"damage_taken":11.0},{"damage_healed":0.0,"max_hp_gain":0.0,"max_hp_loss":0.0,"gold_gain":0.0,"event_name":"The Woman in Blue","player_choice":"Bought 1 Potion","floor":19.0,"gold_loss":0.0,"damage_taken":0.0},{"damage_healed":0.0,"max_hp_gain":0.0,"max_hp_loss":0.0,"gold_gain":0.0,"event_name":"Beggar","player_choice":"Ignored","floor":28.0,"gold_loss":0.0,"damage_taken":0.0},{"damage_healed":0.0,"max_hp_gain":0.0,"max_hp_loss":0.0,"gold_gain":0.0,"event_name":"The Mausoleum","player_choice":"Opened","floor":30.0,"gold_loss":0.0,"damage_taken":0.0,"relics_obtained":["Boot"],"cards_obtained":["Writhe"]},{"damage_healed":0.0,"max_hp_gain":0.0,"max_hp_loss":0.0,"gold_gain":0.0,"event_name":"Accursed Blacksmith","player_choice":"Rummage","floor":36.0,"gold_loss":0.0,"damage_taken":0.0,"relics_obtained":["WarpedTongs"],"cards_obtained":["Pain"]},{"cards_removed":["Parasite"],"damage_healed":0,"gold_gain":0,"player_choice":"Removed Curses","damage_taken":0,"max_hp_gain":0,"max_hp_loss":0,"event_name":"Fountain of Cleansing","floor":42,"gold_loss":0},{"damage_healed":0,"gold_gain":0,"cards_transformed":["Strike_B"],"player_choice":"Transformed","damage_taken":0,"max_hp_gain":0,"max_hp_loss":0,"event_name":"Transmorgrifier","floor":48,"gold_loss":0,"cards_obtained":["Loop"]}],"is_beta":false,"boss_relics":[{"not_picked":["Coffee Dripper","Nuclear Battery"],"picked":"Inserter"},{"not_picked":["Busted Crown","Pandora\u0027s Box"],"picked":"Empty Cage"}],"items_purged_floors":[3,39],"is_endless":false,"potions_floor_spawned":[2,8,14,16,33,37,44],"ascension_level":15}