{"gold_per_floor":[164,109,120,120,120,120,131,145,170,201,17,50,15,32,32,107,107,121,121,321,114,134,134,154,166,166,166,166,116,142,142],"floor_reached":31,"playtime":1350,"items_purged":["Strike_B","Decay"],"score":530,"play_id":"0f212b60-b5dd-4d11-a1e8-547d2279ebb7","local_time":"20190411155823","is_ascension_mode":true,"campfire_choices":[{"data":"Loop","floor":6,"key":"SMITH"},{"floor":15,"key":"REST"},{"floor":23,"key":"REST"},{"floor":28,"key":"REST"}],"neow_cost":"NONE","seed_source_timestamp":163683747778081,"circlet_count":0,"master_deck":["AscendersBane","Strike_B","Strike_B+1","Strike_B","Defend_B","Defend_B","Defend_B+1","Defend_B","Zap+1","Dualcast","Loop+1","Steam","Coolheaded","Melter","Undo","Streamline","Seek","Defragment","Cold Snap","Coolheaded","Capacitor","Echo Form","Rebound","Capacitor","Chill","Cold Snap","Glacier","Gash","Static Discharge"],"relics":["Tiny House","War Paint","Smiling Mask","Art of War","Nuclear Battery","Centennial Puzzle","Ancient Tea Set"],"potions_floor_usage":[4,10,12,14,16,18,30,31,31],"damage_taken":[{"damage":7,"enemies":"Cultist","floor":1,"turns":4},{"damage":4,"enemies":"Small Slimes","floor":3,"turns":4},{"damage":0,"enemies":"2 Louse","floor":4,"turns":1},{"damage":8,"enemies":"Looter","floor":7,"turns":4},{"damage":0,"enemies":"2 Fungi Beasts","floor":8,"turns":5},{"damage":16,"enemies":"Gremlin Nob","floor":10,"turns":4},{"damage":15,"enemies":"3 Sentries","floor":12,"turns":9},{"damage":32,"enemies":"Gremlin Gang","floor":14,"turns":3},{"damage":17,"enemies":"Slime Boss","floor":16,"turns":15},{"damage":23,"enemies":"3 Byrds","floor":18,"turns":4},{"damage":19,"enemies":"Chosen","floor":22,"turns":8},{"damage":21,"enemies":"Snake Plant","floor":24,"turns":6},{"damage":16,"enemies":"Snecko","floor":25,"turns":9},{"damage":11,"enemies":"Book of Stabbing","floor":30,"turns":8},{"damage":28,"enemies":"3 Cultists","floor":31,"turns":4}],"seed_played":"8675984065953707820","potions_obtained":[{"floor":0,"key":"SmokeBomb"},{"floor":3,"key":"Swift Potion"},{"floor":8,"key":"Block Potion"},{"floor":10,"key":"SkillPotion"},{"floor":12,"key":"LiquidBronze"},{"floor":14,"key":"SteroidPotion"},{"floor":16,"key":"LiquidBronze"},{"floor":24,"key":"LiquidBronze"},{"floor":30,"key":"Dexterity Potion"}],"is_trial":false,"path_per_floor":["M","$","M","M","?","R","M","M","T","E","$","E","?","M","R","B",null,"M","?","?","$","M","R","M","M","T","?","R","?","E","M"],"character_chosen":"DEFECT","items_purchased":["Coolheaded","Defragment","Cold Snap","Capacitor","Chill"],"campfire_rested":3,"item_purchase_floors":[2,11,11,21,21],"current_hp_per_floor":[62,62,58,58,58,58,50,50,50,34,34,19,38,6,28,11,60,37,37,37,37,18,40,19,3,3,3,25,25,14,0],"gold":142,"neow_bonus":"BOSS_RELIC","is_prod":false,"is_daily":false,"chose_seed":false,"campfire_upgraded":1,"win_rate":0,"timestamp":1555016303,"path_taken":["M","$","?","M","?","R","M","M","T","E","$","E","?","M","R","BOSS","M","?","?","$","M","R","M","?","T","?","R","?","E","M"],"build_version":"2019-01-23","purchased_purges":2,"victory":false,"max_hp_per_floor":[76,76,76,76,76,76,76,76,76,76,76,76,76,76,76,76,76,76,76,76,76,76,76,76,76,76,76,76,76,76,76],"card_choices":[{"not_picked":["Steam","Sweeping Beam"],"picked":"Loop","floor":0},{"not_picked":["Sweeping Beam","Reprogram"],"picked":"Steam","floor":1},{"not_picked":["Steam","Sweeping Beam"],"picked":"Melter","floor":3},{"not_picked":["Aggregate","Darkness"],"picked":"Undo","floor":7},{"not_picked":["Redo","Conserve Battery"],"picked":"Streamline","floor":8},{"not_picked":["Hologram","Streamline"],"picked":"Seek","floor":10},{"not_picked":["Steam","Barrage"],"picked":"Coolheaded","floor":12},{"not_picked":["Double Energy","Steam"],"picked":"Capacitor","floor":14},{"not_picked":["Creative AI","Thunder Strike"],"picked":"Echo Form","floor":16},{"not_picked":["Darkness","Steam"],"picked":"Rebound","floor":18},{"not_picked":["Steam","Rebound"],"picked":"Cold Snap","floor":22},{"not_picked":["Turbo+1","Melter"],"picked":"Glacier","floor":24},{"not_picked":["Cold Snap","Rip and Tear"],"picked":"Gash","floor":25},{"not_picked":["Thunder Strike","Streamline+1"],"picked":"Static Discharge","floor":30}],"player_experience":913545,"relics_obtained":[{"floor":9,"key":"War Paint"},{"floor":10,"key":"Smiling Mask"},{"floor":12,"key":"Art of War"},{"floor":26,"key":"Centennial Puzzle"},{"floor":30,"key":"Ancient Tea Set"}],"event_choices":[{"damage_healed":0,"gold_gain":0,"player_choice":"Ignored","damage_taken":0,"max_hp_gain":0,"max_hp_loss":0,"event_name":"Shining Light","floor":5,"gold_loss":0},{"damage_healed":19,"gold_gain":0,"player_choice":"Healed","damage_taken":0,"max_hp_gain":0,"max_hp_loss":0,"event_name":"The Cleric","floor":13,"gold_loss":35},{"damage_healed":0,"gold_gain":0,"player_choice":"Smashed Altar","damage_taken":0,"max_hp_gain":0,"max_hp_loss":0,"event_name":"Forgotten Altar","floor":19,"gold_loss":0,"cards_obtained":["Decay"]},{"damage_healed":0,"gold_gain":200,"player_choice":"Gold","damage_taken":0,"max_hp_gain":0,"max_hp_loss":0,"event_name":"Wheel of Change","floor":20,"gold_loss":0},{"damage_healed":0,"gold_gain":0,"player_choice":"Ignored","damage_taken":0,"max_hp_gain":0,"max_hp_loss":0,"event_name":"Ghosts","floor":27,"gold_loss":0},{"damage_healed":0,"gold_gain":0,"player_choice":"Bet on Murderer","damage_taken":0,"max_hp_gain":0,"max_hp_loss":0,"event_name":"The Joust","floor":29,"gold_loss":50}],"is_beta":false,"boss_relics":[{"not_picked":["White Beast Statue","Orrery"],"picked":"Nuclear Battery"}],"items_purged_floors":[11,21],"is_endless":false,"potions_floor_spawned":[3,8,10,12,14,16,24,25,30],"killed_by":"3 Cultists","ascension_level":20}