{"gold_per_floor":[111,127,143,93,103,168,168,168,192,192,42,116,135,160,160,260,260,276,276,250,250,101,136,155,187,213,213,227,243,243,255,255,352,352,362,362,18,18,18,18,18,18,18,18,18,35,35,35,35,35],"floor_reached":51,"playtime":5443,"items_purged":["Strike_B"],"score":696,"play_id":"b9bc8b66-9f1e-41cc-a789-92bfd154d19a","local_time":"20190325223227","is_ascension_mode":true,"campfire_choices":[{"data":"Zap","floor":8,"key":"SMITH"},{"floor":10,"key":"REST"},{"floor":15,"key":"REST"},{"floor":30,"key":"REST"},{"floor":32,"key":"REST"},{"data":"Defragment","floor":40,"key":"SMITH"},{"data":"Thunder Strike","floor":42,"key":"SMITH"},{"data":"Gash","floor":49,"key":"SMITH"}],"neow_cost":"NONE","seed_source_timestamp":959781925228507,"circlet_count":0,"master_deck":["Strike_B+1","Strike_B+1","Defend_B+1","Defend_B+1","Defend_B+1","Defend_B+1","Zap+1","Ball Lightning","BootSequence","Melter","Rebound","Ball Lightning","Rebound","Defragment+1","Consume+1","Gash","Thunder Strike+1","Tempest","Conserve Battery+1","Tempest","Self Repair+1","Hologram","Capacitor+1","Biased Cognition","Gash","Leap","Gash+1","Stack","Loop","Conserve Battery+1"],"relics":["Black Star","Lantern","Tiny Chest","Juzu Bracelet","Orichalcum","Bag of Preparation","Velvet Choker","War Paint","Bag of Marbles","Pear","Dodecahedron","DataDisk","Orrery","Question Card","Frozen Egg 2","Thread and Needle","Centennial Puzzle","The Courier","Bronze Scales"],"potions_floor_usage":[6,16,23,23,23,25,29,33,37,50],"damage_taken":[{"damage":0,"enemies":"Small Slimes","floor":1,"turns":3},{"damage":6,"enemies":"Jaw Worm","floor":2,"turns":3},{"damage":0,"enemies":"2 Louse","floor":3,"turns":2},{"damage":0,"enemies":"Looter","floor":5,"turns":4},{"damage":39,"enemies":"3 Sentries","floor":6,"turns":8},{"damage":8,"enemies":"Exordium Wildlife","floor":13,"turns":4},{"damage":27,"enemies":"Gremlin Nob","floor":14,"turns":4},{"damage":19,"enemies":"The Guardian","floor":16,"turns":9},{"damage":15,"enemies":"2 Thieves","floor":18,"turns":4},{"damage":25,"enemies":"Book of Stabbing","floor":23,"turns":4},{"damage":0,"enemies":"Chosen","floor":24,"turns":3},{"damage":22,"enemies":"Slavers","floor":25,"turns":4},{"damage":7,"enemies":"Snecko","floor":28,"turns":3},{"damage":2,"enemies":"Centurion and Healer","floor":29,"turns":6},{"damage":24,"enemies":"Snake Plant","floor":31,"turns":4},{"damage":56,"enemies":"Automaton","floor":33,"turns":8},{"damage":3,"enemies":"3 Shapes","floor":35,"turns":3},{"damage":3,"enemies":"Orb Walker","floor":46,"turns":3},{"damage":78,"enemies":"Time Eater","floor":50,"turns":10}],"seed_played":"5716959588306225701","potions_obtained":[{"floor":2,"key":"SneckoOil"},{"floor":3,"key":"SpeedPotion"},{"floor":24,"key":"FocusPotion"},{"floor":28,"key":"Block Potion"},{"floor":31,"key":"GamblersBrew"},{"floor":46,"key":"SpeedPotion"}],"is_trial":false,"path_per_floor":["M","M","M","?","M","E","?","R","T","R","$","?","M","E","R","B",null,"M","?","$","?","$","E","M","E","T","?","M","M","R","M","R","B",null,"M","?","$","T","$","R","?","R","T","T","?","M","T","T","R","B",null],"character_chosen":"DEFECT","items_purchased":["Defragment","Conserve Battery","Fire Potion","Energy Potion","PowerPotion","Question Card","Fruit Juice"],"campfire_rested":4,"item_purchase_floors":[11,20,22,22,22,37,37],"current_hp_per_floor":[75,69,69,69,69,30,30,30,30,52,52,52,44,17,39,20,75,60,60,60,60,60,35,35,23,23,23,26,34,59,45,70,24,85,85,85,90,90,90,90,90,90,90,90,90,87,87,87,87,9],"gold":35,"neow_bonus":"BOSS_RELIC","is_prod":false,"is_daily":false,"chose_seed":false,"campfire_upgraded":4,"win_rate":0,"timestamp":1553578347,"path_taken":["M","M","M","?","M","E","?","R","T","R","$","?","M","E","R","BOSS","M","?","$","?","$","E","M","E","T","?","M","M","R","M","R","BOSS","M","?","$","?","?","R","?","R","T","?","?","M","?","?","R","BOSS"],"build_version":"2019-01-23","purchased_purges":1,"victory":true,"max_hp_per_floor":[75,75,75,75,75,75,75,75,75,75,75,75,75,75,75,75,75,75,75,75,75,75,75,75,85,85,85,85,85,85,85,85,85,85,85,85,90,90,90,90,90,90,90,90,90,90,90,90,90,90],"card_choices":[{"not_picked":["Turbo","Darkness"],"picked":"Ball Lightning","floor":1},{"not_picked":["Darkness","Beam Cell"],"picked":"BootSequence","floor":2},{"not_picked":["Steam Power","Barrage"],"picked":"Melter","floor":3},{"not_picked":["Leap","Go for the Eyes"],"picked":"Rebound","floor":5},{"not_picked":["Redo","Undo"],"picked":"Ball Lightning","floor":6},{"not_picked":["All For One","Sweeping Beam"],"picked":"Consume","floor":13},{"not_picked":["Self Repair","Sweeping Beam"],"picked":"Gash","floor":14},{"not_picked":["Reboot","Rainbow"],"picked":"Thunder Strike","floor":16},{"not_picked":["Coolheaded+1","Skim"],"picked":"Tempest","floor":18},{"not_picked":["Hologram","Recycle","Redo"],"picked":"SKIP","floor":23},{"not_picked":["Beam Cell","Ball Lightning+1"],"picked":"Tempest","floor":24},{"not_picked":["Genetic Algorithm+1","Doom and Gloom+1"],"picked":"Self Repair+1","floor":25},{"not_picked":["Redo","Cold Snap","Reprogram"],"picked":"SKIP","floor":28},{"not_picked":["Sweeping Beam","Stack"],"picked":"Hologram","floor":29},{"not_picked":["Lockon+1","Undo"],"picked":"Capacitor+1","floor":31},{"not_picked":["Machine Learning","Hyperbeam"],"picked":"Biased Cognition","floor":33},{"not_picked":["Leap","Streamline"],"picked":"Gash","floor":34},{"not_picked":["Force Field","Streamline"],"picked":"Leap","floor":34},{"not_picked":["Rebound","Leap"],"picked":"Gash","floor":34},{"not_picked":["Redo","Go for the Eyes+1"],"picked":"Stack","floor":34},{"not_picked":["Steam+1","Doom and Gloom"],"picked":"Loop","floor":34},{"not_picked":["Sweeping Beam+1","Rip and Tear+1","Rebound"],"picked":"SKIP","floor":35},{"not_picked":["Sweeping Beam+1","Compile Driver","Go for the Eyes+1"],"picked":"Conserve Battery+1","floor":46}],"player_experience":234502,"relics_obtained":[{"floor":6,"key":"Lantern"},{"floor":6,"key":"Tiny Chest"},{"floor":9,"key":"Juzu Bracelet"},{"floor":14,"key":"Orichalcum"},{"floor":14,"key":"Bag of Preparation"},{"floor":23,"key":"War Paint"},{"floor":23,"key":"Bag of Marbles"},{"floor":25,"key":"Pear"},{"floor":25,"key":"Dodecahedron"},{"floor":26,"key":"DataDisk"},{"floor":38,"key":"Frozen Egg 2"},{"floor":43,"key":"Thread and Needle"},{"floor":44,"key":"Centennial Puzzle"},{"floor":47,"key":"The Courier"},{"floor":48,"key":"Bronze Scales"}],"event_choices":[{"cards_removed":["Dualcast"],"damage_healed":0,"gold_gain":0,"player_choice":"Card Removal","damage_taken":0,"max_hp_gain":0,"max_hp_loss":0,"event_name":"The Cleric","floor":4,"gold_loss":50},{"damage_healed":0,"gold_gain":0,"cards_transformed":["Strike_B"],"player_choice":"Change","damage_taken":0,"max_hp_gain":0,"max_hp_loss":0,"event_name":"Living Wall","floor":7,"gold_loss":0,"cards_obtained":["Rebound"]},{"damage_healed":0,"gold_gain":74,"player_choice":"Gained Gold","damage_taken":0,"max_hp_gain":0,"max_hp_loss":0,"event_name":"Golden Wing","floor":12,"gold_loss":0},{"damage_healed":0,"gold_gain":0,"player_choice":"Simplicity","damage_taken":0,"max_hp_gain":0,"max_hp_loss":0,"event_name":"Back to Basics","floor":19,"gold_loss":0,"cards_upgraded":["Strike_B","Strike_B","Defend_B","Defend_B","Defend_B","Defend_B"]},{"damage_healed":0,"gold_gain":0,"player_choice":"Ignored","damage_taken":0,"max_hp_gain":0,"max_hp_loss":0,"event_name":"Vampires","floor":21,"gold_loss":0},{"damage_healed":0,"gold_gain":0,"player_choice":"Smashed Altar","damage_taken":0,"max_hp_gain":0,"max_hp_loss":0,"event_name":"Forgotten Altar","floor":27,"gold_loss":0,"cards_obtained":["Decay"]},{"damage_healed":0,"gold_gain":0,"player_choice":"Memory 1","damage_taken":0,"max_hp_gain":0,"max_hp_loss":0,"event_name":"SensoryStone","floor":36,"gold_loss":0},{"cards_removed":["Decay"],"damage_healed":0,"gold_gain":0,"player_choice":"Removed Curses","damage_taken":0,"max_hp_gain":0,"max_hp_loss":0,"event_name":"Fountain of Cleansing","floor":41,"gold_loss":0},{"damage_healed":0,"gold_gain":0,"player_choice":"Ignored","damage_taken":0,"max_hp_gain":0,"max_hp_loss":0,"event_name":"Mysterious Sphere","floor":45,"gold_loss":0}],"is_beta":false,"boss_relics":[{"not_picked":["Calling Bell","Tiny House"],"picked":"Velvet Choker"},{"not_picked":["Philosopher\u0027s Stone","Eternal Feather"],"picked":"Orrery"}],"items_purged_floors":[11],"is_endless":false,"potions_floor_spawned":[2,3,24,28,31,46],"ascension_level":1}