{"gold_per_floor":[114,289,289,289,214,228,263,30,30,57,57,82,82,82],"floor_reached":14,"playtime":459,"items_purged":["Strike_B"],"score":140,"play_id":"979b42b6-9415-4eaa-8834-aee7872ccaca","local_time":"20180708022412","is_ascension_mode":true,"campfire_choices":[{"data":"Zap","floor":11,"key":"SMITH"}],"neow_cost":"NONE","seed_source_timestamp":625255437897164,"circlet_count":0,"master_deck":["Strike_B","Strike_B","Strike_B","Defend_B","Defend_B","Defend_B","Defend_B","Zap+1","Dualcast","Go for the Eyes","Conserve Battery","Ball Lightning","Loop","BootSequence","Lockon"],"relics":["Philosopher\u0027s Stone","Lantern","Vajra","DataDisk","Cables","Juzu Bracelet","Smiling Mask"],"potions_floor_usage":[10,12],"damage_taken":[{"damage":0,"enemies":"2 Louse","floor":1,"turns":2},{"damage":0,"enemies":"Jaw Worm","floor":6,"turns":3},{"damage":29,"enemies":"3 Sentries","floor":7,"turns":9},{"damage":13,"enemies":"Gremlin Nob","floor":10,"turns":3},{"damage":13,"enemies":"Lagavulin","floor":12,"turns":5},{"damage":24,"enemies":"Lagavulin Event","floor":14,"turns":3}],"seed_played":"357930555360487050","potions_obtained":[{"floor":7,"key":"Regen Potion"},{"floor":10,"key":"Strength Potion"}],"is_trial":false,"path_per_floor":["M","?","?","?","$","M","E","$","T","E","R","E","?"],"character_chosen":"DEFECT","items_purchased":["DataDisk","Loop"],"campfire_rested":0,"item_purchase_floors":[8,8],"current_hp_per_floor":[68,68,61,58,58,58,29,29,29,25,25,12,17,0],"gold":82,"neow_bonus":"BOSS_RELIC","is_prod":false,"is_daily":false,"chose_seed":false,"campfire_upgraded":1,"win_rate":0,"timestamp":1531041852,"path_taken":["M","?","?","?","$","M","E","?","T","E","R","E","?","?"],"build_version":"2018-07-05","purchased_purges":1,"victory":false,"max_hp_per_floor":[75,75,75,75,75,75,75,75,75,75,75,75,80,80],"card_choices":[{"not_picked":["Double Energy","Reprogram"],"picked":"Go for the Eyes","floor":1},{"not_picked":["Beam Cell","Loop"],"picked":"Conserve Battery","floor":6},{"not_picked":["Multi-Cast","White Noise"],"picked":"Ball Lightning","floor":7},{"not_picked":["Reboot","Redo"],"picked":"BootSequence","floor":10},{"not_picked":["Barrage","Rebound"],"picked":"Lockon","floor":12}],"player_experience":273498,"relics_obtained":[{"floor":7,"key":"Vajra"},{"floor":9,"key":"Cables"},{"floor":10,"key":"Juzu Bracelet"},{"floor":12,"key":"Smiling Mask"}],"event_choices":[{"event_name":"Liars Game","player_choice":"agreed","floor":2,"damage_taken":0},{"event_name":"Golden Wing","player_choice":"Card Removal","floor":3,"damage_taken":0},{"event_name":"Scrap Ooze","player_choice":"success","floor":4,"damage_taken":3},{"event_name":"Big Fish","player_choice":"Donut","floor":13,"damage_taken":0},{"event_name":"Dead Adventurer","player_choice":"Searched \u00272\u0027 times","floor":14,"damage_taken":0}],"boss_relics":[],"items_purged_floors":[5],"is_endless":false,"potions_floor_spawned":[7,10],"killed_by":"Lagavulin Event","ascension_level":7}