{"path_per_floor":["M","M","?","M","?","E","R","?","T","$","R","M","M","?","R","B",null,"M","?","?","M","T","R","M","M","T","$","M"],"character_chosen":"THE_SILENT","items_purchased":["Catalyst","Ancient Tea Set","Well Laid Plans"],"gold_per_floor":[218,232,232,242,242,267,267,217,243,98,98,114,131,131,131,233,233,243,243,443,458,510,510,520,539,620,293,309],"floor_reached":29,"campfire_rested":4,"playtime":1407,"current_hp_per_floor":[69,58,58,61,61,31,52,52,52,52,70,61,54,54,70,26,70,57,57,57,34,34,55,38,29,29,29,13],"items_purged":["Strike_G","Terror"],"gold":309,"score":225,"play_id":"916f0fec-14c0-40d0-beb4-8e8ef4d57334","is_prod":false,"is_daily":false,"is_ascension_mode":false,"campfire_upgraded":0,"path_taken":["M","M","?","M","?","E","R","?","T","?","R","M","?","?","R","BOSS","M","?","?","M","?","R","M","M","T","$","M","M"],"build_version":"2018-02-22-PROD2","purchased_purges":2,"victory":false,"master_deck":["Defend_G","Defend_G+1","Defend_G+1","Strike_G","Strike_G","Survivor","Neutralize","Outmaneuver","Blade Dance","Slice","Catalyst","After Image","Bouncing Flask+1","Sucker Punch+1","Reflex+1","Flying Knee","Catalyst","Well Laid Plans+1","Backstab"],"max_hp_per_floor":[70,70,70,70,70,70,70,70,70,70,70,70,70,70,70,70,70,70,70,70,70,70,70,70,70,70,70,70],"relics":["Ring of the Snake","War Paint","Prayer Wheel","Astrolabe","Snake Skull","Frozen Egg 2","Ancient Tea Set"],"card_choices":[{"not_picked":["Endless Agony","Quick Slash"],"picked":"Outmaneuver"},{"not_picked":["Underhanded Strike","Night Terror"],"picked":"Blade Dance"},{"not_picked":["Flechettes","Dagger Spray"],"picked":"Slice"},{"not_picked":["Sucker Punch","Deadly Poison"],"picked":"Terror"},{"not_picked":["Unload","Wraith Form"],"picked":"After Image"},{"not_picked":["Underhanded Strike","Choke"],"picked":"Reflex"},{"not_picked":["Deflect","Dagger Spray"],"picked":"Flying Knee"},{"not_picked":["Skewer","Distraction"],"picked":"Catalyst"},{"not_picked":["PiercingWail","Underhanded Strike"],"picked":"Backstab"}],"player_experience":34039,"potions_floor_usage":[4,6,13,16,16,16,24],"damage_taken":[{"damage":1,"enemies":"2 Louse","floor":1,"turns":2},{"damage":11,"enemies":"Jaw Worm","floor":2,"turns":4},{"damage":6,"enemies":"Cultist","floor":4,"turns":4},{"damage":30,"enemies":"Gremlin Nob","floor":6,"turns":5},{"damage":9,"enemies":"3 Louse","floor":12,"turns":4},{"damage":7,"enemies":"Exordium Thugs","floor":13,"turns":6},{"damage":44,"enemies":"The Guardian","floor":16,"turns":18},{"damage":13,"enemies":"Shell Parasite","floor":18,"turns":4},{"damage":23,"enemies":"3 Byrds","floor":21,"turns":5},{"damage":23,"enemies":"Snecko","floor":24,"turns":5},{"damage":9,"enemies":"Snake Plant","floor":25,"turns":3},{"damage":16,"enemies":"Centurion and Healer","floor":28,"turns":6},{"damage":19,"enemies":"Slaver and Parasite","floor":29,"turns":2}],"event_choices":[{"event_name":"Shining Light","player_choice":"Ignored","floor":3,"damage_taken":0},{"event_name":"The Lab","player_choice":"Got Potions","floor":5,"damage_taken":0},{"event_name":"The Cleric","player_choice":"Card Removal","floor":8,"damage_taken":0},{"event_name":"Golden Wing","player_choice":"Ignored","floor":14,"damage_taken":0},{"event_name":"Back to Basics","player_choice":"Elegance","floor":19,"damage_taken":0},{"event_name":"Wheel of Change","player_choice":"Gold","floor":20,"damage_taken":0}],"boss_relics":[{"not_picked":["Velvet Choker","Runic Dome"],"picked":"Astrolabe"}],"potions_floor_spawned":[2,4,12,13,21],"seed_played":"-3198703497405278302","killed_by":"Slaver and Parasite","ascension_level":0,"is_trial":false}