{"gold_per_floor":[113,113,24,37,37,68,68,68,68,68,68,68,102,118,118,221,221,237,247,247],"floor_reached":20,"playtime":749,"items_purged":[],"score":277,"play_id":"15b0f30d-8180-46f0-975a-93c9c96201ff","local_time":"20190224201142","is_ascension_mode":true,"campfire_choices":[{"data":"Loop","floor":7,"key":"SMITH"},{"data":"Zap","floor":11,"key":"SMITH"},{"floor":15,"key":"REST"}],"neow_cost":"NONE","seed_source_timestamp":588180696972732,"circlet_count":0,"master_deck":["Strike_B","Strike_B","Strike_B","Strike_B","Defend_B","Defend_B","Defend_B","Defend_B","Zap+1","Dualcast","Compile Driver","Loop+1","Leap","Cold Snap","Steam Power","Defragment","Machine Learning","Conserve Battery+1","Leap"],"relics":["FrozenCore","NeowsBlessing","Bag of Preparation","Matryoshka","Blue Candle","Cables"],"potions_floor_usage":[],"damage_taken":[{"damage":0,"enemies":"Jaw Worm","floor":1,"turns":1},{"damage":0,"enemies":"Cultist","floor":4,"turns":1},{"damage":0,"enemies":"Gremlin Nob","floor":6,"turns":1},{"damage":32,"enemies":"Lagavulin","floor":13,"turns":6},{"damage":5,"enemies":"Small Slimes","floor":14,"turns":3},{"damage":21,"enemies":"The Guardian","floor":16,"turns":16},{"damage":3,"enemies":"Chosen","floor":18,"turns":6},{"damage":12,"enemies":"3 Byrds","floor":19,"turns":8},{"damage":11,"enemies":"Centurion and Healer","floor":20,"turns":6}],"seed_played":"-5247259637274116937","potions_obtained":[{"floor":14,"key":"SteroidPotion"},{"floor":19,"key":"Dexterity Potion"}],"is_trial":false,"path_per_floor":["M","?","$","M","$","E","R","$","T","?","R","?","E","M","R","B",null,"M","M","M"],"character_chosen":"DEFECT","items_purchased":["Loop","Leap"],"campfire_rested":1,"item_purchase_floors":[3,3],"current_hp_per_floor":[68,75,75,75,75,75,75,75,75,63,63,75,43,38,60,39,66,63,51,40],"gold":247,"neow_bonus":"THREE_ENEMY_KILL","is_prod":false,"is_daily":false,"chose_seed":false,"campfire_upgraded":2,"win_rate":0,"timestamp":1551060702,"path_taken":["M","?","$","?","$","E","R","?","T","?","R","?","E","M","R","BOSS","M","M","M"],"build_version":"2019-01-23","purchased_purges":0,"victory":false,"max_hp_per_floor":[75,75,75,75,75,75,75,75,75,75,75,75,75,75,75,75,75,75,75,75],"card_choices":[{"not_picked":["Streamline","Beam Cell"],"picked":"Compile Driver","floor":1},{"not_picked":["Streamline","Sunder"],"picked":"Scrape","floor":4},{"not_picked":["Compile Driver","Consume"],"picked":"Cold Snap","floor":6},{"not_picked":["Compile Driver","Darkness"],"picked":"Steam Power","floor":13},{"not_picked":["Go for the Eyes","Hologram"],"picked":"Defragment","floor":14},{"not_picked":["All For One","Core Surge"],"picked":"Machine Learning","floor":16},{"not_picked":["Gash","Scrape"],"picked":"Conserve Battery+1","floor":18},{"not_picked":["Barrage","Hologram"],"picked":"Leap","floor":19}],"player_experience":559552,"relics_obtained":[{"floor":6,"key":"Bag of Preparation"},{"floor":9,"key":"Matryoshka"},{"floor":13,"key":"Cables"}],"event_choices":[{"damage_healed":7,"gold_gain":0,"player_choice":"Full Heal","damage_taken":0,"max_hp_gain":0,"max_hp_loss":0,"event_name":"Wheel of Change","floor":2,"gold_loss":0},{"damage_healed":0,"gold_gain":0,"player_choice":"Success","damage_taken":12,"relics_obtained":["Blue Candle"],"max_hp_gain":0,"max_hp_loss":0,"event_name":"Scrap Ooze","floor":10,"gold_loss":0},{"cards_removed":["Scrape"],"damage_healed":12,"gold_gain":0,"player_choice":"Offered Uncommon","damage_taken":0,"max_hp_gain":0,"max_hp_loss":0,"event_name":"Bonfire Elementals","floor":12,"gold_loss":0}],"is_beta":false,"boss_relics":[{"not_picked":["Busted Crown","Cursed Key"],"picked":"FrozenCore"}],"items_purged_floors":[],"is_endless":false,"potions_floor_spawned":[14,19],"killed_by":"Centurion and Healer","ascension_level":7}