{"gold_per_floor":[115,129,141,88,88,88,38,38,38,62,144,144],"floor_reached":12,"playtime":538,"items_purged":[],"score":82,"play_id":"0ec8ffe0-a7c8-4ce2-bb2d-697a2db9fa8c","local_time":"20190223165405","is_ascension_mode":true,"campfire_choices":[{"data":"Blur","floor":6.0,"key":"SMITH"},{"data":"Survivor","floor":8.0,"key":"SMITH"}],"neow_cost":"NONE","seed_source_timestamp":0,"circlet_count":0,"master_deck":["Defend_G","Defend_G","Defend_G","Defend_G","Strike_G","Strike_G","Strike_G","Strike_G","Strike_G","Survivor+1","Neutralize","Expertise","Escape Plan","Blur+1","Acrobatics","Underhanded Strike"],"special_seed":0,"relics":["Lizard Tail","Golden Idol","PreservedInsect","Mummified Hand"],"potions_floor_usage":[12],"damage_taken":[{"damage":2.0,"enemies":"Jaw Worm","floor":1.0,"turns":5.0},{"damage":0.0,"enemies":"Small Slimes","floor":2.0,"turns":3.0},{"damage":3.0,"enemies":"2 Louse","floor":3.0,"turns":4.0},{"damage":0.0,"enemies":"2 Fungi Beasts","floor":10.0,"turns":5.0},{"damage":0,"enemies":"Lagavulin","floor":12,"turns":1}],"seed_played":"-6659246668260619230","potions_obtained":[{"floor":3.0,"key":"SkillPotion"}],"is_trial":false,"path_per_floor":["M","M","M","$","?","R","?","R","T","M","T","E"],"character_chosen":"THE_SILENT","items_purchased":["Acrobatics"],"campfire_rested":0,"item_purchase_floors":[4],"current_hp_per_floor":[68,68,65,65,65,65,65,65,65,65,65,65],"gold":144,"neow_bonus":"BOSS_RELIC","is_prod":false,"is_daily":false,"chose_seed":false,"campfire_upgraded":2,"win_rate":0,"timestamp":1550962445,"path_taken":["M","M","M","$","?","R","?","R","T","M","?","E"],"build_version":"2019-01-23","purchased_purges":0,"victory":false,"max_hp_per_floor":[70,70,70,70,65,65,65,65,65,65,65,65],"card_choices":[{"not_picked":["Bane","PiercingWail"],"picked":"Expertise","floor":1.0},{"not_picked":["Flying Knee","Bane"],"picked":"Escape Plan","floor":2.0},{"not_picked":["Deflect","Well Laid Plans"],"picked":"Blur","floor":3.0},{"not_picked":["Poisoned Stab","Backflip"],"picked":"Underhanded Strike","floor":10.0}],"player_experience":547304,"relics_obtained":[{"floor":9.0,"key":"PreservedInsect"},{"floor":11.0,"key":"Mummified Hand"}],"event_choices":[{"damage_healed":0.0,"max_hp_gain":0.0,"max_hp_loss":5.0,"gold_gain":0.0,"event_name":"Golden Idol","player_choice":"Lose Max HP","floor":5.0,"gold_loss":0.0,"damage_taken":0.0,"relics_obtained":["Golden Idol"]},{"cards_removed":["Defend_G"],"damage_healed":0.0,"max_hp_gain":0.0,"max_hp_loss":0.0,"gold_gain":0.0,"event_name":"The Cleric","player_choice":"Card Removal","floor":7.0,"gold_loss":50.0,"damage_taken":0.0}],"is_beta":false,"boss_relics":[],"items_purged_floors":[],"is_endless":false,"potions_floor_spawned":[3],"killed_by":"Lagavulin","ascension_level":4}