{"gold_per_floor":[109,184,196,196,213,213,313,369,369,369,369,20,34,34,34,130,130,150,75,75,75,92,92],"floor_reached":23,"playtime":903,"items_purged":["Battle Trance"],"score":231,"play_id":"309fa5a7-bf48-41e1-b26b-1ed132f94916","local_time":"20181022224945","is_ascension_mode":true,"campfire_choices":[{"data":"Perfected Strike","floor":6,"key":"SMITH"},{"data":"Infernal Blade","floor":11,"key":"SMITH"},{"data":"Bash","floor":15,"key":"SMITH"}],"neow_cost":"NONE","seed_source_timestamp":80677014109760,"circlet_count":0,"master_deck":["Defend_R","Defend_R","Defend_R","Bash+1","Perfected Strike+1","Infernal Blade+1","Reboot","Bite","Bite","Bite","Bite","Bite"],"relics":["Black Blood","NeowsBlessing","Matryoshka","Tiny Chest","Bag of Preparation","Centennial Puzzle","PrismaticShard","Orichalcum"],"potions_floor_usage":[8,8,16],"damage_taken":[{"damage":0,"enemies":"2 Louse","floor":1,"turns":1},{"damage":0,"enemies":"Cultist","floor":3,"turns":1},{"damage":0,"enemies":"Small Slimes","floor":5,"turns":1},{"damage":14,"enemies":"Lagavulin","floor":8,"turns":5},{"damage":1,"enemies":"Exordium Wildlife","floor":13,"turns":2},{"damage":54,"enemies":"The Guardian","floor":16,"turns":9},{"damage":21,"enemies":"Shell Parasite","floor":18,"turns":3},{"damage":38,"enemies":"Chosen","floor":22,"turns":6},{"damage":0,"enemies":"Gremlin Leader","floor":23,"turns":1}],"seed_played":"-1360152038467711062","potions_obtained":[{"floor":1,"key":"AttackPotion"},{"floor":3,"key":"Block Potion"},{"floor":13,"key":"FearPotion"},{"floor":18,"key":"GamblersBrew"},{"floor":22,"key":"BloodPotion"}],"is_trial":false,"path_per_floor":["M","?","M","T","M","R","?","E","T","?","R","$","M","?","R","B",null,"M","$","?","$","M"],"character_chosen":"IRONCLAD","items_purchased":["PrismaticShard","Orichalcum"],"campfire_rested":0,"item_purchase_floors":[12,12],"current_hp_per_floor":[80,72,78,78,80,80,80,72,72,72,72,72,77,82,82,34,85,74,74,59,59,45,45],"gold":92,"neow_bonus":"THREE_ENEMY_KILL","is_prod":false,"is_daily":false,"chose_seed":false,"campfire_upgraded":3,"win_rate":0,"timestamp":1540266585,"path_taken":["M","?","M","?","?","R","?","E","T","?","R","$","M","?","R","BOSS","M","$","?","$","M","E"],"build_version":"2018-10-18","purchased_purges":1,"victory":false,"max_hp_per_floor":[80,80,80,80,80,80,80,80,80,80,80,80,80,85,85,85,85,85,85,59,59,59,59],"card_choices":[{"not_picked":["Metallicize","Anger"],"picked":"Battle Trance","floor":1},{"not_picked":["Wild Strike","Thunderclap"],"picked":"Perfected Strike","floor":3},{"not_picked":["Heavy Blade","Havoc"],"picked":"Infernal Blade","floor":5},{"not_picked":["Evolve","Anger","Cleave"],"picked":"SKIP","floor":8},{"not_picked":["Dodge and Roll","Dual Wield","Go for the Eyes"],"picked":"SKIP","floor":13},{"not_picked":["Sadistic Nature","Night Terror"],"picked":"Reboot","floor":16},{"not_picked":["Darkness","Cloak And Dagger","Glacier+1"],"picked":"SKIP","floor":18},{"not_picked":["Thunderclap","Battle Trance","Cloak And Dagger"],"picked":"SKIP","floor":22}],"player_experience":168243,"relics_obtained":[{"floor":4,"key":"Matryoshka"},{"floor":8,"key":"Tiny Chest"},{"floor":9,"key":"Bag of Preparation"},{"floor":9,"key":"Centennial Puzzle"}],"event_choices":[{"damage_healed":0,"gold_gain":75,"player_choice":"Touch","damage_taken":8,"max_hp_gain":0,"max_hp_loss":0,"event_name":"FaceTrader","floor":2,"gold_loss":0},{"damage_healed":0,"gold_gain":100,"player_choice":"Pray","damage_taken":0,"max_hp_gain":0,"max_hp_loss":0,"event_name":"Golden Shrine","floor":7,"gold_loss":0},{"cards_removed":["Defend_R"],"damage_healed":0,"gold_gain":0,"player_choice":"Forget","damage_taken":0,"max_hp_gain":0,"max_hp_loss":0,"event_name":"Living Wall","floor":10,"gold_loss":0},{"damage_healed":0,"gold_gain":0,"player_choice":"Donut","damage_taken":0,"max_hp_gain":5,"max_hp_loss":0,"event_name":"Big Fish","floor":14,"gold_loss":0},{"damage_healed":0,"gold_gain":0,"player_choice":"Became a vampire","damage_taken":0,"max_hp_gain":0,"max_hp_loss":26,"event_name":"Vampires","floor":20,"gold_loss":0,"cards_obtained":["Bite","Bite","Bite","Bite","Bite"]}],"is_beta":false,"boss_relics":[{"not_picked":["Eternal Feather","Philosopher\u0027s Stone"],"picked":"Black Blood"}],"items_purged_floors":[19],"is_endless":false,"potions_floor_spawned":[1,3,13,18,22],"killed_by":"Gremlin Leader","ascension_level":2}