{"gold_per_floor":[110,110,110,128,128,128,159,171,171,197,197,213,247,267,267,267],"floor_reached":16,"playtime":1114,"items_purged":[],"score":177,"play_id":"df4b5ff4-ca3c-4f25-8033-62cbb5c29744","local_time":"20190130122954","is_ascension_mode":true,"campfire_choices":[{"floor":6,"key":"REST"},{"floor":11,"key":"REST"},{"floor":15,"key":"REST"}],"neow_cost":"NONE","seed_source_timestamp":79180094778041,"circlet_count":0,"master_deck":["Strike_B","Strike_B","Strike_B","Strike_B+1","Defend_B+1","Defend_B","Defend_B","Defend_B","Zap","Dualcast","Go for the Eyes","FTL","Steam Power","Go for the Eyes+1","Steam Power","Defragment","Gash+1"],"relics":["Cracked Core","NeowsBlessing","Matryoshka","Pear","Orichalcum","Mummified Hand","Molten Egg 2","Strawberry"],"potions_floor_usage":[],"damage_taken":[{"damage":0,"enemies":"Small Slimes","floor":1,"turns":1},{"damage":0,"enemies":"2 Louse","floor":4,"turns":1},{"damage":0,"enemies":"3 Sentries","floor":7,"turns":1},{"damage":6,"enemies":"Jaw Worm","floor":8,"turns":3},{"damage":33,"enemies":"Lagavulin","floor":10,"turns":8},{"damage":11,"enemies":"Gremlin Gang","floor":12,"turns":4},{"damage":25,"enemies":"3 Sentries","floor":13,"turns":7},{"damage":13,"enemies":"Exordium Wildlife","floor":14,"turns":4},{"damage":58,"enemies":"The Guardian","floor":16,"turns":9}],"seed_played":"-1346178644258117645","potions_obtained":[{"floor":1,"key":"Fire Potion"},{"floor":12,"key":"Strength Potion"},{"floor":13,"key":"PowerPotion"},{"floor":14,"key":"LiquidBronze"}],"is_trial":false,"path_per_floor":["M","?","?","M","?","R","E","M","T","E","R","M","E","M","R","B"],"character_chosen":"DEFECT","items_purchased":[],"campfire_rested":3,"item_purchase_floors":[],"current_hp_per_floor":[75,75,60,60,53,75,85,79,79,46,71,60,42,29,56,0],"gold":267,"neow_bonus":"THREE_ENEMY_KILL","is_prod":false,"is_daily":false,"chose_seed":false,"campfire_upgraded":0,"win_rate":0,"timestamp":1548872994,"path_taken":["M","?","?","M","?","R","E","M","T","E","R","?","E","?","R","BOSS"],"build_version":"2019-01-23","purchased_purges":0,"victory":false,"max_hp_per_floor":[75,75,75,75,75,75,85,85,85,85,85,85,92,92,92,92],"card_choices":[{"not_picked":["Double Energy","Coolheaded","Turbo"],"picked":"SKIP","floor":1},{"not_picked":["Melter","Capacitor"],"picked":"Go for the Eyes","floor":4},{"not_picked":["Darkness","Beam Cell"],"picked":"FTL","floor":7},{"not_picked":["Chill","Conserve Battery"],"picked":"Steam Power","floor":8},{"not_picked":["Compile Driver","White Noise"],"picked":"Go for the Eyes","floor":10},{"not_picked":["Stack","Rip and Tear+1"],"picked":"Steam Power","floor":12},{"not_picked":["Conserve Battery","Tempest"],"picked":"Defragment","floor":13},{"not_picked":["Self Repair","Hello World"],"picked":"Gash+1","floor":14}],"player_experience":418470,"relics_obtained":[{"floor":7,"key":"Pear"},{"floor":9,"key":"Orichalcum"},{"floor":9,"key":"Mummified Hand"},{"floor":10,"key":"Molten Egg 2"},{"floor":13,"key":"Strawberry"}],"event_choices":[{"damage_healed":0,"gold_gain":0,"player_choice":"Box","damage_taken":0,"relics_obtained":["Matryoshka"],"max_hp_gain":0,"max_hp_loss":0,"event_name":"Big Fish","floor":2,"gold_loss":0,"cards_obtained":["Regret"]},{"damage_healed":0,"gold_gain":0,"player_choice":"Entered Light","damage_taken":15,"max_hp_gain":0,"max_hp_loss":0,"event_name":"Shining Light","floor":3,"gold_loss":0,"cards_upgraded":["Defend_B","Strike_B"]},{"cards_removed":["Regret"],"damage_healed":0,"gold_gain":0,"player_choice":"Card Removal","damage_taken":7,"max_hp_gain":0,"max_hp_loss":0,"event_name":"Golden Wing","floor":5,"gold_loss":0}],"is_beta":false,"boss_relics":[],"items_purged_floors":[],"is_endless":false,"potions_floor_spawned":[1,12,13,14],"killed_by":"The Guardian","ascension_level":1}