{"gold_per_floor":[109,24,24,42,52,52,52,52,75,75,75,101,42,57,57,134,134,150,150,150,169,9,9],"floor_reached":23,"playtime":649,"items_purged":[],"score":337,"play_id":"f25fd0fb-11e9-411f-9fc3-5f180681bbbd","local_time":"20190314222921","is_ascension_mode":true,"campfire_choices":[{"data":"Hello World","floor":6.0,"key":"SMITH"},{"data":"Zap","floor":8,"key":"SMITH"},{"data":"Dualcast","floor":10,"key":"SMITH"},{"floor":15,"key":"REST"}],"neow_cost":"NONE","seed_source_timestamp":166463085909997,"circlet_count":0,"master_deck":["AscendersBane","Strike_B","Strike_B","Strike_B","Strike_B","Defend_B","Defend_B","Defend_B","Defend_B","Zap+1","Dualcast+1","Gash","Gash","Hello World+1","Cold Snap","Cold Snap","All For One","Blizzard+1","Genetic Algorithm","Self Repair","Stack","Go for the Eyes+1"],"special_seed":0,"relics":["Runic Dome","Boot","Potion Belt","Dream Catcher","Philosopher\u0027s Stone","Molten Egg 2"],"potions_floor_usage":[14,16,18,21],"damage_taken":[{"damage":4.0,"enemies":"2 Louse","floor":1.0,"turns":4.0},{"damage":1.0,"enemies":"Small Slimes","floor":4.0,"turns":3.0},{"damage":0.0,"enemies":"Jaw Worm","floor":5.0,"turns":3.0},{"damage":25,"enemies":"Lagavulin","floor":12,"turns":6},{"damage":13,"enemies":"Exordium Wildlife","floor":14,"turns":3},{"damage":6,"enemies":"The Guardian","floor":16,"turns":12},{"damage":29,"enemies":"3 Byrds","floor":18,"turns":4},{"damage":17,"enemies":"Chosen","floor":21,"turns":5},{"damage":34,"enemies":"Shelled Parasite and Fungi","floor":23,"turns":4}],"seed_played":"2882343982328629765","potions_obtained":[{"floor":4.0,"key":"Ancient Potion"},{"floor":12,"key":"Fire Potion"},{"floor":16,"key":"Weak Potion"},{"floor":21,"key":"SpeedPotion"}],"is_trial":false,"path_per_floor":["M","$","?","M","M","R","?","R","T","R","?","E","$","M","R","B",null,"M","?","T","M","$","M"],"character_chosen":"DEFECT","items_purchased":["FocusPotion","Cold Snap","Self Repair","Stack","Go for the Eyes+1"],"campfire_rested":1,"item_purchase_floors":[2,13,22,22,22],"current_hp_per_floor":[60,60,55,54,54,54,54,54,54,54,54,29,29,16,37,31,61,32,46,46,29,29,0],"gold":9,"neow_bonus":"BOSS_RELIC","is_prod":false,"is_daily":false,"chose_seed":false,"campfire_upgraded":3,"win_rate":0,"timestamp":1552620561,"path_taken":["M","$","?","M","M","R","?","R","T","R","?","E","$","M","R","BOSS","M","?","?","?","$","M"],"build_version":"2019-01-23","purchased_purges":0,"victory":false,"max_hp_per_floor":[71,71,71,71,71,71,71,71,71,71,71,71,71,71,71,71,71,71,71,71,71,71,71],"card_choices":[{"not_picked":["Streamline","Tempest"],"picked":"Gash","floor":1.0},{"not_picked":["Consume","Loop"],"picked":"Gash","floor":4.0},{"not_picked":["Hologram","Rebound"],"picked":"Hello World","floor":5.0},{"not_picked":["Thunder Strike","Hologram"],"picked":"Cold Snap","floor":12},{"not_picked":["Beam Cell","Force Field","Doom and Gloom"],"picked":"SKIP","floor":14},{"not_picked":["Biased Cognition","Hyperbeam"],"picked":"All For One","floor":16},{"not_picked":["Melter","Rebound"],"picked":"Blizzard+1","floor":18},{"not_picked":["Auto Shields","Rip and Tear+1"],"picked":"Genetic Algorithm","floor":21}],"player_experience":706664,"relics_obtained":[{"floor":9,"key":"Potion Belt"},{"floor":12,"key":"Dream Catcher"},{"floor":20,"key":"Molten Egg 2"}],"event_choices":[{"damage_healed":0.0,"max_hp_gain":0.0,"max_hp_loss":0.0,"gold_gain":0.0,"event_name":"Scrap Ooze","player_choice":"Success","floor":3.0,"gold_loss":0.0,"damage_taken":5.0,"relics_obtained":["Boot"]},{"damage_healed":0,"gold_gain":0,"player_choice":"Searched \u00270\u0027 times","damage_taken":0,"max_hp_gain":0,"max_hp_loss":0,"event_name":"Dead Adventurer","floor":7,"gold_loss":0},{"damage_healed":0,"gold_gain":0,"player_choice":"Ignored","damage_taken":0,"max_hp_gain":0,"max_hp_loss":0,"event_name":"Shining Light","floor":11,"gold_loss":0},{"damage_healed":14,"gold_gain":0,"player_choice":"Heal","damage_taken":0,"max_hp_gain":0,"max_hp_loss":0,"event_name":"The Library","floor":19,"gold_loss":0}],"is_beta":false,"boss_relics":[{"not_picked":["Sozu","Cursed Key"],"picked":"Philosopher\u0027s Stone"}],"items_purged_floors":[],"is_endless":false,"potions_floor_spawned":[4,12,16,21],"killed_by":"Shelled Parasite and Fungi","ascension_level":16}