{"gold_per_floor":[10,160,33,48,64,64,94,94,94,94,94,105,119,119,119,119],"floor_reached":16,"playtime":721,"items_purged":["Doubt"],"score":175,"play_id":"e70d3c9d-11ed-4743-b003-43a2322ac58c","local_time":"20190410140528","is_ascension_mode":true,"campfire_choices":[{"data":"Buffer","floor":6,"key":"SMITH"},{"floor":10,"key":"REST"},{"floor":15,"key":"REST"}],"neow_cost":"NO_GOLD","seed_source_timestamp":83506928794501,"circlet_count":0,"master_deck":["AscendersBane","Strike_B","Strike_B","Strike_B","Strike_B","Defend_B","Defend_B","Defend_B","Defend_B","Zap+1","Dualcast+1","Buffer+1","Glacier","Coolheaded","Ball Lightning","Parasite"],"relics":["Cracked Core","Symbiotic Virus","Singing Bowl"],"potions_floor_usage":[7,7,16],"damage_taken":[{"damage":7,"enemies":"Jaw Worm","floor":1,"turns":4},{"damage":0,"enemies":"2 Louse","floor":4,"turns":4},{"damage":0,"enemies":"Small Slimes","floor":5,"turns":3},{"damage":42,"enemies":"3 Sentries","floor":7,"turns":23},{"damage":0,"enemies":"Blue Slaver","floor":12,"turns":2},{"damage":0,"enemies":"Large Slime","floor":13,"turns":3},{"damage":64,"enemies":"Hexaghost","floor":16,"turns":14}],"seed_played":"8489934012771555393","potions_obtained":[{"floor":1,"key":"SpeedPotion"},{"floor":4,"key":"Dexterity Potion"},{"floor":12,"key":"Fire Potion"}],"is_trial":false,"path_per_floor":["M","?","$","M","M","R","E","?","T","R","?","M","M","?","R","B"],"character_chosen":"DEFECT","items_purchased":["PowerPotion"],"campfire_rested":2,"item_purchase_floors":[3],"current_hp_per_floor":[57,57,57,57,57,57,15,15,15,36,15,15,17,35,56,0],"gold":119,"neow_bonus":"THREE_RARE_CARDS","is_prod":false,"is_daily":false,"chose_seed":false,"campfire_upgraded":1,"win_rate":0,"timestamp":1554923128,"path_taken":["M","?","$","M","M","R","E","?","T","R","?","M","M","?","R","BOSS"],"build_version":"2019-01-23","purchased_purges":1,"victory":false,"max_hp_per_floor":[71,71,71,71,71,71,71,71,71,71,71,71,73,73,73,73],"card_choices":[{"not_picked":["Meteor Strike","Thunder Strike"],"picked":"Buffer","floor":0},{"not_picked":["Sweeping Beam","Beam Cell","Hologram"],"picked":"SKIP","floor":1},{"not_picked":["Rip and Tear","Stack"],"picked":"Glacier","floor":4},{"not_picked":["Recycle","Turbo","Barrage"],"picked":"SKIP","floor":5},{"not_picked":["Storm","Lockon"],"picked":"Coolheaded","floor":7},{"not_picked":["Hologram","BootSequence"],"picked":"Ball Lightning","floor":12},{"not_picked":["Compile Driver","Sweeping Beam","Reprogram"],"picked":"Singing Bowl","floor":13}],"player_experience":364179,"relics_obtained":[{"floor":7,"key":"Symbiotic Virus"},{"floor":9,"key":"Singing Bowl"}],"event_choices":[{"damage_healed":0,"gold_gain":150,"player_choice":"AGREE","damage_taken":0,"max_hp_gain":0,"max_hp_loss":0,"event_name":"Liars Game","floor":2,"gold_loss":0,"cards_obtained":["Doubt"]},{"damage_healed":0,"gold_gain":0,"player_choice":"Fled","damage_taken":0,"max_hp_gain":0,"max_hp_loss":0,"event_name":"Scrap Ooze","floor":8,"gold_loss":0},{"damage_healed":0,"gold_gain":0,"player_choice":"Entered Light","damage_taken":21,"max_hp_gain":0,"max_hp_loss":0,"event_name":"Shining Light","floor":11,"gold_loss":0,"cards_upgraded":["Dualcast","Zap"]},{"damage_healed":18,"gold_gain":0,"player_choice":"Healed and dodged fight","damage_taken":0,"max_hp_gain":0,"max_hp_loss":0,"event_name":"Mushrooms","floor":14,"gold_loss":0,"cards_obtained":["Parasite"]}],"is_beta":false,"boss_relics":[],"items_purged_floors":[3],"is_endless":false,"potions_floor_spawned":[1,4,12],"killed_by":"Hexaghost","ascension_level":15}