{"gold_per_floor":[117,117,2,0,0,39,39,54,80,80,30,30,44,44,44,165,165,178,178,198,113,113,13,54,87,87,87,120,120,139,153,153,277,277,297,422,382,396,68,88,112,132,203,247,247,247,271,289,289,289],"floor_reached":51,"playtime":2210,"items_purged":["Defend_B","Injury","Defend_B"],"score":912,"play_id":"cb6bc5e3-c58e-4b41-ac7c-238f6ffa7495","local_time":"20190202151438","is_ascension_mode":true,"campfire_choices":[{"data":"Dualcast","floor":7,"key":"SMITH"},{"floor":10,"key":"REST"},{"data":"Redo","floor":12,"key":"SMITH"},{"data":"Redo","floor":15,"key":"SMITH"},{"data":"Go for the Eyes","floor":27,"key":"SMITH"},{"floor":32,"key":"REST"},{"floor":45,"key":"REST"},{"data":"Gash","floor":49,"key":"SMITH"}],"neow_cost":"NONE","seed_source_timestamp":933968051783057,"circlet_count":0,"master_deck":["Defend_B","Zap+1","Dualcast+1","Redo+1","Go for the Eyes+1","Glacier","Glacier","Redo+1","Beam Cell","Machine Learning+1","Defragment+1","Sweeping Beam+1","Electrodynamics+1","BootSequence","Beam Cell+1","Conserve Battery+1","Redo+1","Double Energy+1","Creative AI","Self Repair","Conserve Battery","Gash+1","Stack+1","Go for the Eyes+1","Beam Cell+1","Gash","Streamline+1","Melter+1","Parasite","All For One"],"relics":["Cracked Core","Golden Idol","Orichalcum","PreservedInsect","Astrolabe","Gambling Chip","Gremlin Horn","Red Mask","The Courier","Mummified Hand","Orrery","Thread and Needle","Bottled Flame","Question Card","Bottled Tornado"],"potions_floor_usage":[6,16,28,33,44,44,44,44,50,50,50],"damage_taken":[{"damage":14,"enemies":"Jaw Worm","floor":1,"turns":3},{"damage":14,"enemies":"Lagavulin","floor":6,"turns":8},{"damage":0,"enemies":"Small Slimes","floor":8,"turns":3},{"damage":0,"enemies":"2 Louse","floor":13,"turns":1},{"damage":50,"enemies":"Hexaghost","floor":16,"turns":15},{"damage":5,"enemies":"2 Thieves","floor":18,"turns":2},{"damage":8,"enemies":"Shell Parasite","floor":20,"turns":5},{"damage":4,"enemies":"Book of Stabbing","floor":24,"turns":4},{"damage":1,"enemies":"Masked Bandits","floor":25,"turns":2},{"damage":10,"enemies":"Slavers","floor":28,"turns":2},{"damage":6,"enemies":"Centurion and Healer","floor":30,"turns":2},{"damage":0,"enemies":"3 Cultists","floor":31,"turns":2},{"damage":1,"enemies":"Collector","floor":33,"turns":11},{"damage":25,"enemies":"3 Darklings","floor":35,"turns":3},{"damage":0,"enemies":"Mind Bloom Boss Battle","floor":36,"turns":6},{"damage":3,"enemies":"Orb Walker","floor":38,"turns":4},{"damage":6,"enemies":"Jaw Worm Horde","floor":40,"turns":3},{"damage":18,"enemies":"Transient","floor":41,"turns":5},{"damage":8,"enemies":"3 Darklings","floor":42,"turns":4},{"damage":21,"enemies":"Giant Head","floor":44,"turns":9},{"damage":8,"enemies":"Writhing Mass","floor":47,"turns":6},{"damage":2,"enemies":"4 Shapes","floor":48,"turns":2},{"damage":74,"enemies":"Time Eater","floor":50,"turns":14}],"seed_played":"5811348492556293747","potions_obtained":[{"floor":1,"key":"AttackPotion"},{"floor":8,"key":"AttackPotion"},{"floor":18,"key":"EssenceOfSteel"},{"floor":28,"key":"Energy Potion"},{"floor":30,"key":"EntropicBrew"},{"floor":31,"key":"Poison Potion"},{"floor":33,"key":"Block Potion"},{"floor":44,"key":"Strength Potion"}],"is_trial":false,"path_per_floor":["M","?","$","?","?","E","R","M","T","R","?","R","M","$","R","B",null,"M","?","M","?","?","$","E","?","T","R","E","?","M","M","R","B",null,"M","?","?","M","$","M","M","M","T","E","R","?","M","M","R","B",null],"character_chosen":"DEFECT","items_purchased":["Glacier","Bottled Flame","Gash"],"campfire_rested":3,"item_purchase_floors":[3,39,39],"current_hp_per_floor":[54,54,54,54,54,40,40,40,40,62,62,62,62,62,62,12,59,54,75,67,67,67,67,63,62,62,62,52,52,46,46,68,67,73,48,55,55,59,59,53,42,41,41,27,49,75,74,75,75,8],"gold":289,"neow_bonus":"TRANSFORM_CARD","is_prod":false,"is_daily":false,"chose_seed":false,"campfire_upgraded":5,"win_rate":0,"timestamp":1549116878,"path_taken":["M","?","$","?","?","E","R","M","T","R","?","R","M","$","R","BOSS","M","?","M","?","?","$","E","?","T","R","E","?","M","M","R","BOSS","M","?","?","M","$","?","M","M","T","E","R","?","?","M","R","BOSS"],"build_version":"2019-01-23","purchased_purges":3,"victory":true,"max_hp_per_floor":[75,75,75,75,75,75,75,75,75,75,75,75,75,75,75,75,75,75,75,75,75,75,75,75,75,75,75,75,75,75,75,75,75,75,75,75,75,75,75,75,75,75,75,75,75,75,75,75,75,75],"card_choices":[{"not_picked":["Lockon","Reinforced Body"],"picked":"Go for the Eyes","floor":1},{"not_picked":["Ball Lightning","Auto Shields"],"picked":"Glacier","floor":6},{"not_picked":["Stack","Coolheaded"],"picked":"Redo","floor":8},{"not_picked":["Hello World","Compile Driver"],"picked":"Beam Cell","floor":13},{"not_picked":["Seek","Meteor Strike"],"picked":"Machine Learning","floor":16},{"not_picked":["Conserve Battery","Stack"],"picked":"BootSequence","floor":18},{"not_picked":["Rebound","Ball Lightning"],"picked":"Beam Cell+1","floor":20},{"not_picked":["Darkness+1","Aggregate"],"picked":"Conserve Battery","floor":24},{"not_picked":["Leap","Meteor Strike"],"picked":"Redo+1","floor":25},{"not_picked":["Compile Driver","Leap","Redo"],"picked":"SKIP","floor":28},{"not_picked":["Hello World","Barrage","Leap"],"picked":"SKIP","floor":30},{"not_picked":["Melter","Compile Driver"],"picked":"Double Energy+1","floor":31},{"not_picked":["Multi-Cast","Rainbow"],"picked":"Creative AI","floor":33},{"not_picked":["Sweeping Beam","Steam"],"picked":"Self Repair","floor":34},{"not_picked":["White Noise","Rebound+1"],"picked":"Conserve Battery","floor":34},{"not_picked":["Barrage","Beam Cell"],"picked":"Gash","floor":34},{"not_picked":["Multi-Cast","Go for the Eyes"],"picked":"Stack+1","floor":35},{"not_picked":["Heatsinks","Steam+1"],"picked":"Go for the Eyes+1","floor":36},{"not_picked":["Steam+1","Darkness"],"picked":"Beam Cell+1","floor":38},{"not_picked":["White Noise+1","Ball Lightning+1"],"picked":"Streamline+1","floor":40},{"not_picked":["Leap","Consume","Steam"],"picked":"SKIP","floor":41},{"not_picked":["Hologram","FTL"],"picked":"BootSequence","floor":42},{"not_picked":["Conserve Battery","Stack","Consume+1"],"picked":"Melter+1","floor":44},{"not_picked":["Double Energy+1","Chaos","Beam Cell","Sweeping Beam"],"picked":"SKIP","floor":47},{"not_picked":["Undo+1","Conserve Battery","Steam+1"],"picked":"All For One","floor":48}],"player_experience":191575,"relics_obtained":[{"floor":6,"key":"Orichalcum"},{"floor":9,"key":"PreservedInsect"},{"floor":24,"key":"Gremlin Horn"},{"floor":25,"key":"Red Mask"},{"floor":28,"key":"The Courier"},{"floor":36,"key":"Thread and Needle"},{"floor":43,"key":"Question Card"},{"floor":44,"key":"Bottled Tornado"}],"event_choices":[{"damage_healed":0,"gold_gain":0,"player_choice":"Grow","damage_taken":0,"max_hp_gain":0,"max_hp_loss":0,"event_name":"Living Wall","floor":2,"gold_loss":0,"cards_upgraded":["Zap"]},{"damage_healed":0,"gold_gain":0,"player_choice":"Left Gold","damage_taken":0,"max_hp_gain":0,"max_hp_loss":0,"event_name":"World of Goop","floor":4,"gold_loss":2},{"damage_healed":0,"gold_gain":0,"player_choice":"Take Wound","damage_taken":0,"relics_obtained":["Golden Idol"],"max_hp_gain":0,"max_hp_loss":0,"event_name":"Golden Idol","floor":5,"gold_loss":0,"cards_obtained":["Injury"]},{"cards_removed":["Strike_B"],"damage_healed":0,"gold_gain":0,"player_choice":"Card Removal","damage_taken":0,"max_hp_gain":0,"max_hp_loss":0,"event_name":"The Cleric","floor":11,"gold_loss":50},{"damage_healed":25,"gold_gain":0,"player_choice":"Heal","damage_taken":0,"max_hp_gain":0,"max_hp_loss":0,"event_name":"The Library","floor":19,"gold_loss":0},{"damage_healed":0,"gold_gain":0,"player_choice":"Obtained Relic","damage_taken":0,"relics_obtained":["Gambling Chip"],"max_hp_gain":0,"max_hp_loss":0,"event_name":"Addict","floor":21,"gold_loss":85},{"damage_healed":0,"gold_gain":0,"player_choice":"Ignored","damage_taken":0,"max_hp_gain":0,"max_hp_loss":0,"event_name":"Ghosts","floor":22,"gold_loss":0},{"damage_healed":0,"gold_gain":0,"player_choice":"Fought Bandits","damage_taken":0,"max_hp_gain":0,"max_hp_loss":0,"event_name":"Masked Bandits","floor":25,"gold_loss":0},{"damage_healed":0,"gold_gain":0,"player_choice":"Opened","damage_taken":0,"relics_obtained":["Mummified Hand"],"max_hp_gain":0,"max_hp_loss":0,"event_name":"The Mausoleum","floor":29,"gold_loss":0},{"damage_healed":0,"gold_gain":0,"player_choice":"Fight","damage_taken":0,"max_hp_gain":0,"max_hp_loss":0,"event_name":"MindBloom","floor":36,"gold_loss":0},{"damage_healed":0,"gold_gain":0,"player_choice":"Upgraded Two","damage_taken":0,"max_hp_gain":0,"max_hp_loss":0,"event_name":"Designer","floor":37,"gold_loss":40,"cards_upgraded":["Conserve Battery","Machine Learning"]},{"cards_removed":["BootSequence"],"damage_healed":26,"gold_gain":0,"player_choice":"Offered Uncommon","damage_taken":0,"max_hp_gain":0,"max_hp_loss":0,"event_name":"Bonfire Elementals","floor":46,"gold_loss":0}],"is_beta":false,"boss_relics":[{"not_picked":["Ectoplasm","Velvet Choker"],"picked":"Astrolabe"},{"not_picked":["Philosopher\u0027s Stone","White Beast Statue"],"picked":"Orrery"}],"items_purged_floors":[3,23,39],"is_endless":false,"potions_floor_spawned":[1,8,18,28,30,31,33,35,41,44],"ascension_level":6}