{"gold_per_floor":[115,131,144,23,41,41,58,72,72,103,103,28,28,28,28,127,127,144,44,44,59,59,59,59,59,105,121,121],"floor_reached":28,"playtime":1029,"items_purged":["Defend_R","Shrug It Off"],"score":240,"play_id":"31094fc6-8a86-42c2-8f8f-2ff5528331e0","local_time":"20181108093942","is_ascension_mode":true,"campfire_choices":[{"data":"Demon Form","floor":6,"key":"SMITH"},{"data":"Inflame","floor":11,"key":"SMITH"},{"floor":15,"key":"REST"},{"floor":23,"key":"REST"}],"neow_cost":"PERCENT_DAMAGE","seed_source_timestamp":544552975431367,"circlet_count":0,"master_deck":["Strike_R","Strike_R","Strike_R","Strike_R","Strike_R","Defend_R","Defend_R","Defend_R","Bash","Demon Form+1","Twin Strike","Reaper","Heavy Blade","Inflame+1","Heavy Blade","Armaments","Perfected Strike","Immolate","Iron Wave","Dual Wield","Headbutt","Rage","Metallicize","Pummel","Shame","Perfected Strike","Iron Wave"],"relics":["Burning Blood","Sundial","Question Card","NlothsMask","Orrery","Champion Belt","Enchiridion","Omamori"],"potions_floor_usage":[7,10,21,28],"damage_taken":[{"damage":6,"enemies":"Cultist","floor":1,"turns":4},{"damage":6,"enemies":"Jaw Worm","floor":2,"turns":5},{"damage":5,"enemies":"2 Louse","floor":3,"turns":3},{"damage":17,"enemies":"Looter","floor":5,"turns":3},{"damage":24,"enemies":"Exordium Thugs","floor":7,"turns":4},{"damage":15,"enemies":"3 Louse","floor":8,"turns":5},{"damage":33,"enemies":"3 Sentries","floor":10,"turns":8},{"damage":46,"enemies":"Hexaghost","floor":16,"turns":7},{"damage":31,"enemies":"2 Thieves","floor":18,"turns":4},{"damage":14,"enemies":"Chosen","floor":21,"turns":6},{"damage":27,"enemies":"Colosseum Slavers","floor":24,"turns":3},{"damage":19,"enemies":"Snecko","floor":27,"turns":4},{"damage":40,"enemies":"3 Cultists","floor":28,"turns":4}],"seed_played":"-3538104617195927531","potions_obtained":[{"floor":5,"key":"Poison Potion"},{"floor":8,"key":"SkillPotion"},{"floor":10,"key":"Swift Potion"},{"floor":27,"key":"FearPotion"}],"is_trial":false,"path_per_floor":["M","M","M","$","M","R","M","M","T","E","R","$","?","$","R","B",null,"M","$","?","M","?","R","?","T","T","M","M"],"character_chosen":"IRONCLAD","items_purchased":["Heavy Blade","Inflame"],"campfire_rested":2,"item_purchase_floors":[4,4],"current_hp_per_floor":[56,56,57,57,46,46,40,39,39,48,48,48,48,48,72,32,80,58,58,58,50,34,58,37,37,37,24,8],"gold":121,"neow_bonus":"THREE_RARE_CARDS","is_prod":false,"is_daily":false,"chose_seed":false,"campfire_upgraded":2,"win_rate":0,"timestamp":1541691582,"path_taken":["M","M","M","$","M","R","M","M","T","E","R","?","?","$","R","BOSS","M","$","?","M","?","R","?","?","T","M","M"],"build_version":"2018-11-01","purchased_purges":2,"victory":false,"max_hp_per_floor":[80,80,80,80,80,80,80,80,80,80,80,80,80,80,80,80,80,80,80,80,80,80,80,80,80,80,80,80],"card_choices":[{"not_picked":["Reaper","Offering"],"picked":"Demon Form","floor":0},{"not_picked":["Headbutt","Clash"],"picked":"Twin Strike","floor":1},{"not_picked":["Sever Soul","Pommel Strike"],"picked":"Shrug It Off","floor":2},{"not_picked":["Blood for Blood","Cleave"],"picked":"Reaper","floor":3},{"not_picked":["Sentinel","Intimidate"],"picked":"Heavy Blade","floor":5},{"not_picked":["Body Slam","Havoc"],"picked":"Armaments","floor":7},{"not_picked":["Hemokinesis","Sentinel","Combust"],"picked":"SKIP","floor":8},{"not_picked":["Dark Embrace","Armaments"],"picked":"Perfected Strike","floor":10},{"not_picked":["Fiend Fire","Impervious","Berserk"],"picked":"Immolate","floor":16},{"not_picked":["Havoc","Anger","Burning Pact"],"picked":"Iron Wave","floor":17},{"not_picked":["Searing Blow","Thunderclap","Clash"],"picked":"Dual Wield","floor":17},{"not_picked":["Corruption","Shockwave","Armaments"],"picked":"Headbutt","floor":17},{"not_picked":["Evolve","Blood for Blood","Clothesline"],"picked":"Rage","floor":17},{"not_picked":["Disarm","Armaments","Wild Strike"],"picked":"Metallicize","floor":17},{"not_picked":["Carnage","Clash","Blood for Blood+1"],"picked":"Pummel","floor":18},{"not_picked":["Immolate","Thunderclap","Infernal Blade"],"picked":"Perfected Strike","floor":21},{"not_picked":["Shockwave","Havoc","Heavy Blade"],"picked":"Iron Wave","floor":27}],"player_experience":361049,"relics_obtained":[{"floor":9,"key":"Sundial"},{"floor":10,"key":"Question Card"},{"floor":22,"key":"Enchiridion"},{"floor":26,"key":"Omamori"}],"event_choices":[{"damage_healed":0,"gold_gain":0,"player_choice":"Trade","damage_taken":0,"relics_obtained":["NlothsMask"],"max_hp_gain":0,"max_hp_loss":0,"event_name":"FaceTrader","floor":13,"gold_loss":0},{"damage_healed":0,"gold_gain":0,"player_choice":"Stole Relic","damage_taken":0,"relics_obtained":["Champion Belt"],"max_hp_gain":0,"max_hp_loss":0,"event_name":"Addict","floor":20,"gold_loss":0,"cards_obtained":["Shame"]},{"damage_healed":0,"gold_gain":0,"player_choice":"Obtained Book","damage_taken":16,"max_hp_gain":0,"max_hp_loss":0,"event_name":"Cursed Tome","floor":22,"gold_loss":0},{"damage_healed":0,"gold_gain":0,"player_choice":"Fight","damage_taken":0,"max_hp_gain":0,"max_hp_loss":0,"event_name":"Colosseum","floor":24,"gold_loss":0},{"damage_healed":0,"gold_gain":0,"player_choice":"Fled From Nobs","damage_taken":0,"max_hp_gain":0,"max_hp_loss":0,"event_name":"Colosseum","floor":24,"gold_loss":0}],"is_beta":false,"boss_relics":[{"not_picked":["Black Star","Snecko Eye"],"picked":"Orrery"}],"items_purged_floors":[12,19],"is_endless":false,"potions_floor_spawned":[5,8,10,24,27],"killed_by":"3 Cultists","ascension_level":2}