{"gold_per_floor":[119,132,144,158,168,168,202,202,255,269,269,287,287,317,317,420,420,436,452,452],"floor_reached":20,"playtime":608,"items_purged":[],"score":244,"play_id":"b9d4e299-8dc8-432b-8efb-cc999414fed5","local_time":"20181104014403","is_ascension_mode":true,"campfire_choices":[{"data":"Zap","floor":6,"key":"SMITH"},{"floor":8,"key":"REST"},{"data":"Redo","floor":11,"key":"SMITH"},{"floor":15,"key":"REST"}],"neow_cost":"NONE","seed_source_timestamp":170850689560419,"circlet_count":0,"master_deck":["Strike_B","Strike_B","Strike_B","Strike_B","Defend_B","Defend_B","Defend_B","Defend_B","Zap+1","Dualcast","Reprogram","Gash","Redo+1","Ball Lightning","Scrape","Redo","Electrodynamics","Redo","Hologram+1","All For One","Gash","Reprogram+1"],"relics":["Cracked Core","NeowsBlessing","Vajra","Tiny Chest","Toxic Egg 2","Bag of Marbles","Runic Pyramid"],"potions_floor_usage":[14,14,19,19,19],"damage_taken":[{"damage":0,"enemies":"Cultist","floor":1,"turns":1},{"damage":0,"enemies":"Jaw Worm","floor":2,"turns":1},{"damage":0,"enemies":"Small Slimes","floor":3,"turns":1},{"damage":11,"enemies":"Exordium Thugs","floor":4,"turns":4},{"damage":8,"enemies":"Large Slime","floor":5,"turns":3},{"damage":32,"enemies":"Gremlin Nob","floor":7,"turns":4},{"damage":11,"enemies":"Looter","floor":10,"turns":2},{"damage":0,"enemies":"Gremlin Gang","floor":12,"turns":1},{"damage":10,"enemies":"3 Sentries","floor":14,"turns":3},{"damage":26,"enemies":"Slime Boss","floor":16,"turns":4},{"damage":24,"enemies":"Chosen","floor":18,"turns":4},{"damage":16,"enemies":"Shell Parasite","floor":19,"turns":4},{"damage":24,"enemies":"Snake Plant","floor":20,"turns":1}],"seed_played":"-8594582145517309817","potions_obtained":[{"floor":1,"key":"SpeedPotion"},{"floor":3,"key":"SpeedPotion"},{"floor":4,"key":"Explosive Potion"},{"floor":12,"key":"AttackPotion"},{"floor":14,"key":"Energy Potion"},{"floor":18,"key":"Ancient Potion"}],"is_trial":false,"path_per_floor":["M","M","M","M","M","R","E","R","T","M","R","M","T","E","R","B",null,"M","M","M"],"character_chosen":"DEFECT","items_purchased":[],"campfire_rested":2,"item_purchase_floors":[],"current_hp_per_floor":[68,68,68,57,49,49,17,39,39,28,28,28,28,18,40,14,60,36,20,0],"gold":452,"neow_bonus":"THREE_ENEMY_KILL","is_prod":false,"is_daily":false,"chose_seed":false,"campfire_upgraded":2,"win_rate":0,"timestamp":1541317443,"path_taken":["M","M","M","M","M","R","E","R","T","M","R","?","?","E","R","BOSS","M","M","M"],"build_version":"2018-11-01","purchased_purges":0,"victory":false,"max_hp_per_floor":[75,75,75,75,75,75,75,75,75,75,75,75,75,75,75,75,75,75,75,75],"card_choices":[{"not_picked":["Melter","Consume"],"picked":"Reprogram","floor":1},{"not_picked":["Redo","Coolheaded"],"picked":"Gash","floor":2},{"not_picked":["Loop","Ball Lightning"],"picked":"Redo","floor":3},{"not_picked":["Compile Driver","Stack"],"picked":"Ball Lightning","floor":4},{"not_picked":["Capacitor","Redo"],"picked":"Scrape","floor":5},{"not_picked":["Blizzard","Ball Lightning"],"picked":"Redo","floor":7},{"not_picked":["Undo","Conserve Battery"],"picked":"Electrodynamics","floor":10},{"not_picked":["Steam","Cold Snap"],"picked":"Redo","floor":12},{"not_picked":["Amplify+1","Turbo+1"],"picked":"Hologram+1","floor":14},{"not_picked":["Biased Cognition","Seek+1"],"picked":"All For One","floor":16},{"not_picked":["Streamline+1","Coolheaded+1"],"picked":"Gash","floor":18},{"not_picked":["Meteor Strike","Redo+1"],"picked":"Reprogram+1","floor":19}],"player_experience":273444,"relics_obtained":[{"floor":7,"key":"Vajra"},{"floor":9,"key":"Tiny Chest"},{"floor":13,"key":"Toxic Egg 2"},{"floor":14,"key":"Bag of Marbles"}],"event_choices":[],"is_beta":false,"boss_relics":[{"not_picked":["Tiny House","Fusion Hammer"],"picked":"Runic Pyramid"}],"items_purged_floors":[],"is_endless":false,"potions_floor_spawned":[1,3,4,12,14,18],"killed_by":"Snake Plant","ascension_level":6}