{"gold_per_floor":[119,130,130,55,55,55,81,81,105,135,152,1,1],"floor_reached":13,"playtime":468,"items_purged":["Strike_B","Strike_B"],"score":151,"play_id":"9169f0cc-7211-4def-aad6-4950b40b645e","local_time":"20190326180012","is_ascension_mode":true,"campfire_choices":[{"floor":6,"key":"RECALL"}],"neow_cost":"PERCENT_DAMAGE","seed_source_timestamp":151148477641784,"circlet_count":0,"master_deck":["Strike_B+1","Defend_B+1","Defend_B","Zap","Dualcast","Glacier","Loop","Leap","Hyperbeam+1","Go for the Eyes"],"relics":["Cracked Core","Sundial","PreservedInsect","Ice Cream"],"potions_floor_usage":[7,7],"damage_taken":[{"damage":2,"enemies":"2 Louse","floor":1,"turns":3},{"damage":0,"enemies":"Small Slimes","floor":2,"turns":4},{"damage":24,"enemies":"Gremlin Nob","floor":7,"turns":4},{"damage":0,"enemies":"3 Sentries","floor":10,"turns":1},{"damage":0,"enemies":"Jaw Worm","floor":11,"turns":2},{"damage":12,"enemies":"Exordium Thugs","floor":13,"turns":4}],"seed_played":"6200275215185539026","potions_obtained":[{"floor":1,"key":"Block Potion"},{"floor":2,"key":"PowerPotion"},{"floor":10,"key":"Ancient Potion"}],"is_trial":false,"path_per_floor":["M","M","?","$","?","R","E","?","T","E","M","$","M"],"character_chosen":"DEFECT","items_purchased":["Go for the Eyes"],"campfire_rested":0,"item_purchase_floors":[12],"current_hp_per_floor":[48,48,33,33,26,26,2,2,2,2,2,2,0],"gold":1,"neow_bonus":"TRANSFORM_TWO_CARDS","is_prod":false,"is_daily":false,"chose_seed":false,"campfire_upgraded":0,"win_rate":0,"timestamp":1553641212,"path_taken":["M","M","?","$","?","R","E","?","T","E","?","$","M"],"build_version":"2019-01-23","purchased_purges":2,"victory":false,"max_hp_per_floor":[75,75,75,75,75,75,75,75,75,75,75,75,75],"card_choices":[{"not_picked":["Storm","Coolheaded","Skim"],"picked":"SKIP","floor":1},{"not_picked":["Rebound","Consume"],"picked":"Leap","floor":2},{"not_picked":["Beam Cell","Skim"],"picked":"Hyperbeam","floor":7},{"not_picked":["Defragment","Beam Cell","Force Field"],"picked":"SKIP","floor":10},{"not_picked":["Rebound","Compile Driver","Fusion"],"picked":"SKIP","floor":11}],"player_experience":95964,"relics_obtained":[{"floor":7,"key":"Sundial"},{"floor":9,"key":"PreservedInsect"},{"floor":10,"key":"Ice Cream"}],"event_choices":[{"damage_healed":0,"gold_gain":0,"player_choice":"Entered Light","damage_taken":15,"max_hp_gain":0,"max_hp_loss":0,"event_name":"Shining Light","floor":3,"gold_loss":0,"cards_upgraded":["Strike_B","Defend_B"]},{"cards_removed":["Defend_B"],"damage_healed":0,"gold_gain":0,"player_choice":"Card Removal","damage_taken":7,"max_hp_gain":0,"max_hp_loss":0,"event_name":"Golden Wing","floor":5,"gold_loss":0},{"damage_healed":0,"gold_gain":0,"player_choice":"Upgraded","damage_taken":0,"max_hp_gain":0,"max_hp_loss":0,"event_name":"Upgrade Shrine","floor":8,"gold_loss":0,"cards_upgraded":["Hyperbeam"]}],"is_beta":false,"boss_relics":[],"items_purged_floors":[4,12],"is_endless":false,"potions_floor_spawned":[1,2,10],"killed_by":"Exordium Thugs","ascension_level":6}