{"path_per_floor":["M","M","$","?","M","R","E","M","T","E","M","M","M","?","R"],"character_chosen":"DEFECT","items_purchased":[],"gold_per_floor":[116,126,51,51,71,71,103,114,114,443,463,477,488,438,438,438],"floor_reached":16,"campfire_rested":2,"playtime":620,"item_purchase_floors":[],"current_hp_per_floor":[62,52,52,40,46,68,47,44,44,34,36,48,44,44,66,0],"items_purged":["Strike_B"],"gold":438,"score":160,"play_id":"40192650-2779-4714-bcf7-32c7c2d09a8d","local_time":"20180529083700","is_prod":false,"is_daily":false,"chose_seed":false,"is_ascension_mode":true,"campfire_upgraded":0,"win_rate":0,"timestamp":1527575820,"campfire_choices":[{"floor":6,"key":"REST"},{"floor":15,"key":"REST"}],"path_taken":["M","M","$","?","M","R","E","M","T","E","M","M","?","?","R","BOSS"],"build_version":"2018-05-27","seed_source_timestamp":0,"purchased_purges":1,"victory":false,"master_deck":["Strike_B","Strike_B","Strike_B","Defend_B","Defend_B","Defend_B","Zap","Dualcast","Auto Shields","White Noise","Machine Learning","Heatsinks"],"max_hp_per_floor":[75,75,75,75,75,75,75,75,75,75,75,75,75,75,75,75],"relics":["Cracked Core","Meat on the Bone","Letter Opener","Bottled Lightning","Old Coin"],"card_choices":[{"not_picked":["Sweeping Beam","Beam Cell","Rebound"],"picked":"SKIP","floor":1},{"not_picked":["Cold Snap","Turbo","Go for the Eyes"],"picked":"SKIP","floor":2},{"not_picked":["Rebound","Go for the Eyes"],"picked":"Auto Shields","floor":5},{"not_picked":["Beam Cell","Hello World"],"picked":"White Noise","floor":7},{"not_picked":["Cold Snap","Compile Driver","Double Energy"],"picked":"SKIP","floor":8},{"not_picked":["Lockon","Steam"],"picked":"Machine Learning","floor":10},{"not_picked":["Reprogram","Sweeping Beam"],"picked":"Heatsinks","floor":11},{"not_picked":["Steam Power","Streamline","Turbo"],"picked":"SKIP","floor":12},{"not_picked":["Barrage","Cold Snap","Leap"],"picked":"SKIP","floor":13}],"player_experience":114327,"potions_floor_usage":[10,10,16],"damage_taken":[{"damage":6.0,"enemies":"Jaw Worm","floor":1.0,"turns":4.0},{"damage":10,"enemies":"Small Slimes","floor":2,"turns":4},{"damage":6,"enemies":"Cultist","floor":5,"turns":3},{"damage":33,"enemies":"3 Sentries","floor":7,"turns":12},{"damage":15,"enemies":"Large Slime","floor":8,"turns":5},{"damage":22,"enemies":"Gremlin Nob","floor":10,"turns":5},{"damage":10,"enemies":"3 Louse","floor":11,"turns":4},{"damage":0,"enemies":"Blue Slaver","floor":12,"turns":7},{"damage":16,"enemies":"Large Slime","floor":13,"turns":7},{"damage":69,"enemies":"Hexaghost","floor":16,"turns":9}],"relics_obtained":[{"floor":7,"key":"Letter Opener"},{"floor":9,"key":"Bottled Lightning"},{"floor":10,"key":"Old Coin"}],"event_choices":[{"event_name":"Scrap Ooze","player_choice":"success","floor":4,"damage_taken":12},{"event_name":"The Cleric","player_choice":"Card Removal","floor":14,"damage_taken":0}],"boss_relics":[],"items_purged_floors":[3],"potions_floor_spawned":[7,8,12,13],"seed_played":"4828232543260381077","killed_by":"Hexaghost","ascension_level":8,"potions_obtained":[{"floor":7,"key":"Swift Potion"},{"floor":8,"key":"Poison Potion"},{"floor":12,"key":"Poison Potion"},{"floor":13,"key":"SneckoOil"}],"is_trial":false}