{"gold_per_floor":[18,37,212,287,311,345,345,345,345,345,404,417,382,405,405,508,508,528,517,527,802,31,31,62,62,144,144,163,163,163,163,163,163],"floor_reached":33,"playtime":1589,"items_purged":["Regret"],"score":400,"play_id":"41ef3fd3-8e2d-4f07-a617-c40cf67a0d58","local_time":"20190225125453","is_ascension_mode":true,"campfire_choices":[{"data":"Rainbow","floor":7.0,"key":"SMITH"},{"data":"Redo","floor":10.0,"key":"SMITH"},{"floor":15.0,"key":"REST"},{"floor":23.0,"key":"REST"},{"floor":25,"key":"REST"},{"floor":27,"key":"REST"},{"data":"Fission","floor":32,"key":"SMITH"}],"neow_cost":"NO_GOLD","seed_source_timestamp":647378059940556,"circlet_count":0,"master_deck":["Strike_B","Strike_B","Strike_B","Strike_B","Defend_B","Defend_B","Defend_B","Defend_B","Zap","Dualcast","Rainbow+1","Undo","Coolheaded","Doubt","Redo+1","Auto Shields","Static Discharge","Cold Snap","Fission+1","Multi-Cast","Glacier","Cold Snap","Conserve Battery","Barrage","Leap","Defragment+1","Redo+1","Loop","Panache","Seek","Leap","Reinforced Body+1","Sweeping Beam+1","Leap+1","Ball Lightning"],"special_seed":0,"relics":["Cracked Core","Juzu Bracelet","Lantern","Potion Belt","Dream Catcher","Odd Mushroom","Orrery","Gambling Chip","Ornamental Fan","Kunai"],"potions_floor_usage":[24],"damage_taken":[{"damage":5.0,"enemies":"Jaw Worm","floor":1.0,"turns":4.0},{"damage":0.0,"enemies":"2 Louse","floor":2.0,"turns":3.0},{"damage":19.0,"enemies":"Gremlin Nob","floor":6.0,"turns":4.0},{"damage":21.0,"enemies":"3 Sentries","floor":11.0,"turns":7.0},{"damage":3.0,"enemies":"Cultist","floor":12.0,"turns":4.0},{"damage":19.0,"enemies":"The Mushroom Lair","floor":14.0,"turns":6.0},{"damage":23.0,"enemies":"Hexaghost","floor":16.0,"turns":9.0},{"damage":15.0,"enemies":"3 Byrds","floor":18.0,"turns":7.0},{"damage":10.0,"enemies":"2 Thieves","floor":19.0,"turns":5.0},{"damage":10.0,"enemies":"Snecko","floor":20.0,"turns":10.0},{"damage":40,"enemies":"Slavers","floor":24,"turns":5},{"damage":21,"enemies":"Centurion and Healer","floor":28,"turns":15},{"damage":75,"enemies":"Collector","floor":33,"turns":6}],"seed_played":"9212978110170062785","potions_obtained":[{"floor":1.0,"key":"Swift Potion"},{"floor":2.0,"key":"SteroidPotion"},{"floor":16.0,"key":"Weak Potion"},{"floor":20.0,"key":"Block Potion"},{"floor":28,"key":"FairyPotion"}],"is_trial":false,"path_per_floor":["M","M","?","?","T","E","R","?","T","R","?","M","?","?","R","B",null,"M","M","M","?","$","R","E","R","T","R","M","?","?","?","R","B"],"character_chosen":"DEFECT","items_purchased":["Loop","Gambling Chip","Panache","Seek"],"campfire_rested":4,"item_purchase_floors":[22,22,22,22],"current_hp_per_floor":[63,63,63,52,52,33,33,58,58,58,37,34,52,33,55,32,64,49,39,29,29,29,51,11,33,33,55,34,59,59,59,59,0],"gold":163,"neow_bonus":"THREE_RARE_CARDS","is_prod":false,"is_daily":false,"chose_seed":false,"campfire_upgraded":3,"win_rate":0,"timestamp":1551120893,"path_taken":["M","M","?","?","?","E","R","?","T","R","?","M","?","?","R","BOSS","M","M","M","?","$","R","E","R","T","R","M","?","?","?","R","BOSS"],"build_version":"2019-01-23","purchased_purges":1,"victory":false,"max_hp_per_floor":[75,75,75,75,75,75,75,75,75,75,75,75,75,75,75,75,75,75,75,75,75,75,75,75,75,75,75,75,75,75,75,75,75],"card_choices":[{"not_picked":["Hyperbeam","Core Surge"],"picked":"Rainbow","floor":0.0},{"not_picked":["Force Field","Go for the Eyes"],"picked":"Undo","floor":1.0},{"not_picked":["Sweeping Beam","Conserve Battery"],"picked":"Coolheaded","floor":2.0},{"not_picked":["Reprogram","Reinforced Body"],"picked":"Redo","floor":6.0},{"not_picked":["Doom and Gloom","Hologram"],"picked":"Auto Shields","floor":11.0},{"not_picked":["Sunder","Hologram"],"picked":"Static Discharge","floor":12.0},{"not_picked":["Beam Cell","Skim"],"picked":"Cold Snap","floor":14.0},{"not_picked":["Hyperbeam","Core Surge"],"picked":"Fission","floor":16.0},{"not_picked":["Cold Snap","Sweeping Beam"],"picked":"Multi-Cast","floor":17.0},{"not_picked":["Redo","Barrage"],"picked":"Glacier","floor":17.0},{"not_picked":["Consume","Sweeping Beam"],"picked":"Cold Snap","floor":17.0},{"not_picked":["Leap","Sweeping Beam"],"picked":"Conserve Battery","floor":17.0},{"not_picked":["Sunder","Turbo"],"picked":"Barrage","floor":17.0},{"not_picked":["Heatsinks+1","Sweeping Beam"],"picked":"Leap","floor":18.0},{"not_picked":["Coolheaded","Sunder"],"picked":"Defragment+1","floor":19.0},{"not_picked":["Stack","Go for the Eyes"],"picked":"Redo+1","floor":20.0},{"not_picked":["Genetic Algorithm","Doom and Gloom"],"picked":"Leap","floor":23.0},{"not_picked":["Gash","Steam"],"picked":"Reinforced Body+1","floor":24},{"not_picked":["Stack","Doom and Gloom"],"picked":"Sweeping Beam+1","floor":25},{"not_picked":["Steam+1","Tempest+1"],"picked":"Leap+1","floor":27},{"not_picked":["Barrage","All For One"],"picked":"Ball Lightning","floor":28}],"player_experience":560301,"relics_obtained":[{"floor":5.0,"key":"Juzu Bracelet"},{"floor":6.0,"key":"Lantern"},{"floor":9.0,"key":"Potion Belt"},{"floor":11.0,"key":"Dream Catcher"},{"floor":14.0,"key":"Odd Mushroom"},{"floor":24,"key":"Ornamental Fan"},{"floor":26,"key":"Kunai"}],"event_choices":[{"damage_healed":0.0,"max_hp_gain":0.0,"max_hp_loss":0.0,"gold_gain":175.0,"event_name":"Liars Game","player_choice":"AGREE","floor":3.0,"gold_loss":0.0,"damage_taken":0.0,"cards_obtained":["Doubt"]},{"damage_healed":0.0,"max_hp_gain":0.0,"max_hp_loss":0.0,"gold_gain":75.0,"event_name":"World of Goop","player_choice":"Gather Gold","floor":4.0,"gold_loss":0.0,"damage_taken":11.0},{"damage_healed":25.0,"max_hp_gain":0.0,"max_hp_loss":0.0,"gold_gain":0.0,"event_name":"Big Fish","player_choice":"Banana","floor":8.0,"gold_loss":0.0,"damage_taken":0.0},{"damage_healed":0.0,"max_hp_gain":0.0,"max_hp_loss":0.0,"gold_gain":0.0,"event_name":"Dead Adventurer","player_choice":"Searched \u00271\u0027 times","floor":11.0,"gold_loss":0.0,"damage_taken":0.0},{"damage_healed":18.0,"max_hp_gain":0.0,"max_hp_loss":0.0,"gold_gain":0.0,"event_name":"The Cleric","player_choice":"Healed","floor":13.0,"gold_loss":35.0,"damage_taken":0.0},{"damage_healed":0.0,"max_hp_gain":0.0,"max_hp_loss":0.0,"gold_gain":0.0,"event_name":"Mushrooms","player_choice":"Fought Mushrooms","floor":14.0,"gold_loss":0.0,"damage_taken":0.0},{"damage_healed":0.0,"max_hp_gain":0.0,"max_hp_loss":0.0,"gold_gain":275.0,"event_name":"Golden Shrine","player_choice":"Desecrate","floor":21.0,"gold_loss":0.0,"damage_taken":0.0,"cards_obtained":["Regret"]},{"damage_healed":25,"gold_gain":0,"player_choice":"Heal","damage_taken":0,"max_hp_gain":0,"max_hp_loss":0,"event_name":"The Library","floor":29,"gold_loss":0},{"damage_healed":0,"gold_gain":0,"player_choice":"Ignored","damage_taken":0,"max_hp_gain":0,"max_hp_loss":0,"event_name":"Beggar","floor":30,"gold_loss":0},{"damage_healed":0,"gold_gain":0,"player_choice":"Ignored","damage_taken":0,"max_hp_gain":0,"max_hp_loss":0,"event_name":"Ghosts","floor":31,"gold_loss":0}],"is_beta":false,"boss_relics":[{"not_picked":["Fusion Hammer","Coffee Dripper"],"picked":"Orrery"}],"items_purged_floors":[22],"is_endless":false,"potions_floor_spawned":[1,2,16,20,28],"killed_by":"Collector","ascension_level":7}