{"path_per_floor":["M","M","M","?","?","E","R","M","T","M","M","M","M","$","R","B",null,"M","?","$","?","?","R","?","M","T","$","M"],"character_chosen":"THE_SILENT","items_purchased":["Backstab","Noxious Fumes"],"gold_per_floor":[118,135,147,97,97,131,131,146,146,161,181,193,212,67,67,172,172,190,190,90,90,90,90,90,102,129,48,62,62],"floor_reached":29,"campfire_rested":3,"playtime":1434,"current_hp_per_floor":[66,64,64,64,50,29,50,41,41,39,20,14,14,14,35,10,70,38,38,38,38,38,59,59,41,41,41,10,8],"items_purged":["Strike_G","Strike_G"],"gold":62,"score":252,"play_id":"eaa1806e-2f50-4152-8a3f-ac13d136a756","local_time":"20180512182737","is_prod":false,"is_daily":false,"chose_seed":false,"is_ascension_mode":false,"campfire_upgraded":0,"timestamp":1526174857,"path_taken":["M","M","M","?","?","E","R","M","T","?","?","M","M","$","R","BOSS","M","?","$","?","?","R","?","M","T","?","?","M"],"build_version":"2018-05-10","seed_source_timestamp":234422244804747,"purchased_purges":2,"victory":false,"master_deck":["Defend_G","Defend_G","Defend_G","Defend_G","Defend_G","Strike_G+1","Strike_G+1","Survivor","Neutralize","Deadly Poison","Slice","Slice","Dagger Spray","Noxious Fumes","Slice","Backstab","Doppelganger","Dagger Throw","Backstab","Slice+1","Noxious Fumes","Bouncing Flask"],"max_hp_per_floor":[70,70,70,70,70,70,70,70,70,70,70,70,70,70,70,70,70,70,70,70,70,70,70,70,70,70,70,70,70],"relics":["Ring of the Snake","Bottled Lightning","Unceasing Top","Philosopher\u0027s Stone","Ice Cream","Orichalcum"],"card_choices":[{"not_picked":["Escape Plan","Sucker Punch"],"picked":"Deadly Poison","floor":1},{"not_picked":["Quick Slash","Underhanded Strike"],"picked":"Slice","floor":2},{"not_picked":["Endless Agony","Bane"],"picked":"Slice","floor":3},{"not_picked":["Predator","Flying Knee"],"picked":"Dagger Spray","floor":6},{"not_picked":["Finisher","Acrobatics"],"picked":"Noxious Fumes","floor":10},{"not_picked":["Flechettes","Poisoned Stab"],"picked":"Slice","floor":13},{"not_picked":["Tactician","Night Terror"],"picked":"Doppelganger","floor":16},{"not_picked":["Bane","Deflect"],"picked":"Dagger Throw","floor":18},{"not_picked":["Poisoned Stab","Accuracy"],"picked":"Slice","floor":25},{"not_picked":["Flechettes","Underhanded Strike"],"picked":"Bouncing Flask","floor":28}],"player_experience":60462,"potions_floor_usage":[6,6,11,16,16,29,29],"damage_taken":[{"damage":4,"enemies":"Cultist","floor":1,"turns":4},{"damage":2,"enemies":"Small Slimes","floor":2,"turns":3},{"damage":0,"enemies":"2 Louse","floor":3,"turns":4},{"damage":21,"enemies":"3 Sentries","floor":6,"turns":11},{"damage":9,"enemies":"2 Fungi Beasts","floor":8,"turns":3},{"damage":2,"enemies":"Blue Slaver","floor":10,"turns":4},{"damage":19,"enemies":"3 Louse","floor":11,"turns":3},{"damage":6,"enemies":"Exordium Thugs","floor":12,"turns":5},{"damage":0,"enemies":"Lots of Slimes","floor":13,"turns":2},{"damage":25,"enemies":"Hexaghost","floor":16,"turns":8},{"damage":32,"enemies":"Chosen","floor":18,"turns":6},{"damage":18,"enemies":"3 Byrds","floor":25,"turns":5},{"damage":31,"enemies":"Snake Plant","floor":28,"turns":4},{"damage":2,"enemies":"Cultist and Chosen","floor":29,"turns":4}],"event_choices":[{"event_name":"The Cleric","player_choice":"Card Removal","floor":4,"damage_taken":0},{"event_name":"Shining Light","player_choice":"Entered Light","floor":5,"damage_taken":0},{"event_name":"The Library","player_choice":"Read","floor":19,"damage_taken":0},{"event_name":"Accursed Blacksmith","player_choice":"Rummage","floor":21,"damage_taken":0},{"event_name":"Vampires","player_choice":"Ignored","floor":22,"damage_taken":0},{"event_name":"Purifier","player_choice":"One Purge","floor":24,"damage_taken":0}],"boss_relics":[{"not_picked":["Snecko Eye","Calling Bell"],"picked":"Philosopher\u0027s Stone"}],"potions_floor_spawned":[1,2,3,6,13,18,25],"seed_played":"-543662487281730119","killed_by":"Cultist and Chosen","ascension_level":0,"is_trial":false}