{"gold_per_floor":[18,34,48,64,29,29,60,60,60,60,10,10,24,55,55,129,129,140,155,169,23,43,69,69,69],"floor_reached":25,"playtime":1170,"items_purged":[],"score":408,"play_id":"c9aaaa6e-9a22-4bbd-a95e-827fadf96994","local_time":"20190411140309","is_ascension_mode":true,"campfire_choices":[{"data":"Undo","floor":6.0,"key":"SMITH"},{"floor":8.0,"key":"REST"},{"data":"Conserve Battery","floor":10.0,"key":"SMITH"},{"data":"Defragment","floor":12.0,"key":"SMITH"},{"floor":15.0,"key":"REST"},{"floor":24,"key":"REST"}],"neow_cost":"NO_GOLD","seed_source_timestamp":0,"circlet_count":0,"master_deck":["AscendersBane","Strike_B","Strike_B","Strike_B","Strike_B","Defend_B","Defend_B","Defend_B","Defend_B","Zap","Dualcast","Defragment","Defragment+1","Undo+1","Conserve Battery+1","Seek","Cold Snap","Core Surge","Ball Lightning","Cold Snap","Coolheaded","Echo Form"],"special_seed":0,"relics":["Cracked Core","Shuriken","Emotion Chip","Ginger","Sozu","Lantern","Girya"],"potions_floor_usage":[23,23],"damage_taken":[{"damage":3.0,"enemies":"Small Slimes","floor":1.0,"turns":4.0},{"damage":2.0,"enemies":"Jaw Worm","floor":2.0,"turns":3.0},{"damage":1.0,"enemies":"Cultist","floor":3.0,"turns":3.0},{"damage":11.0,"enemies":"3 Louse","floor":4.0,"turns":5.0},{"damage":60.0,"enemies":"Gremlin Nob","floor":7.0,"turns":6.0},{"damage":6.0,"enemies":"Looter","floor":13.0,"turns":3.0},{"damage":6.0,"enemies":"Lagavulin","floor":14.0,"turns":7.0},{"damage":45.0,"enemies":"Slime Boss","floor":16.0,"turns":12.0},{"damage":11.0,"enemies":"Chosen","floor":18.0,"turns":5.0},{"damage":0.0,"enemies":"Shell Parasite","floor":19.0,"turns":6.0},{"damage":24.0,"enemies":"Cultist and Chosen","floor":20.0,"turns":7.0},{"damage":14.0,"enemies":"3 Cultists","floor":22.0,"turns":6.0},{"damage":13,"enemies":"Slavers","floor":23,"turns":7},{"damage":33,"enemies":"Gremlin Leader","floor":25,"turns":2}],"seed_played":"3345141036148319954","potions_obtained":[{"floor":1.0,"key":"Regen Potion"},{"floor":4.0,"key":"SpeedPotion"},{"floor":16.0,"key":"FocusPotion"}],"is_trial":false,"path_per_floor":["M","M","M","M","?","R","E","R","T","R","$","R","M","E","R","B",null,"M","M","M","$","M","E","R","E"],"character_chosen":"DEFECT","items_purchased":["PowerPotion","Lantern"],"campfire_rested":3,"item_purchase_floors":[11,21],"current_hp_per_floor":[75,73,72,75,85,85,25,50,50,50,50,50,44,38,63,18,68,57,57,33,33,19,6,31,0],"gold":69,"neow_bonus":"TWENTY_PERCENT_HP_BONUS","is_prod":false,"is_daily":false,"chose_seed":false,"campfire_upgraded":3,"win_rate":0,"timestamp":1555009389,"path_taken":["M","M","M","M","?","R","E","R","T","R","$","R","M","E","R","BOSS","M","M","M","$","M","E","R","E"],"build_version":"2019-01-23","purchased_purges":0,"victory":false,"max_hp_per_floor":[85,85,85,85,85,85,85,85,85,85,85,85,85,85,85,85,85,85,85,85,85,85,85,85,85],"card_choices":[{"not_picked":["Sweeping Beam","Consume"],"picked":"Defragment","floor":1.0},{"not_picked":["Compile Driver","Stack"],"picked":"Defragment","floor":2.0},{"not_picked":["Redo","Tempest"],"picked":"Undo","floor":3.0},{"not_picked":["Steam","Loop"],"picked":"Conserve Battery","floor":4.0},{"not_picked":["Reprogram","White Noise"],"picked":"Seek","floor":7.0},{"not_picked":["Rebound","Barrage","Rip and Tear"],"picked":"SKIP","floor":13.0},{"not_picked":["Coolheaded","Turbo"],"picked":"Cold Snap","floor":14.0},{"not_picked":["Rainbow","Fission"],"picked":"Core Surge","floor":16.0},{"not_picked":["Steam","Compile Driver+1"],"picked":"Ball Lightning","floor":18.0},{"not_picked":["Steam Power","Leap","Scrape"],"picked":"SKIP","floor":19.0},{"not_picked":["Blizzard","Darkness"],"picked":"Cold Snap","floor":20.0},{"not_picked":["Chill","Cold Snap"],"picked":"Coolheaded","floor":22.0},{"not_picked":["White Noise+1","Aggregate"],"picked":"Echo Form","floor":23}],"player_experience":374073,"relics_obtained":[{"floor":7.0,"key":"Shuriken"},{"floor":9.0,"key":"Emotion Chip"},{"floor":14.0,"key":"Ginger"},{"floor":23,"key":"Girya"}],"event_choices":[{"damage_healed":21.0,"max_hp_gain":0.0,"max_hp_loss":0.0,"gold_gain":0.0,"event_name":"The Cleric","player_choice":"Healed","floor":5.0,"gold_loss":35.0,"damage_taken":0.0}],"is_beta":false,"boss_relics":[{"not_picked":["FrozenCore","Ectoplasm"],"picked":"Sozu"}],"items_purged_floors":[],"is_endless":false,"potions_floor_spawned":[1,4,13,16,18,20],"killed_by":"Gremlin Leader","ascension_level":15}