{"gold_per_floor":[109,284,284,284,8,8,347,38,61,81,81,125,125,140,140,230,230,245,51,76,26,47,91,91,114,114,114,114],"floor_reached":28,"playtime":1409,"items_purged":["Doubt"],"score":444,"play_id":"911822b9-dd08-4f68-bbbd-c71f7acfb273","local_time":"20190409211659","is_ascension_mode":true,"campfire_choices":[{"data":"Defend_G","floor":6,"key":"SMITH"},{"data":"Dodge and Roll","floor":11,"key":"SMITH"},{"data":"Envenom","floor":13,"key":"SMITH"},{"data":"Dodge and Roll","floor":15,"key":"SMITH"},{"data":"Cloak And Dagger","floor":24,"key":"SMITH"},{"data":"Malaise","floor":27,"key":"SMITH"}],"neow_cost":"NONE","seed_source_timestamp":16264999775587,"circlet_count":0,"master_deck":["AscendersBane","Defend_G+1","Defend_G","Defend_G","Defend_G","Defend_G","Strike_G","Strike_G","Strike_G+1","Strike_G","Strike_G","Survivor+1","Neutralize+1","Accuracy","Flying Knee+1","Dodge and Roll+1","Envenom+1","Dodge and Roll+1","Malaise+1","PiercingWail","Slice","Cloak And Dagger+1","Skewer+1","Riddle With Holes"],"relics":["Ring of the Snake","NeowsBlessing","Golden Idol","Toolbox","Old Coin","Ice Cream","Art of War","Whetstone","Velvet Choker","Sling","Pantograph"],"potions_floor_usage":[12,16,23,28],"damage_taken":[{"damage":0,"enemies":"Jaw Worm","floor":1,"turns":1},{"damage":0,"enemies":"Gremlin Nob","floor":7,"turns":1},{"damage":0,"enemies":"2 Louse","floor":10,"turns":1},{"damage":6,"enemies":"3 Sentries","floor":12,"turns":10},{"damage":0,"enemies":"Small Slimes","floor":14,"turns":2},{"damage":9,"enemies":"The Guardian","floor":16,"turns":16},{"damage":0,"enemies":"Shell Parasite","floor":18,"turns":12},{"damage":18,"enemies":"Spheric Guardian","floor":20,"turns":8},{"damage":0,"enemies":"Snake Plant","floor":22,"turns":8},{"damage":6,"enemies":"Book of Stabbing","floor":23,"turns":10},{"damage":17,"enemies":"Sentry and Sphere","floor":25,"turns":5},{"damage":24,"enemies":"Gremlin Leader","floor":28,"turns":4}],"seed_played":"6609342391959744294","potions_obtained":[{"floor":1,"key":"Strength Potion"},{"floor":10,"key":"Block Potion"},{"floor":14,"key":"SpeedPotion"},{"floor":20,"key":"Swift Potion"},{"floor":22,"key":"PowerPotion"}],"is_trial":false,"path_per_floor":["M","?","?","?","$","R","E","$","T","M","R","E","R","M","R","B",null,"M","$","M","?","M","E","R","M","T","R","E"],"character_chosen":"THE_SILENT","items_purchased":["Toolbox","Ice Cream","Sling"],"campfire_rested":0,"item_purchase_floors":[5,8,19],"current_hp_per_floor":[63,63,49,32,32,32,32,32,32,32,32,26,26,26,26,17,57,57,57,39,39,39,33,33,16,16,16,0],"gold":114,"neow_bonus":"THREE_ENEMY_KILL","is_prod":false,"is_daily":false,"chose_seed":false,"campfire_upgraded":6,"win_rate":0,"timestamp":1554869819,"path_taken":["M","?","?","?","$","R","E","$","T","M","R","E","R","M","R","BOSS","M","$","M","?","M","E","R","M","T","R","E"],"build_version":"2019-01-23","purchased_purges":1,"victory":false,"max_hp_per_floor":[70,70,70,70,70,70,70,70,70,70,70,70,70,70,70,70,70,70,70,70,70,70,70,70,70,70,70,70],"card_choices":[{"not_picked":["Calculated Gamble","Bane"],"picked":"Accuracy","floor":1},{"not_picked":["Outmaneuver","PiercingWail"],"picked":"Flying Knee","floor":7},{"not_picked":["Deflect","Masterful Stab"],"picked":"Dodge and Roll","floor":10},{"not_picked":["Dodge and Roll","Well Laid Plans"],"picked":"Envenom","floor":12},{"not_picked":["Underhanded Strike","Quick Slash"],"picked":"Dodge and Roll","floor":14},{"not_picked":["Envenom","Corpse Explosion"],"picked":"Malaise","floor":16},{"not_picked":["Acrobatics","Poisoned Stab"],"picked":"PiercingWail","floor":18},{"not_picked":["Masterful Stab","Finisher"],"picked":"Slice","floor":20},{"not_picked":["Accuracy","Dagger Spray"],"picked":"Cloak And Dagger","floor":22},{"not_picked":["Caltrops","Predator"],"picked":"Skewer+1","floor":23},{"not_picked":["Quick Slash","Slice"],"picked":"Riddle With Holes","floor":25}],"player_experience":345016,"relics_obtained":[{"floor":7,"key":"Old Coin"},{"floor":9,"key":"Art of War"},{"floor":12,"key":"Whetstone"},{"floor":23,"key":"Pantograph"}],"event_choices":[{"damage_healed":0,"gold_gain":175,"player_choice":"AGREE","damage_taken":0,"max_hp_gain":0,"max_hp_loss":0,"event_name":"Liars Game","floor":2,"gold_loss":0,"cards_obtained":["Doubt"]},{"damage_healed":0,"gold_gain":0,"player_choice":"Entered Light","damage_taken":14,"max_hp_gain":0,"max_hp_loss":0,"event_name":"Shining Light","floor":3,"gold_loss":0,"cards_upgraded":["Survivor","Neutralize"]},{"damage_healed":0,"gold_gain":0,"player_choice":"Take Damage","damage_taken":17,"relics_obtained":["Golden Idol"],"max_hp_gain":0,"max_hp_loss":0,"event_name":"Golden Idol","floor":4,"gold_loss":0},{"damage_healed":0,"gold_gain":0,"player_choice":"Bet on Murderer","damage_taken":0,"max_hp_gain":0,"max_hp_loss":0,"event_name":"The Joust","floor":21,"gold_loss":50}],"is_beta":false,"boss_relics":[{"not_picked":["Lizard Tail","Tiny House"],"picked":"Velvet Choker"}],"items_purged_floors":[5],"is_endless":false,"potions_floor_spawned":[1,10,14,20,22],"killed_by":"Gremlin Leader","ascension_level":13}