{"gold_per_floor":[110,122,134,151,151,151,151,151,178,178,194,209,236,255,255,255],"floor_reached":16,"playtime":857,"items_purged":[],"score":156,"play_id":"afb04e47-70c3-459a-a82a-e55e60edcbc1","local_time":"20190407110155","is_ascension_mode":true,"campfire_choices":[{"data":"Noxious Fumes","floor":6,"key":"SMITH"},{"data":"Backstab","floor":8,"key":"SMITH"},{"data":"Survivor","floor":10,"key":"SMITH"},{"data":"Envenom","floor":15,"key":"SMITH"}],"neow_cost":"NONE","seed_source_timestamp":78884370099000,"circlet_count":0,"master_deck":["AscendersBane","Defend_G","Defend_G","Defend_G","Defend_G","Defend_G","Strike_G","Strike_G","Strike_G+1","Strike_G","Strike_G","Survivor+1","Neutralize+1","Noxious Fumes+1","Slice+1","Backstab+1","Dagger Spray","Skewer","Envenom+1","PiercingWail"],"relics":["Ring of the Snake","Orichalcum","Whetstone"],"potions_floor_usage":[2,3,4,13,16],"damage_taken":[{"damage":0,"enemies":"Cultist","floor":1,"turns":4},{"damage":7,"enemies":"Small Slimes","floor":2,"turns":4},{"damage":0,"enemies":"2 Louse","floor":3,"turns":2},{"damage":9,"enemies":"Red Slaver","floor":4,"turns":5},{"damage":0,"enemies":"Blue Slaver","floor":11,"turns":3},{"damage":19,"enemies":"Gremlin Gang","floor":12,"turns":5},{"damage":28,"enemies":"Lagavulin","floor":13,"turns":6},{"damage":0,"enemies":"2 Fungi Beasts","floor":14,"turns":2},{"damage":30,"enemies":"Hexaghost","floor":16,"turns":9}],"seed_played":"1963648952880548309","potions_obtained":[{"floor":1,"key":"Energy Potion"},{"floor":2,"key":"Weak Potion"},{"floor":3,"key":"Ancient Potion"},{"floor":11,"key":"Weak Potion"},{"floor":14,"key":"FearPotion"}],"is_trial":false,"path_per_floor":["M","M","M","M","?","R","?","R","T","R","M","M","E","M","R","B"],"character_chosen":"THE_SILENT","items_purchased":[],"campfire_rested":0,"item_purchase_floors":[],"current_hp_per_floor":[70,63,63,54,54,54,77,77,77,77,77,58,30,30,30,0],"gold":255,"neow_bonus":"TEN_PERCENT_HP_BONUS","is_prod":false,"is_daily":false,"chose_seed":false,"campfire_upgraded":4,"win_rate":0,"timestamp":1554660115,"path_taken":["M","?","M","M","?","R","?","R","T","R","M","M","E","M","R","BOSS"],"build_version":"2019-01-23","purchased_purges":0,"victory":false,"max_hp_per_floor":[77,77,77,77,77,77,77,77,77,77,77,77,77,77,77,77],"card_choices":[{"not_picked":["Bouncing Flask","Infinite Blades"],"picked":"Noxious Fumes","floor":1},{"not_picked":["Backflip","Deadly Poison"],"picked":"Predator","floor":2},{"not_picked":["Expertise","Distraction"],"picked":"Slice","floor":3},{"not_picked":["Dagger Throw","Heel Hook"],"picked":"Backstab","floor":4},{"not_picked":["Bane","Outmaneuver"],"picked":"Dagger Spray","floor":11},{"not_picked":["Quick Slash","Acrobatics"],"picked":"Skewer","floor":12},{"not_picked":["Bane","Backflip"],"picked":"Envenom","floor":13},{"not_picked":["Sucker Punch","Dagger Throw"],"picked":"PiercingWail","floor":14}],"player_experience":744481,"relics_obtained":[{"floor":9,"key":"Orichalcum"},{"floor":13,"key":"Whetstone"}],"event_choices":[{"damage_healed":0,"gold_gain":0,"player_choice":"Grow","damage_taken":0,"max_hp_gain":0,"max_hp_loss":0,"event_name":"Living Wall","floor":5,"gold_loss":0,"cards_upgraded":["Neutralize"]},{"cards_removed":["Predator"],"damage_healed":23,"gold_gain":0,"player_choice":"Offered Uncommon","damage_taken":0,"max_hp_gain":0,"max_hp_loss":0,"event_name":"Bonfire Elementals","floor":7,"gold_loss":0}],"is_beta":false,"boss_relics":[],"items_purged_floors":[],"is_endless":false,"potions_floor_spawned":[1,2,3,11,14],"killed_by":"Hexaghost","ascension_level":10}