{"gold_per_floor":[114,11,24,24,24,53,53,86,86,236,236,156,156,174,174,251,251,251],"floor_reached":18,"playtime":855,"items_purged":[],"score":299,"play_id":"0e2f0f1d-c0b7-473a-b6ab-04bd29b9c6cd","local_time":"20190311223957","is_ascension_mode":true,"campfire_choices":[{"floor":7,"key":"REST"},{"floor":11,"key":"REST"},{"data":"Blizzard","floor":13,"key":"SMITH"},{"data":"Streamline","floor":15,"key":"SMITH"}],"neow_cost":"NONE","seed_source_timestamp":404577929114925,"circlet_count":0,"master_deck":["AscendersBane","Strike_B","Defend_B","Defend_B","Defend_B","Defend_B","Zap","Dualcast","Coolheaded","Loop+1","Ball Lightning","Capacitor+1","Streamline+1","Coolheaded","Blizzard+1","Doubt","Creative AI"],"relics":["Empty Cage","Girya","Mummified Hand","The Courier","Lantern","Inserter"],"potions_floor_usage":[6,8],"damage_taken":[{"damage":3,"enemies":"Jaw Worm","floor":1,"turns":4},{"damage":8,"enemies":"Small Slimes","floor":3,"turns":3},{"damage":14,"enemies":"3 Sentries","floor":6,"turns":9},{"damage":8,"enemies":"Lagavulin","floor":8,"turns":10},{"damage":0,"enemies":"2 Louse","floor":14,"turns":3},{"damage":49,"enemies":"Slime Boss","floor":16,"turns":11},{"damage":52,"enemies":"3 Byrds","floor":18,"turns":7}],"seed_played":"8054267122726126912","potions_obtained":[{"floor":3,"key":"Block Potion"},{"floor":8,"key":"Fruit Juice"},{"floor":16,"key":"Dexterity Potion"}],"is_trial":false,"path_per_floor":["M","$","M","?","?","E","R","E","T","?","R","?","R","M","R","B",null,"M"],"character_chosen":"DEFECT","items_purchased":["Loop","Ball Lightning"],"campfire_rested":2,"item_purchase_floors":[2,2],"current_hp_per_floor":[61,61,53,53,32,18,39,36,36,36,58,58,58,58,58,9,59,7],"gold":251,"neow_bonus":"BOSS_RELIC","is_prod":false,"is_daily":false,"chose_seed":false,"campfire_upgraded":2,"win_rate":0,"timestamp":1552361997,"path_taken":["M","$","M","?","?","E","R","E","T","?","R","?","R","?","R","BOSS","M"],"build_version":"2019-01-23","purchased_purges":0,"victory":false,"max_hp_per_floor":[71,71,71,71,71,71,71,76,76,76,76,76,76,76,76,76,76,76],"card_choices":[{"not_picked":["Rebound","White Noise"],"picked":"Coolheaded","floor":1},{"not_picked":["Streamline","Steam"],"picked":"Capacitor","floor":3},{"not_picked":["Reinforced Body","Storm"],"picked":"Coolheaded","floor":6},{"not_picked":["Stack","Fusion"],"picked":"Blizzard","floor":8},{"not_picked":["Skim","Fusion","Sweeping Beam"],"picked":"SKIP","floor":14},{"not_picked":["Biased Cognition","Fission"],"picked":"Creative AI","floor":16}],"player_experience":682394,"relics_obtained":[{"floor":6,"key":"Girya"},{"floor":8,"key":"Mummified Hand"},{"floor":9,"key":"The Courier"}],"event_choices":[{"damage_healed":0,"gold_gain":0,"cards_transformed":["Strike_B"],"player_choice":"Change","damage_taken":0,"max_hp_gain":0,"max_hp_loss":0,"event_name":"Living Wall","floor":4,"gold_loss":0,"cards_obtained":["Streamline"]},{"damage_healed":0,"gold_gain":0,"player_choice":"Entered Light","damage_taken":21,"max_hp_gain":0,"max_hp_loss":0,"event_name":"Shining Light","floor":5,"gold_loss":0,"cards_upgraded":["Capacitor","Loop"]},{"damage_healed":0,"gold_gain":150,"player_choice":"AGREE","damage_taken":0,"max_hp_gain":0,"max_hp_loss":0,"event_name":"Liars Game","floor":10,"gold_loss":0,"cards_obtained":["Doubt"]},{"damage_healed":0,"gold_gain":0,"player_choice":"Paid Gold","damage_taken":0,"relics_obtained":["Lantern"],"max_hp_gain":0,"max_hp_loss":0,"event_name":"WeMeetAgain","floor":12,"gold_loss":80}],"is_beta":false,"boss_relics":[{"not_picked":["Runic Pyramid","Philosopher\u0027s Stone"],"picked":"Inserter"}],"items_purged_floors":[],"is_endless":false,"potions_floor_spawned":[3,8,16],"killed_by":"3 Byrds","ascension_level":16}