{"gold_per_floor":[119,145,93,93,108,108,121,121,146,158,169,169,169,169,169,244,244,350,27,27,27,27,27,46,74,74,74],"floor_reached":27,"playtime":805,"items_purged":["Voices"],"score":438,"play_id":"9f6cb4a8-7dff-4720-a84a-511493316a89","local_time":"20190411153428","is_ascension_mode":true,"campfire_choices":[{"data":"BasicCrystalCard","floor":6,"key":"SMITH"},{"data":"Genetic Algorithm","floor":8,"key":"SMITH"},{"data":"ReplayTheSpireMod:Dual Polarity","floor":13,"key":"SMITH"},{"floor":15,"key":"REST"},{"floor":23,"key":"REST"}],"neow_cost":"NONE","seed_source_timestamp":162794631464235,"circlet_count":0,"master_deck":["AscendersBane","Strike_B","Strike_B","Strike_B","Strike_B","Defend_B","Defend_B","Defend_B","Defend_B","Zap","Dualcast","Ball Lightning+1","BasicCrystalCard","BasicCrystalCard+1","Genetic Algorithm+1","Redo+1","ReplayTheSpireMod:Dual Polarity+1","Electrodynamics","Barrage","FIFO Queue","Compile Driver","Rebound"],"relics":["Seething Fire","Hammer of Thor","Anvil of the Gods","Velvet Choker","infinitespire:Lucky Rock","Happy Flower","Ring of Shattering","Ring of Hypnosis","Nuclear Battery","Omamori","PreservedInsect","Durian","FossilizedHelix"],"potions_floor_usage":[11,16,18,27],"damage_taken":[{"damage":2,"enemies":"Cultist","floor":1,"turns":4},{"damage":2,"enemies":"Jaw Worm","floor":5,"turns":3},{"damage":4,"enemies":"conspire:RoseBush","floor":7,"turns":3},{"damage":1,"enemies":"Looter","floor":10,"turns":2},{"damage":17,"enemies":"Exordium Thugs","floor":11,"turns":3},{"damage":49,"enemies":"The Guardian","floor":16,"turns":10},{"damage":20,"enemies":"3 Byrds","floor":18,"turns":3},{"damage":25,"enemies":"Spheric Guardian","floor":24,"turns":4},{"damage":15,"enemies":"conspire:Head Lice","floor":25,"turns":4},{"damage":24,"enemies":"3 Cultists","floor":27,"turns":4}],"seed_played":"-1400588771897492325","potions_obtained":[{"floor":1,"key":"Strength Potion"},{"floor":5,"key":"AttackPotion"},{"floor":16,"key":"Venom Potion"},{"floor":25,"key":"PowerPotion"}],"is_trial":false,"path_per_floor":["M","T","$","?","M","R","M","R","T","M","M","?","R","?","R","B",null,"M","$","?","?","?","R","M","E","T","M"],"character_chosen":"DEFECT","items_purchased":["BasicCrystalCard","FIFO Queue","Omamori"],"campfire_rested":2,"item_purchase_floors":[3,19,19],"current_hp_per_floor":[62,62,62,62,60,60,56,56,56,55,38,38,38,38,59,10,56,36,36,36,36,36,57,32,22,22,0],"gold":74,"neow_bonus":"BOSS_RELIC","is_prod":false,"is_daily":false,"chose_seed":false,"campfire_upgraded":3,"win_rate":0,"timestamp":1555014868,"path_taken":["M","?","$","?","M","R","M","R","T","M","M","?","R","?","R","BOSS","M","$","?","?","?","R","M","E","T","M"],"build_version":"2019-01-23","purchased_purges":1,"victory":false,"max_hp_per_floor":[71,71,71,71,71,71,71,71,71,71,71,71,71,71,71,71,71,71,71,71,71,71,71,71,76,76,76],"card_choices":[{"not_picked":["Aggregate","Heatsinks"],"picked":"Ball Lightning","floor":1},{"not_picked":["Hologram","Chaos"],"picked":"BasicCrystalCard","floor":5},{"not_picked":["Panic Button","Go for the Eyes"],"picked":"Genetic Algorithm","floor":7},{"not_picked":["Panic Button","Ball Lightning"],"picked":"Redo","floor":10},{"not_picked":["Streamline","Electrodynamics"],"picked":"ReplayTheSpireMod:Dual Polarity","floor":11},{"not_picked":["Hyperbeam","Thunder Strike"],"picked":"Electrodynamics","floor":16},{"not_picked":["Compile Driver","Go for the Eyes"],"picked":"Barrage","floor":18},{"not_picked":["Streamline","Rebound"],"picked":"Compile Driver","floor":24},{"not_picked":["Tempest+1","Gash"],"picked":"Rebound","floor":25}],"player_experience":912740,"relics_obtained":[{"floor":2,"key":"infinitespire:Lucky Rock"},{"floor":9,"key":"Happy Flower"},{"floor":14,"key":"Ring of Shattering"},{"floor":14,"key":"Ring of Hypnosis"},{"floor":25,"key":"Durian"},{"floor":26,"key":"FossilizedHelix"}],"event_choices":[{"damage_healed":0,"gold_gain":0,"player_choice":"Ignored","damage_taken":0,"max_hp_gain":0,"max_hp_loss":0,"event_name":"Shining Light","floor":12,"gold_loss":0},{"damage_healed":0,"gold_gain":0,"player_choice":"Ignored","damage_taken":0,"max_hp_gain":0,"max_hp_loss":0,"event_name":"Beggar","floor":20,"gold_loss":0},{"damage_healed":0,"gold_gain":0,"player_choice":"Stole Relic","damage_taken":0,"relics_obtained":["PreservedInsect"],"max_hp_gain":0,"max_hp_loss":0,"event_name":"Addict","floor":21,"gold_loss":0,"cards_obtained":["Shame"]},{"damage_healed":0,"gold_gain":0,"player_choice":"Forge","damage_taken":0,"max_hp_gain":0,"max_hp_loss":0,"event_name":"Accursed Blacksmith","floor":22,"gold_loss":0,"cards_upgraded":["Redo"]}],"is_beta":false,"boss_relics":[{"not_picked":["Tiny House","ReplayTheSpireMod:Onyx Gauntlets"],"picked":"Nuclear Battery"}],"items_purged_floors":[19],"is_endless":false,"potions_floor_spawned":[1,5,10,16,25],"killed_by":"3 Cultists","ascension_level":20}