{"gold_per_floor":[12,27,302,317,334,334,362,362,413,413,14,41,57,69,69,173,173,184,198,217,232,232],"floor_reached":22,"playtime":2085,"items_purged":["Strike_B"],"score":225,"play_id":"3cff685f-bd96-4fbf-ae75-1fcdfd742036","local_time":"20190407162602","is_ascension_mode":false,"campfire_choices":[{"data":"Redo","floor":6,"key":"SMITH"},{"data":"Redo","floor":8,"key":"SMITH"},{"data":"Zap","floor":10,"key":"SMITH"},{"data":"Fission","floor":15,"key":"SMITH"}],"neow_cost":"NO_GOLD","seed_source_timestamp":6678142719836692,"circlet_count":0,"master_deck":["Strike_B","Strike_B","Strike_B","Defend_B","Defend_B","Defend_B","Defend_B","Zap+1","Dualcast","All For One","Beam Cell","Redo+1","Regret","Go for the Eyes","Redo+1","Echo Form","Fission+1","Flash of Steel","Gash","Go for the Eyes","BootSequence","Rainbow","Scrape","Gash","Darkness+1"],"relics":["Cracked Core","Pantograph","Strawberry","Vajra","Art of War","Black Star"],"potions_floor_usage":[16,16,16,21,21,22],"damage_taken":[{"damage":0,"enemies":"2 Louse","floor":1,"turns":2},{"damage":0,"enemies":"Cultist","floor":2,"turns":3},{"damage":1,"enemies":"Small Slimes","floor":4,"turns":3},{"damage":3,"enemies":"Exordium Wildlife","floor":5,"turns":3},{"damage":38,"enemies":"3 Sentries","floor":7,"turns":6},{"damage":0,"enemies":"Gremlin Nob","floor":12,"turns":2},{"damage":0,"enemies":"2 Fungi Beasts","floor":13,"turns":2},{"damage":8,"enemies":"Red Slaver","floor":14,"turns":2},{"damage":24,"enemies":"Hexaghost","floor":16,"turns":8},{"damage":15,"enemies":"3 Byrds","floor":18,"turns":5},{"damage":28,"enemies":"2 Thieves","floor":19,"turns":4},{"damage":15,"enemies":"Centurion and Healer","floor":20,"turns":6},{"damage":15,"enemies":"Shelled Parasite and Fungi","floor":21,"turns":4},{"damage":9,"enemies":"3 Cultists","floor":22,"turns":2}],"seed_played":"-2010870495023527306","potions_obtained":[{"floor":4,"key":"Poison Potion"},{"floor":5,"key":"Weak Potion"},{"floor":12,"key":"SkillPotion"},{"floor":13,"key":"Regen Potion"},{"floor":19,"key":"EssenceOfSteel"},{"floor":20,"key":"EssenceOfSteel"},{"floor":21,"key":"EssenceOfSteel"}],"is_trial":false,"path_per_floor":["M","M","?","M","M","R","E","R","T","R","$","E","M","M","R","B",null,"M","M","M","M","M"],"character_chosen":"DEFECT","items_purchased":["Fission","Flash of Steel","Vajra"],"campfire_rested":0,"item_purchase_floors":[11,11,11],"current_hp_per_floor":[75,75,75,74,71,71,33,33,40,40,40,40,40,32,32,48,82,67,39,24,9,0],"gold":232,"neow_bonus":"THREE_RARE_CARDS","is_prod":false,"is_daily":false,"chose_seed":false,"campfire_upgraded":4,"win_rate":0.0,"timestamp":1554668762,"path_taken":["M","M","?","M","M","R","E","R","T","R","?","E","M","M","R","BOSS","M","M","M","?","M"],"build_version":"2019-01-23","purchased_purges":1,"victory":false,"max_hp_per_floor":[75,75,75,75,75,75,75,75,82,82,82,82,82,82,82,82,82,82,82,82,82,82],"card_choices":[{"not_picked":["Reboot","Meteor Strike"],"picked":"All For One","floor":0},{"not_picked":["Leap","Cold Snap"],"picked":"Beam Cell","floor":1},{"not_picked":["Turbo","Streamline"],"picked":"Redo","floor":2},{"not_picked":["Cold Snap","Sweeping Beam"],"picked":"Go for the Eyes","floor":4},{"not_picked":["Compile Driver","Beam Cell"],"picked":"Redo","floor":5},{"not_picked":["Aggregate","Steam"],"picked":"Echo Form","floor":7},{"not_picked":["Steam","Ball Lightning"],"picked":"Gash","floor":12},{"not_picked":["Ball Lightning","Rebound"],"picked":"Go for the Eyes","floor":13},{"not_picked":["Hologram","Barrage"],"picked":"BootSequence","floor":14},{"not_picked":["Machine Learning","Seek"],"picked":"Rainbow","floor":16},{"not_picked":["Melter","Consume","Auto Shields+1"],"picked":"SKIP","floor":18},{"not_picked":["Force Field+1","Barrage"],"picked":"Scrape","floor":19},{"not_picked":["Barrage+1","Compile Driver+1"],"picked":"Gash","floor":20},{"not_picked":["Hologram+1","Sweeping Beam"],"picked":"Darkness+1","floor":21}],"player_experience":198752,"relics_obtained":[{"floor":7,"key":"Pantograph"},{"floor":9,"key":"Strawberry"},{"floor":12,"key":"Art of War"}],"event_choices":[{"damage_healed":0,"gold_gain":275,"player_choice":"Desecrate","damage_taken":0,"max_hp_gain":0,"max_hp_loss":0,"event_name":"Golden Shrine","floor":3,"gold_loss":0,"cards_obtained":["Regret"]}],"is_beta":false,"boss_relics":[{"not_picked":["Philosopher\u0027s Stone","Lizard Tail"],"picked":"Black Star"}],"items_purged_floors":[11],"is_endless":false,"potions_floor_spawned":[4,5,12,13,14,19,20,21],"killed_by":"3 Cultists","ascension_level":0}