{"gold_per_floor":[360,380,380,15,15,46,46,58,58,70,88,105,105],"floor_reached":13,"playtime":740,"items_purged":[],"score":87,"play_id":"33011989-f53a-4924-aa1f-1ab833c62fd8","local_time":"20180625211349","is_ascension_mode":false,"campfire_choices":[{"data":"Chaos","floor":7,"key":"SMITH"}],"neow_cost":"TEN_PERCENT_HP_LOSS","seed_source_timestamp":438546278627635,"circlet_count":0,"master_deck":["Strike_B","Strike_B","Strike_B","Defend_B","Defend_B","Defend_B","Defend_B","Zap","Dualcast","Coolheaded","Redo+1","Injury","Capacitor","Lockon","Chaos+1","Aggregate","Redo","Reinforced Body","Stack","Blizzard"],"relics":["Cracked Core","Kunai","Toolbox","Ornamental Fan"],"potions_floor_usage":[],"damage_taken":[{"damage":2,"enemies":"2 Louse","floor":1,"turns":3},{"damage":6,"enemies":"Cultist","floor":2,"turns":5},{"damage":19,"enemies":"3 Sentries","floor":6,"turns":7},{"damage":0,"enemies":"Small Slimes","floor":8,"turns":3},{"damage":5,"enemies":"Looter","floor":10,"turns":4},{"damage":7,"enemies":"3 Louse","floor":11,"turns":3},{"damage":12,"enemies":"2 Fungi Beasts","floor":12,"turns":3},{"damage":21,"floor":13,"turns":2}],"seed_played":"8583072452250798353","potions_obtained":[{"floor":6,"key":"Swift Potion"},{"floor":11,"key":"Energy Potion"},{"floor":12,"key":"FearPotion"}],"is_trial":false,"path_per_floor":["M","M","?","$","?","E","R","M","T","M","M","M"],"character_chosen":"DEFECT","items_purchased":["Capacitor","Kunai","Lockon"],"campfire_rested":0,"item_purchase_floors":[4,4,4],"current_hp_per_floor":[66,60,60,60,60,41,41,41,41,36,29,17,0],"gold":105,"neow_bonus":"TWO_FIFTY_GOLD","is_prod":false,"is_daily":false,"chose_seed":false,"campfire_upgraded":1,"win_rate":0.0,"timestamp":1529982829,"path_taken":["M","M","?","$","?","E","R","M","T","M","M","M","?"],"build_version":"2018-06-21v2","purchased_purges":0,"victory":false,"max_hp_per_floor":[68,68,68,68,68,68,68,68,68,68,68,68,68],"card_choices":[{"not_picked":["Steam","Tempest"],"picked":"Coolheaded","floor":1},{"not_picked":["Doom and Gloom","Ball Lightning"],"picked":"Redo","floor":2},{"not_picked":["Sweeping Beam","Barrage"],"picked":"Aggregate","floor":6},{"not_picked":["Melter","Steam"],"picked":"Redo","floor":8},{"not_picked":["Ball Lightning","Coolheaded"],"picked":"Reinforced Body","floor":10},{"not_picked":["Go for the Eyes","Seek"],"picked":"Stack","floor":11},{"not_picked":["Ball Lightning","Rebound"],"picked":"Blizzard","floor":12}],"player_experience":26692,"relics_obtained":[{"floor":6,"key":"Toolbox"},{"floor":9,"key":"Ornamental Fan"}],"event_choices":[{"event_name":"Accursed Blacksmith","player_choice":"Forge","floor":3,"damage_taken":0},{"event_name":"Living Wall","player_choice":"Change","floor":5,"damage_taken":0},{"event_name":"Mushrooms","player_choice":"Fought Mushrooms","floor":13,"damage_taken":0}],"boss_relics":[],"items_purged_floors":[],"is_endless":false,"potions_floor_spawned":[6,11,12],"ascension_level":0}