{"gold_per_floor":[111,122,135,153,153,153,169,169,169,169,13,63,63,96,96,200,200,215,215,235,37,50,50,69,84,108,108,8,8,42,42,42,42],"floor_reached":33,"playtime":1246,"items_purged":["Barricade","Bash"],"score":318,"play_id":"0c679325-8b3b-4eed-ac6f-239cc5e51e89","local_time":"20190407185118","is_ascension_mode":true,"campfire_choices":[{"data":"Armaments","floor":6,"key":"SMITH"},{"floor":8,"key":"REST"},{"data":"Sword Boomerang","floor":10,"key":"SMITH"},{"floor":13,"key":"RECALL"},{"floor":15,"key":"REST"},{"data":"Feed","floor":23,"key":"SMITH"},{"floor":27,"key":"REST"},{"floor":32,"key":"REST"}],"neow_cost":"NONE","seed_source_timestamp":256605078760294,"circlet_count":0,"master_deck":["Strike_R+1","Strike_R+1","Strike_R+1","Strike_R+1","Defend_R+1","Defend_R+1","Defend_R+1","Defend_R+1","Clash","Heavy Blade","Armaments+1","Sword Boomerang+1","Twin Strike","Feed+1","Inflame","Battle Trance","Rampage","Shrug It Off","Shrug It Off+1","Clash+1","Headbutt+1","Headbutt","Necronomicurse"],"relics":["Burning Blood","NeowsBlessing","Bronze Scales","Mercury Hourglass","Red Skull","Bag of Marbles","Charon\u0027s Ashes","Runic Cube","Juzu Bracelet","Mummified Hand","Necronomicon"],"potions_floor_usage":[16,18,24,30],"damage_taken":[{"damage":0,"enemies":"Cultist","floor":1,"turns":1},{"damage":0,"enemies":"Jaw Worm","floor":2,"turns":1},{"damage":0,"enemies":"Small Slimes","floor":3,"turns":1},{"damage":16,"enemies":"Exordium Thugs","floor":4,"turns":4},{"damage":20,"enemies":"2 Fungi Beasts","floor":7,"turns":2},{"damage":30,"enemies":"3 Sentries","floor":14,"turns":7},{"damage":50,"enemies":"The Guardian","floor":16,"turns":13},{"damage":18,"enemies":"Shell Parasite","floor":18,"turns":4},{"damage":22,"enemies":"2 Thieves","floor":20,"turns":3},{"damage":15,"enemies":"Snecko","floor":22,"turns":5},{"damage":31,"enemies":"Shelled Parasite and Fungi","floor":24,"turns":5},{"damage":1,"enemies":"3 Cultists","floor":25,"turns":3},{"damage":14,"enemies":"Gremlin Leader","floor":30,"turns":7},{"damage":43,"enemies":"Automaton","floor":33,"turns":6}],"seed_played":"1230775933504202110","potions_obtained":[{"floor":2,"key":"GamblersBrew"},{"floor":7,"key":"Weak Potion"},{"floor":16,"key":"SneckoOil"},{"floor":20,"key":"Block Potion"},{"floor":25,"key":"Explosive Potion"},{"floor":30,"key":"Poison Potion"}],"is_trial":false,"path_per_floor":["M","M","M","M","?","R","M","R","T","R","$","T","R","E","R","B",null,"M","?","M","$","M","R","M","M","T","R","$","?","E","?","R","B"],"character_chosen":"IRONCLAD","items_purchased":["Red Skull","Rampage","Shrug It Off"],"campfire_rested":4,"item_purchase_floors":[11,21,21],"current_hp_per_floor":[80,80,80,70,70,70,56,80,80,80,80,80,80,56,80,36,80,68,68,52,52,46,46,21,30,30,56,56,56,48,32,58,15],"gold":42,"neow_bonus":"THREE_ENEMY_KILL","is_prod":false,"is_daily":false,"chose_seed":false,"campfire_upgraded":3,"win_rate":0,"timestamp":1554681078,"path_taken":["M","?","?","M","?","R","M","R","T","R","$","?","R","E","R","BOSS","M","?","M","$","M","R","M","M","T","R","$","?","E","?","R","BOSS"],"build_version":"2019-01-23","purchased_purges":2,"victory":false,"max_hp_per_floor":[80,80,80,80,80,80,80,80,80,80,80,80,80,80,80,80,80,80,80,80,80,83,83,83,87,87,87,87,87,87,87,87,87],"card_choices":[{"not_picked":["Clothesline","True Grit"],"picked":"Clash","floor":1},{"not_picked":["Sword Boomerang","Hemokinesis"],"picked":"Heavy Blade","floor":2},{"not_picked":["Anger","Clothesline"],"picked":"Armaments","floor":3},{"not_picked":["Impervious","Metallicize"],"picked":"Sword Boomerang","floor":4},{"not_picked":["Anger","Armaments"],"picked":"Twin Strike","floor":7},{"not_picked":["Havoc","Warcry"],"picked":"Feed","floor":14},{"not_picked":["Reaper","Brutality"],"picked":"Barricade","floor":16},{"not_picked":["Uppercut+1","Sever Soul+1"],"picked":"Inflame","floor":18},{"not_picked":["Havoc","Twin Strike+1"],"picked":"Battle Trance","floor":20},{"not_picked":["Warcry","Pommel Strike"],"picked":"Shrug It Off+1","floor":22},{"not_picked":["Pummel","Warcry"],"picked":"Clash+1","floor":24},{"not_picked":["Cleave","Twin Strike"],"picked":"Headbutt+1","floor":25},{"not_picked":["Iron Wave","Rupture+1"],"picked":"Headbutt","floor":30}],"player_experience":895943,"relics_obtained":[{"floor":9,"key":"Mercury Hourglass"},{"floor":12,"key":"Bag of Marbles"},{"floor":14,"key":"Charon\u0027s Ashes"},{"floor":26,"key":"Juzu Bracelet"},{"floor":30,"key":"Mummified Hand"},{"floor":31,"key":"Necronomicon"}],"event_choices":[{"damage_healed":0,"gold_gain":0,"player_choice":"Gave Potion","damage_taken":0,"relics_obtained":["Bronze Scales"],"max_hp_gain":0,"max_hp_loss":0,"event_name":"WeMeetAgain","floor":5,"gold_loss":0},{"damage_healed":0,"gold_gain":0,"player_choice":"Simplicity","damage_taken":0,"max_hp_gain":0,"max_hp_loss":0,"event_name":"Back to Basics","floor":19,"gold_loss":0,"cards_upgraded":["Strike_R","Strike_R","Strike_R","Strike_R","Strike_R","Defend_R","Defend_R","Defend_R","Defend_R"]},{"cards_removed":["Strike_R"],"damage_healed":0,"gold_gain":0,"player_choice":"Card Removal","damage_taken":0,"max_hp_gain":0,"max_hp_loss":0,"event_name":"Wheel of Change","floor":29,"gold_loss":0},{"damage_healed":0,"gold_gain":0,"player_choice":"Obtained Book","damage_taken":16,"max_hp_gain":0,"max_hp_loss":0,"event_name":"Cursed Tome","floor":31,"gold_loss":0}],"is_beta":false,"boss_relics":[{"not_picked":["Philosopher\u0027s Stone","Lizard Tail"],"picked":"Runic Cube"}],"items_purged_floors":[21,28],"is_endless":false,"potions_floor_spawned":[2,7,16,20,25,30],"killed_by":"Automaton","ascension_level":4}