{"gold_per_floor":[119,136,65,65,65,77,89,119,119,119,119,119,153,163,163,263,263,277,52,52,68,121,121,153,78,78,78,98,110,110],"floor_reached":30,"playtime":1810,"items_purged":[],"score":283,"play_id":"66655d01-6a73-4b34-aee6-7f647b57efb8","local_time":"20180705004912","is_ascension_mode":false,"campfire_choices":[{"floor":10,"key":"REST"},{"floor":12,"key":"REST"},{"data":"Bullet Time","floor":15,"key":"SMITH"},{"data":"Prepared","floor":23,"key":"SMITH"}],"neow_cost":"","seed_source_timestamp":258236034474174,"circlet_count":0,"master_deck":["Defend_G","Defend_G+1","Defend_G","Defend_G","Survivor","Neutralize+1","Prepared","Eviscerate+1","Deadly Poison","Dagger Spray","Unload","Quick Slash","Calculated Gamble","Bullet Time+1","Outmaneuver+1","Adrenaline","Prepared+1","Poisoned Stab","Deflect","Expertise","Underhanded Strike","Dash","Infinite Blades+1","Bite","Bite","Bite","Bite","Bite","All Out Attack","Caltrops+1","Flying Knee","Dodge and Roll"],"relics":["Ring of the Snake","Pen Nib","Frozen Egg 2","Sundial","Orrery","Bag of Preparation","Happy Flower","War Paint","Bottled Flame"],"potions_floor_usage":[13,13,16,24,30],"damage_taken":[{"damage":4,"enemies":"2 Louse","floor":1,"turns":3},{"damage":4,"enemies":"Small Slimes","floor":2,"turns":4},{"damage":1,"enemies":"Cultist","floor":6,"turns":4},{"damage":6,"enemies":"Exordium Wildlife","floor":7,"turns":4},{"damage":9,"enemies":"3 Sentries","floor":8,"turns":10},{"damage":5,"enemies":"Lagavulin","floor":13,"turns":8},{"damage":9,"enemies":"Blue Slaver","floor":14,"turns":3},{"damage":34,"enemies":"The Guardian","floor":16,"turns":12},{"damage":15,"enemies":"3 Byrds","floor":18,"turns":6},{"damage":17,"enemies":"Shell Parasite","floor":21,"turns":5},{"damage":42,"enemies":"Book of Stabbing","floor":24,"turns":8},{"damage":9,"enemies":"Snecko","floor":28,"turns":5},{"damage":14,"enemies":"Slaver and Parasite","floor":29,"turns":5},{"damage":12,"enemies":"Snake Plant","floor":30,"turns":2}],"seed_played":"81674402645362355","potions_obtained":[{"floor":2,"key":"EssenceOfSteel"},{"floor":7,"key":"Block Potion"},{"floor":14,"key":"SkillPotion"},{"floor":21,"key":"PowerPotion"},{"floor":29,"key":"LiquidBronze"}],"is_trial":false,"path_per_floor":["M","M","$","?","?","M","M","E","T","R","?","R","E","M","R","B",null,"M","$","?","M","T","R","E","?","T","?","M","M"],"character_chosen":"THE_SILENT","items_purchased":["Deadly Poison","Dagger Spray","Infinite Blades+1","Bag of Preparation"],"campfire_rested":2,"item_purchase_floors":[3,3,19,19],"current_hp_per_floor":[66,62,62,62,55,54,48,39,39,60,46,67,62,53,53,19,70,55,55,49,38,38,38,10,10,10,10,9,5,0],"gold":110,"neow_bonus":"","is_prod":false,"is_daily":false,"chose_seed":false,"campfire_upgraded":2,"win_rate":0,"timestamp":1530773352,"path_taken":["M","M","$","?","?","M","?","E","T","R","?","R","E","M","R","BOSS","M","?","?","M","?","R","E","?","T","?","M","M","M"],"build_version":"2018-06-28","purchased_purges":0,"victory":false,"max_hp_per_floor":[70,70,70,70,70,70,70,70,70,70,70,70,70,70,70,70,70,70,70,49,49,49,49,49,49,49,49,49,49,49],"card_choices":[{"not_picked":["Outmaneuver","Reflex"],"picked":"Prepared","floor":1},{"not_picked":["Underhanded Strike","Choke"],"picked":"Eviscerate","floor":2},{"not_picked":["Quick Slash","Acrobatics"],"picked":"Unload","floor":6},{"not_picked":["PiercingWail","Bane"],"picked":"Quick Slash","floor":7},{"not_picked":["Deadly Poison","Sucker Punch"],"picked":"Calculated Gamble","floor":8},{"not_picked":["Poisoned Stab","Dodge and Roll"],"picked":"Bullet Time","floor":13},{"not_picked":["Prepared","Heel Hook"],"picked":"Outmaneuver","floor":14},{"not_picked":["Corpse Explosion","Doppelganger"],"picked":"Adrenaline","floor":16},{"not_picked":["Dodge and Roll","Deflect"],"picked":"Prepared","floor":17},{"not_picked":["Heel Hook","Deflect"],"picked":"Poisoned Stab","floor":17},{"not_picked":["Bane","Slice"],"picked":"Deflect","floor":17},{"not_picked":["Quick Slash","Poisoned Stab"],"picked":"Expertise","floor":17},{"not_picked":["Predator","Deflect"],"picked":"Underhanded Strike","floor":17},{"not_picked":["Dagger Spray","Dodge and Roll"],"picked":"Dash","floor":18},{"not_picked":["Flying Knee","Slice+1"],"picked":"All Out Attack","floor":21},{"not_picked":["Deadly Poison","Venomology"],"picked":"Caltrops+1","floor":24},{"not_picked":["Quick Slash","Outmaneuver"],"picked":"Flying Knee","floor":28},{"not_picked":["Choke+1","Deadly Poison"],"picked":"Dodge and Roll","floor":29}],"player_experience":62153,"relics_obtained":[{"floor":8,"key":"Pen Nib"},{"floor":9,"key":"Frozen Egg 2"},{"floor":13,"key":"Sundial"},{"floor":22,"key":"Happy Flower"},{"floor":24,"key":"War Paint"},{"floor":26,"key":"Bottled Flame"}],"event_choices":[{"event_name":"Liars Game","player_choice":"disagreed","floor":4,"damage_taken":0},{"event_name":"Golden Wing","player_choice":"Card Removal","floor":5,"damage_taken":0},{"event_name":"Shining Light","player_choice":"Entered Light","floor":11,"damage_taken":0},{"event_name":"Vampires","player_choice":"Became a vampire","floor":20,"damage_taken":0},{"event_name":"Beggar","player_choice":"Gave Gold","floor":25,"damage_taken":0},{"event_name":"Addict","player_choice":"Ignored","floor":27,"damage_taken":0}],"boss_relics":[{"not_picked":["Philosopher\u0027s Stone","Busted Crown"],"picked":"Orrery"}],"items_purged_floors":[],"is_endless":false,"potions_floor_spawned":[2,7,14,21,29],"killed_by":"Snake Plant","ascension_level":0}