{"gold_per_floor":[112,112,126,146,18,43,43,63,88,88,5,18,18,18,18,121,121,138,151,26,44,61,61,77,77,77,77],"floor_reached":27,"playtime":1430,"items_purged":["Decay"],"score":258,"play_id":"0ae28e1e-fbe2-4182-a657-b03343673e68","local_time":"20190407212413","is_ascension_mode":true,"campfire_choices":[{"data":"Shockwave","floor":7.0,"key":"SMITH"},{"data":"Metallicize","floor":10.0,"key":"SMITH"},{"data":"Enlightenment","floor":13.0,"key":"SMITH"},{"data":"Uppercut","floor":15,"key":"SMITH"},{"floor":23,"key":"REST"},{"floor":25,"key":"REST"}],"neow_cost":"NONE","seed_source_timestamp":265553540752786,"circlet_count":0,"master_deck":["Strike_R","Strike_R+1","Strike_R","Strike_R","Defend_R","Defend_R","Defend_R","Defend_R","Bash","Headbutt+1","Shockwave+1","Uppercut","Thunderclap","Uppercut+1","Thunderclap","Metallicize+1","Enlightenment+1","Thunderclap","Barricade","Bash","Demon Form","Shame","Clumsy","Armaments","Armaments+1"],"special_seed":0,"relics":["Burning Blood","NeowsBlessing","Regal Pillow","Whetstone","Calling Bell","Art of War","Mercury Hourglass","Incense Burner","The Courier"],"potions_floor_usage":[16,19,21,21,22],"damage_taken":[{"damage":0.0,"enemies":"Small Slimes","floor":1.0,"turns":1.0},{"damage":0.0,"enemies":"2 Louse","floor":3.0,"turns":1.0},{"damage":0.0,"enemies":"Cultist","floor":4.0,"turns":1.0},{"damage":12.0,"enemies":"Gremlin Nob","floor":6.0,"turns":3.0},{"damage":5.0,"enemies":"Gremlin Gang","floor":8.0,"turns":3.0},{"damage":12.0,"enemies":"Exordium Wildlife","floor":12.0,"turns":4.0},{"damage":25,"enemies":"Slime Boss","floor":16,"turns":12},{"damage":4,"enemies":"Chosen","floor":18,"turns":4},{"damage":19,"enemies":"Spheric Guardian","floor":19,"turns":5},{"damage":24,"enemies":"Chosen and Byrds","floor":21,"turns":5},{"damage":42,"enemies":"Sentry and Sphere","floor":22,"turns":7},{"damage":40,"enemies":"Centurion and Healer","floor":24,"turns":5},{"damage":53,"enemies":"Slavers","floor":27,"turns":5}],"seed_played":"-8173874816643999221","potions_obtained":[{"floor":3.0,"key":"GamblersBrew"},{"floor":4.0,"key":"Energy Potion"},{"floor":12.0,"key":"Poison Potion"},{"floor":16,"key":"AttackPotion"},{"floor":19,"key":"SkillPotion"}],"is_trial":false,"path_per_floor":["M","?","M","M","$","E","R","M","T","R","$","M","R","?","R","B",null,"M","M","$","M","M","R","M","R","T","E"],"character_chosen":"IRONCLAD","items_purchased":["AttackPotion","Uppercut","Enlightenment","PowerPotion"],"campfire_rested":2,"item_purchase_floors":[5,5,11,20],"current_hp_per_floor":[80,80,80,80,80,74,74,75,75,75,75,69,69,69,69,50,80,80,67,67,49,13,52,18,57,57,4],"gold":77,"neow_bonus":"THREE_ENEMY_KILL","is_prod":false,"is_daily":false,"chose_seed":false,"campfire_upgraded":4,"win_rate":0,"timestamp":1554690253,"path_taken":["M","?","M","M","$","E","R","M","T","R","$","M","R","?","R","BOSS","M","M","$","M","M","R","M","R","T","E"],"build_version":"2019-01-23","purchased_purges":1,"victory":false,"max_hp_per_floor":[80,80,80,80,80,80,80,80,80,80,80,80,80,80,80,80,80,80,80,80,80,80,80,80,80,80,80],"card_choices":[{"not_picked":["Body Slam","Havoc"],"picked":"Headbutt","floor":1.0},{"not_picked":["Rage","Entrench"],"picked":"Uppercut","floor":3.0},{"not_picked":["Clash","Body Slam"],"picked":"Thunderclap","floor":4.0},{"not_picked":["Blood for Blood","Reckless Charge"],"picked":"Thunderclap","floor":6.0},{"not_picked":["Clash","Shrug It Off"],"picked":"Metallicize","floor":8.0},{"not_picked":["True Grit","Evolve"],"picked":"Thunderclap","floor":12.0},{"not_picked":["Fiend Fire","Limit Break"],"picked":"Demon Form","floor":16},{"not_picked":["True Grit","Intimidate","Twin Strike+1"],"picked":"SKIP","floor":18},{"not_picked":["Body Slam","Searing Blow","Flex"],"picked":"SKIP","floor":19},{"not_picked":["Anger","Infernal Blade","Warcry"],"picked":"SKIP","floor":21},{"not_picked":["Clash","Twin Strike"],"picked":"Armaments","floor":22},{"not_picked":["Clothesline","Clash"],"picked":"Armaments+1","floor":24}],"player_experience":904116,"relics_obtained":[{"floor":6.0,"key":"Regal Pillow"},{"floor":9.0,"key":"Whetstone"},{"floor":17,"key":"Art of War"},{"floor":17,"key":"Mercury Hourglass"},{"floor":17,"key":"Incense Burner"},{"floor":26,"key":"The Courier"}],"event_choices":[{"damage_healed":0.0,"max_hp_gain":0.0,"max_hp_loss":0.0,"gold_gain":0.0,"cards_transformed":["Strike_R"],"event_name":"Living Wall","player_choice":"Change","floor":2.0,"gold_loss":0.0,"damage_taken":0.0,"cards_obtained":["Shockwave"]},{"damage_healed":0,"gold_gain":0,"player_choice":"2 cards matched","damage_taken":0,"max_hp_gain":0,"max_hp_loss":0,"event_name":"Match and Keep!","floor":14,"gold_loss":0,"cards_obtained":["Barricade","Bash"]}],"is_beta":false,"boss_relics":[{"not_picked":["Runic Cube","Sozu"],"picked":"Calling Bell"}],"items_purged_floors":[20],"is_endless":false,"potions_floor_spawned":[3,4,12,16,19],"killed_by":"Slavers","ascension_level":4}