{"gold_per_floor":[119,130,205,205,99,99,133,133,133,133,133,133,150,163,163,238,238,257,270,270,195,195,195],"floor_reached":23,"playtime":760,"items_purged":[],"score":337,"play_id":"38dc11d3-bc68-49ee-943e-132413e53484","local_time":"20190319181955","is_ascension_mode":true,"campfire_choices":[{"data":"Finesse","floor":6.0,"key":"SMITH"},{"floor":8.0,"key":"REST"},{"floor":10.0,"key":"REST"},{"data":"Go for the Eyes","floor":11.0,"key":"SMITH"},{"data":"Chill","floor":12.0,"key":"SMITH"},{"data":"Hologram","floor":15.0,"key":"SMITH"}],"neow_cost":"TEN_PERCENT_HP_LOSS","seed_source_timestamp":150299307326400,"circlet_count":0,"master_deck":["AscendersBane","Strike_B","Strike_B","Defend_B+1","Defend_B","Defend_B","Defend_B","Zap+1","Dualcast","All For One","Gash","Go for the Eyes+1","Finesse+1","Chill+1","Genetic Algorithm","Hologram+1","Echo Form","Cold Snap+1","Melter","Buffer"],"special_seed":0,"relics":["Cracked Core","WingedGreaves","War Paint","Eternal Feather"],"potions_floor_usage":[],"damage_taken":[{"damage":3.0,"enemies":"2 Louse","floor":1.0,"turns":3.0},{"damage":7.0,"enemies":"Jaw Worm","floor":2.0,"turns":2.0},{"damage":28.0,"enemies":"3 Sentries","floor":7.0,"turns":6.0},{"damage":0.0,"enemies":"Cultist","floor":13.0,"turns":3.0},{"damage":1.0,"enemies":"2 Fungi Beasts","floor":14.0,"turns":4.0},{"damage":11.0,"enemies":"Hexaghost","floor":16.0,"turns":9.0},{"damage":0.0,"enemies":"Spheric Guardian","floor":18.0,"turns":3.0},{"damage":11.0,"enemies":"Chosen","floor":19.0,"turns":5.0},{"damage":15,"enemies":"Slavers","floor":23,"turns":4}],"seed_played":"3092143069983839312","potions_obtained":[{"floor":1.0,"key":"Strength Potion"},{"floor":14.0,"key":"Swift Potion"},{"floor":16.0,"key":"FocusPotion"}],"is_trial":false,"path_per_floor":["M","M","?","?","$","R","E","R","T","R","R","R","M","M","R","B",null,"M","M","?","?","?","E"],"character_chosen":"DEFECT","items_purchased":["Finesse"],"campfire_rested":2,"item_purchase_floors":[5],"current_hp_per_floor":[61,54,43,43,43,43,15,34,34,53,53,53,53,52,52,41,58,58,47,47,47,47,32],"gold":195,"neow_bonus":"THREE_RARE_CARDS","is_prod":false,"is_daily":false,"chose_seed":false,"campfire_upgraded":4,"win_rate":0,"timestamp":1553037595,"path_taken":["M","M","?","?","$","R","E","R","T","R","R","R","M","?","R","BOSS","M","M","?","?","?","E"],"build_version":"2019-01-23","purchased_purges":0,"victory":false,"max_hp_per_floor":[64,64,64,64,64,64,64,64,64,64,64,64,64,64,64,64,64,64,64,64,64,64,64],"card_choices":[{"not_picked":["Core Surge","Machine Learning"],"picked":"All For One","floor":0.0},{"not_picked":["Aggregate","Cold Snap"],"picked":"Gash","floor":1.0},{"not_picked":["Stack","Undo"],"picked":"Go for the Eyes","floor":2.0},{"not_picked":["Barrage","Rip and Tear"],"picked":"Chill","floor":7.0},{"not_picked":["Force Field","Melter"],"picked":"Genetic Algorithm","floor":13.0},{"not_picked":["Conserve Battery","Turbo"],"picked":"Hologram","floor":14.0},{"not_picked":["Electrodynamics","Amplify"],"picked":"Echo Form","floor":16.0},{"not_picked":["Leap","Barrage"],"picked":"Cold Snap+1","floor":18.0},{"not_picked":["Aggregate","Hologram"],"picked":"Melter","floor":19.0}],"player_experience":759521,"relics_obtained":[{"floor":7.0,"key":"WingedGreaves"},{"floor":9.0,"key":"War Paint"}],"event_choices":[{"damage_healed":0.0,"max_hp_gain":0.0,"max_hp_loss":0.0,"gold_gain":75.0,"event_name":"World of Goop","player_choice":"Gather Gold","floor":3.0,"gold_loss":0.0,"damage_taken":11.0},{"damage_healed":0.0,"max_hp_gain":0.0,"max_hp_loss":0.0,"gold_gain":0.0,"cards_transformed":["Strike_B"],"event_name":"Transmorgrifier","player_choice":"Transformed","floor":4.0,"gold_loss":0.0,"damage_taken":0.0,"cards_obtained":["Recycle"]},{"damage_healed":0.0,"max_hp_gain":0.0,"max_hp_loss":0.0,"gold_gain":0.0,"event_name":"Ghosts","player_choice":"Ignored","floor":20.0,"gold_loss":0.0,"damage_taken":0.0},{"cards_removed":["Recycle"],"damage_healed":0.0,"max_hp_gain":0.0,"max_hp_loss":0.0,"gold_gain":0.0,"event_name":"Beggar","player_choice":"Gave Gold","floor":21.0,"gold_loss":75.0,"damage_taken":0.0},{"damage_healed":0.0,"max_hp_gain":0.0,"max_hp_loss":0.0,"gold_gain":0.0,"cards_transformed":["Strike_B"],"event_name":"Transmorgrifier","player_choice":"Transformed","floor":22.0,"gold_loss":0.0,"damage_taken":0.0,"cards_obtained":["Buffer"]}],"is_beta":false,"boss_relics":[{"not_picked":["Busted Crown","FrozenCore"],"picked":"Eternal Feather"}],"items_purged_floors":[],"is_endless":false,"potions_floor_spawned":[1,14,16],"killed_by":"Slavers","ascension_level":16}