{"path_per_floor":["M","?","$","M","?","E","R","M","T","$","M","R","M","E","R","B",null,"M","?","?","M","$","R","E","R","T","R","M","M","$","M","R","B",null,"M","M","M","?","?","R","$","E","T","$","M","$","R","M","R"],"character_chosen":"IRONCLAD","items_purchased":["Rampage","Fire Potion","Anchor","Fire Breathing"],"gold_per_floor":[218,293,98,111,111,142,142,161,161,16,33,33,47,73,73,169,169,186,186,186,197,25,25,59,59,110,110,128,143,18,36,36,132,132,152,167,185,185,185,185,35,62,62,62,76,76,76,86,86,86],"floor_reached":50,"campfire_rested":4,"playtime":2175,"current_hp_per_floor":[80,69,69,75,75,60,60,57,64,64,61,87,87,83,83,56,87,84,84,84,87,87,87,43,69,69,87,87,87,87,81,81,14,87,68,80,70,70,87,87,87,44,44,44,77,77,77,58,84,0],"items_purged":["Bash","Offering","Clumsy","Writhe"],"gold":86,"score":500,"play_id":"e3dae849-ad10-406b-87a5-1de940c6f50e","local_time":"20180330141332","is_prod":false,"is_daily":false,"is_ascension_mode":false,"campfire_upgraded":5,"timestamp":1522444412,"path_taken":["M","?","$","M","?","E","R","?","T","$","M","R","M","E","R","BOSS","M","?","?","M","$","R","E","R","T","R","M","M","$","?","R","BOSS","M","?","?","?","?","R","$","E","T","?","?","$","R","M","R","BOSS"],"build_version":"2018-03-29v2","purchased_purges":4,"victory":false,"master_deck":["Strike_R+1","Strike_R+1","Strike_R+1","Strike_R+1","Defend_R+1","Defend_R+1","Defend_R+1","Defend_R+1","Clash+1","Rampage+1","Clash+1","Clash+1","Rampage+1","Reaper+1","Whirlwind+1","Fire Breathing+1","Headbutt+1","Inflame+1","Flex+1","Decay","Heavy Blade+1"],"max_hp_per_floor":[80,80,80,80,80,80,80,80,87,87,87,87,87,87,87,87,87,87,87,87,87,87,87,87,87,87,87,87,87,87,87,87,87,87,87,87,87,87,87,87,87,87,87,87,87,87,87,87,87,87],"relics":["Burning Blood","Frozen Egg 2","Strawberry","Anchor","Centennial Puzzle","Cursed Key","Lantern","Magic Flower","War Paint","Sozu","Oddly Smooth Stone","Shovel","Charon\u0027s Ashes"],"card_choices":[{"not_picked":["Sentinel","Cleave"],"picked":"Clash","floor":1},{"not_picked":["Cleave","Anger"],"picked":"Clash","floor":4},{"not_picked":["Headbutt","Havoc"],"picked":"Offering","floor":6},{"not_picked":["Uppercut","Perfected Strike"],"picked":"Clash","floor":8},{"not_picked":["Perfected Strike","Thunderclap"],"picked":"Rampage","floor":14},{"not_picked":["Dark Embrace","Offering"],"picked":"Reaper","floor":16},{"not_picked":["Sword Boomerang","Havoc"],"picked":"Whirlwind","floor":18},{"not_picked":["Warcry","Clothesline"],"picked":"Headbutt","floor":28},{"not_picked":["Burning Pact","Armaments"],"picked":"Inflame","floor":36},{"not_picked":["Heavy Blade","Headbutt"],"picked":"Flex","floor":37},{"not_picked":["Clash","Pommel Strike"],"picked":"Heavy Blade","floor":48}],"player_experience":47498,"potions_floor_usage":[6,16,16,24,24,31],"damage_taken":[{"damage":4,"enemies":"Jaw Worm","floor":1,"turns":5},{"damage":0,"enemies":"Small Slimes","floor":4,"turns":3},{"damage":21,"enemies":"Lagavulin","floor":6,"turns":5},{"damage":9,"enemies":"2 Louse","floor":8,"turns":3},{"damage":9,"enemies":"Exordium Thugs","floor":11,"turns":3},{"damage":4,"enemies":"Lots of Slimes","floor":13,"turns":2},{"damage":10,"enemies":"Gremlin Nob","floor":14,"turns":3},{"damage":33,"enemies":"Hexaghost","floor":16,"turns":7},{"damage":9,"enemies":"2 Thieves","floor":18,"turns":3},{"damage":2,"enemies":"Chosen","floor":21,"turns":3},{"damage":50,"enemies":"Book of Stabbing","floor":24,"turns":7},{"damage":4,"enemies":"3 Cultists","floor":28,"turns":3},{"damage":2,"enemies":"Centurion and Healer","floor":29,"turns":4},{"damage":15,"enemies":"Snake Plant","floor":31,"turns":3},{"damage":76,"enemies":"Collector","floor":33,"turns":10},{"damage":33,"enemies":"3 Shapes","floor":35,"turns":5},{"damage":5,"enemies":"Orb Walker","floor":36,"turns":3},{"damage":19,"enemies":"3 Darklings","floor":37,"turns":2},{"damage":52,"enemies":"2 Orb Walkers","floor":42,"turns":5},{"damage":24,"enemies":"4 Shapes","floor":45,"turns":4},{"damage":42,"enemies":"Maw","floor":48,"turns":7},{"damage":108,"enemies":"Time Eater","floor":50,"turns":6}],"event_choices":[{"event_name":"World of Goop","player_choice":"Gather Gold","floor":2,"damage_taken":0},{"event_name":"Living Wall","player_choice":"Grow","floor":5,"damage_taken":0},{"event_name":"Back to Basics","player_choice":"Simplicity","floor":19,"damage_taken":0},{"event_name":"The Mausoleum","player_choice":"Yes","floor":20,"damage_taken":0},{"event_name":"Bonfire Elementals","player_choice":"BASIC","floor":38,"damage_taken":0},{"event_name":"Winding Halls","player_choice":"Writhe","floor":39,"damage_taken":0}],"boss_relics":[{"not_picked":["Ectoplasm","Runic Cube"],"picked":"Cursed Key"},{"not_picked":["Eternal Feather","Runic Pyramid"],"picked":"Sozu"}],"potions_floor_spawned":[6,8,16,21,28,37,42,45],"seed_played":"5732402333066717964","killed_by":"Time Eater","ascension_level":0,"is_trial":false}