{"gold_per_floor":[20,120,133,408,423,443,22,48,74,74,24,34,62,79,79,179,179,197,197,216,22,22,22,36,53,53,128,128,155,169,2,2,105,105,121,43,54,64,0,0,31,31,31,42,42,42,57,126,126,126],"floor_reached":51,"playtime":6294,"items_purged":["Regret","Shame"],"score":1086,"play_id":"f67d4824-dcb2-4006-99be-2ec6448d1ea4","local_time":"20190303140304","is_ascension_mode":true,"campfire_choices":[{"floor":10.0,"key":"REST"},{"floor":15.0,"key":"REST"},{"data":"Defragment","floor":23.0,"key":"SMITH"},{"data":"Go for the Eyes","floor":28.0,"key":"SMITH"},{"floor":32.0,"key":"REST"},{"data":"Seek","floor":40,"key":"SMITH"},{"data":"Steam Power","floor":42,"key":"SMITH"},{"data":"Thinking Ahead","floor":46,"key":"SMITH"},{"floor":49,"key":"REST"}],"neow_cost":"NO_GOLD","seed_source_timestamp":88421733914005,"circlet_count":0,"master_deck":["AscendersBane","Strike_B+1","Defend_B","Defend_B","Defend_B","Defend_B","Zap","Dualcast","Panache","Madness","Rebound","FTL","Leap","Self Repair","Panache","Coolheaded","Defragment+1","Cold Snap","Go for the Eyes+1","Leap","Loop","Glacier","Electrodynamics","Hologram+1","Melter+1","White Noise+1","Coolheaded+1","Auto Shields","Aggregate","Defragment+1","Stack+1","Reprogram+1","Self Repair","Seek+1","Cold Snap+1","Undo","Steam Power+1","Aggregate","Leap","Stack+1","Flash of Steel","Flash of Steel","Thinking Ahead+1","Leap"],"special_seed":0,"relics":["Cracked Core","Art of War","Blood Vial","Whetstone","Astrolabe","Bag of Preparation","TheAbacus","Darkstone Periapt","PreservedInsect","Centennial Puzzle","Orrery","Red Mask","Unceasing Top","Meat on the Bone","Pear"],"potions_floor_usage":[50,50],"damage_taken":[{"damage":1.0,"enemies":"Cultist","floor":1.0,"turns":4.0},{"damage":11.0,"enemies":"2 Louse","floor":3.0,"turns":3.0},{"damage":7.0,"enemies":"Small Slimes","floor":5.0,"turns":4.0},{"damage":2.0,"enemies":"Blue Slaver","floor":6.0,"turns":4.0},{"damage":40.0,"enemies":"Gremlin Nob","floor":8.0,"turns":6.0},{"damage":19.0,"enemies":"Large Slime","floor":12.0,"turns":4.0},{"damage":20.0,"enemies":"3 Sentries","floor":13.0,"turns":11.0},{"damage":9.0,"enemies":"Exordium Thugs","floor":14.0,"turns":5.0},{"damage":11.0,"enemies":"Hexaghost","floor":16.0,"turns":13.0},{"damage":0.0,"enemies":"Shell Parasite","floor":18.0,"turns":6.0},{"damage":0.0,"enemies":"Chosen","floor":20.0,"turns":3.0},{"damage":15.0,"enemies":"Snake Plant","floor":24.0,"turns":7.0},{"damage":17.0,"enemies":"Shelled Parasite and Fungi","floor":25.0,"turns":4.0},{"damage":6.0,"enemies":"Gremlin Leader","floor":29.0,"turns":6.0},{"damage":6.0,"enemies":"Centurion and Healer","floor":30.0,"turns":6.0},{"damage":22.0,"enemies":"Champ","floor":33.0,"turns":17.0},{"damage":8.0,"enemies":"3 Darklings","floor":35.0,"turns":3.0},{"damage":19.0,"enemies":"Orb Walker","floor":37.0,"turns":3.0},{"damage":8,"enemies":"4 Shapes","floor":38,"turns":2},{"damage":11,"enemies":"Nemesis","floor":41,"turns":7},{"damage":18,"enemies":"Maw","floor":44,"turns":12},{"damage":14,"enemies":"Sphere and 2 Shapes","floor":47,"turns":4},{"damage":42,"enemies":"Donu and Deca","floor":50,"turns":12}],"seed_played":"7583529732734304898","potions_obtained":[{"floor":8.0,"key":"GamblersBrew"},{"floor":12.0,"key":"Weak Potion"},{"floor":14.0,"key":"Fire Potion"},{"floor":16.0,"key":"FocusPotion"},{"floor":24.0,"key":"SpeedPotion"},{"floor":25.0,"key":"Ancient Potion"},{"floor":29.0,"key":"Fire Potion"},{"floor":35.0,"key":"FearPotion"},{"floor":47,"key":"LiquidBronze"}],"is_trial":false,"path_per_floor":["M","?","M","?","M","M","$","E","T","R","$","M","E","M","R","B",null,"M","?","M","$","?","R","M","M","T","?","R","E","M","$","R","B",null,"M","$","M","M","?","R","E","R","T","M","?","R","M","T","R","B",null],"character_chosen":"DEFECT","items_purchased":["Panache","Coolheaded","Defragment","Cold Snap","Leap","TheAbacus","Self Repair","Aggregate"],"campfire_rested":4,"item_purchase_floors":[7,7,7,7,11,21,31,36],"current_hp_per_floor":[67,67,56,56,49,47,47,14,14,36,36,26,15,15,37,35,65,74,74,75,75,81,81,73,65,65,57,57,60,56,56,80,73,79,73,73,70,78,78,78,81,81,81,77,67,67,55,65,91,63],"gold":126,"neow_bonus":"RANDOM_COLORLESS_2","is_prod":false,"is_daily":false,"chose_seed":false,"campfire_upgraded":5,"win_rate":0,"timestamp":1551643384,"path_taken":["M","?","?","?","?","M","$","E","T","R","$","M","E","M","R","BOSS","M","?","?","$","?","R","M","M","T","?","R","E","?","$","R","BOSS","M","$","M","?","?","R","E","R","T","M","?","R","M","?","R","BOSS"],"build_version":"2019-01-23","purchased_purges":2,"victory":true,"max_hp_per_floor":[75,75,75,75,75,75,75,75,75,75,75,75,75,75,75,75,75,75,75,75,75,81,81,81,81,81,81,81,81,81,81,81,81,81,81,81,81,81,81,81,81,81,81,81,81,81,81,91,91,91],"card_choices":[{"not_picked":["Barrage","Hologram"],"picked":"Rebound","floor":1.0},{"not_picked":["Force Field","Chill"],"picked":"FTL","floor":3.0},{"not_picked":["Redo","Conserve Battery"],"picked":"Leap","floor":5.0},{"not_picked":["Streamline","Tempest"],"picked":"Self Repair","floor":6.0},{"not_picked":["Hologram","Echo Form"],"picked":"Go for the Eyes","floor":8.0},{"not_picked":["Conserve Battery","Rip and Tear","Darkness"],"picked":"SKIP","floor":12.0},{"not_picked":["Go for the Eyes","Recycle"],"picked":"Loop","floor":13.0},{"not_picked":["Barrage","Go for the Eyes"],"picked":"Glacier","floor":14.0},{"not_picked":["Reboot","Echo Form"],"picked":"Electrodynamics","floor":16.0},{"not_picked":["Cold Snap+1","Rebound+1"],"picked":"Coolheaded+1","floor":18.0},{"not_picked":["Turbo","Cold Snap"],"picked":"Auto Shields","floor":20.0},{"not_picked":["Cold Snap","Coolheaded"],"picked":"Aggregate","floor":24.0},{"not_picked":["Gash","Rebound+1"],"picked":"Defragment+1","floor":25.0},{"not_picked":["Barrage","Rainbow"],"picked":"Stack+1","floor":29.0},{"not_picked":["Sweeping Beam","Rebound"],"picked":"Reprogram+1","floor":30.0},{"not_picked":["Multi-Cast","Meteor Strike"],"picked":"Seek","floor":33.0},{"not_picked":["Steam","Turbo"],"picked":"Cold Snap+1","floor":34.0},{"not_picked":["Turbo+1","Self Repair"],"picked":"Undo","floor":34.0},{"not_picked":["Doom and Gloom","Go for the Eyes"],"picked":"Steam Power","floor":34.0},{"not_picked":["All For One","Ball Lightning+1","Chaos"],"picked":"SKIP","floor":35.0},{"not_picked":["Hologram+1","Recycle","Steam"],"picked":"SKIP","floor":37.0},{"not_picked":["Cold Snap","Recycle+1","Reinforced Body"],"picked":"SKIP","floor":38},{"not_picked":["Genetic Algorithm+1","Cold Snap"],"picked":"Leap","floor":41},{"not_picked":["Compile Driver+1","Reprogram"],"picked":"Stack+1","floor":44},{"not_picked":["HandOfGreed","Panacea"],"picked":"Flash of Steel","floor":45},{"not_picked":["Panacea","HandOfGreed"],"picked":"Flash of Steel","floor":45},{"not_picked":["Chrysalis","Dramatic Entrance"],"picked":"Thinking Ahead","floor":45},{"not_picked":["Stack","Coolheaded"],"picked":"Leap","floor":47}],"player_experience":601176,"relics_obtained":[{"floor":8.0,"key":"Art of War"},{"floor":9.0,"key":"Blood Vial"},{"floor":13.0,"key":"Whetstone"},{"floor":26.0,"key":"PreservedInsect"},{"floor":29.0,"key":"Centennial Puzzle"},{"floor":41,"key":"Unceasing Top"},{"floor":43,"key":"Meat on the Bone"},{"floor":48,"key":"Pear"}],"event_choices":[{"damage_healed":0.0,"max_hp_gain":0.0,"max_hp_loss":0.0,"gold_gain":100.0,"event_name":"Wheel of Change","player_choice":"Gold","floor":2.0,"gold_loss":0.0,"damage_taken":0.0},{"damage_healed":0.0,"max_hp_gain":0.0,"max_hp_loss":0.0,"gold_gain":275.0,"event_name":"Golden Shrine","player_choice":"Desecrate","floor":4.0,"gold_loss":0.0,"damage_taken":0.0,"cards_obtained":["Regret"]},{"damage_healed":0.0,"max_hp_gain":0.0,"max_hp_loss":0.0,"gold_gain":0.0,"event_name":"WeMeetAgain","player_choice":"Gave Potion","floor":19.0,"gold_loss":0.0,"damage_taken":0.0,"relics_obtained":["Bag of Preparation"]},{"damage_healed":0.0,"max_hp_gain":0.0,"max_hp_loss":0.0,"gold_gain":0.0,"event_name":"Addict","player_choice":"Stole Relic","floor":22.0,"gold_loss":0.0,"damage_taken":0.0,"relics_obtained":["Darkstone Periapt"],"cards_obtained":["Shame"]},{"damage_healed":0.0,"max_hp_gain":0.0,"max_hp_loss":0.0,"gold_gain":75.0,"event_name":"FaceTrader","player_choice":"Touch","floor":27.0,"gold_loss":0.0,"damage_taken":8.0},{"damage_healed":0,"gold_gain":0,"player_choice":"Paid","damage_taken":0,"relics_obtained":["Red Mask"],"max_hp_gain":0,"max_hp_loss":0,"event_name":"Tomb of Lord Red Mask","floor":39,"gold_loss":64},{"damage_healed":0,"gold_gain":0,"player_choice":"Memory 3","damage_taken":10,"max_hp_gain":0,"max_hp_loss":0,"event_name":"SensoryStone","floor":45,"gold_loss":0}],"is_beta":false,"boss_relics":[{"not_picked":["Philosopher\u0027s Stone","Empty Cage"],"picked":"Astrolabe"},{"not_picked":["Coffee Dripper","Velvet Choker"],"picked":"Orrery"}],"items_purged_floors":[7,31],"is_endless":false,"potions_floor_spawned":[8,12,14,16,24,25,29,35,47],"ascension_level":10}