{"path_per_floor":["M","?","?","M","M","R","E","M","T","M","$","M","?","M","R","B",null,"M","$","?","M","M","E","R","?","T","M","R"],"character_chosen":"THE_SILENT","items_purchased":["Torii","Footwork"],"gold_per_floor":[111,61,61,77,92,92,123,141,441,457,4,24,24,36,36,138,138,125,25,25,43,62,97,97,97,143,159,159],"floor_reached":29,"campfire_rested":3,"playtime":1341,"current_hp_per_floor":[69,69,55,51,50,50,42,42,42,39,39,38,35,35,56,45,70,61,61,61,61,48,25,46,46,46,3,24],"items_purged":["Defend_G","Strike_G"],"gold":159,"score":247,"play_id":"36da5f5c-87bf-4bee-98e9-03753a2cd3a1","is_prod":false,"is_daily":false,"is_ascension_mode":false,"campfire_upgraded":1,"path_taken":["M","?","?","M","M","R","E","M","T","M","$","M","?","M","R","BOSS","M","$","?","M","M","E","R","?","T","M","R","M"],"build_version":"2018-02-12-PROD1","purchased_purges":2,"victory":false,"master_deck":["Defend_G","Defend_G","Defend_G+1","Defend_G+1","Strike_G","Strike_G","Survivor","Neutralize","Acrobatics","Poisoned Stab+1","Poisoned Stab","Heel Hook","Cloak And Dagger","Footwork","Poisoned Stab","Deadly Poison+1","Wraith Form","Cloak And Dagger+1","Deadly Poison+1","Backflip+1","Calculated Gamble+1","Cloak And Dagger+1","Decay","Regret"],"max_hp_per_floor":[70,70,70,70,70,70,70,70,70,70,70,70,70,70,70,70,70,70,70,70,70,70,70,70,70,70,70,70],"relics":["Ring of the Snake","Bottled Flame","Old Coin","Torii","Toxic Egg 2","Cursed Key","Art of War","Prayer Wheel"],"card_choices":[{"not_picked":["Bouncing Flask","Dagger Spray"],"picked":"Poisoned Stab"},{"not_picked":["Blur","Bane"],"picked":"Poisoned Stab"},{"not_picked":["Dagger Throw","Reflex"],"picked":"Heel Hook"},{"not_picked":["Malaise","Flying Knee"],"picked":"Cloak And Dagger"},{"not_picked":["Blade Dance","Outmaneuver"],"picked":"Poisoned Stab"},{"not_picked":["Acrobatics","Underhanded Strike"],"picked":"Deadly Poison"},{"not_picked":["Glass Knife","Night Terror"],"picked":"Wraith Form"},{"not_picked":["Acrobatics","Dagger Throw"],"picked":"Cloak And Dagger"},{"not_picked":["PiercingWail","Underhanded Strike"],"picked":"Backflip"},{"not_picked":["Bane","Quick Slash"],"picked":"Calculated Gamble"},{"not_picked":["Deflect","Night Terror"],"picked":"Cloak And Dagger"}],"player_experience":89613,"potions_floor_usage":[7,18,21,23,23,27],"damage_taken":[{"damage":1,"enemies":"2 Louse","floor":1,"turns":3},{"damage":4,"enemies":"Cultist","floor":4,"turns":5},{"damage":1,"enemies":"Blue Slaver","floor":5,"turns":4},{"damage":8,"enemies":"3 Sentries","floor":7,"turns":15},{"damage":0,"enemies":"3 Louse","floor":8,"turns":6},{"damage":3,"enemies":"Exordium Wildlife","floor":10,"turns":3},{"damage":1,"enemies":"Large Slime","floor":12,"turns":6},{"damage":0,"enemies":"3 Louse","floor":14,"turns":5},{"damage":11,"enemies":"The Guardian","floor":16,"turns":8},{"damage":9,"enemies":"2 Thieves","floor":18,"turns":4},{"damage":9,"enemies":"Spheric Guardian","floor":21,"turns":6},{"damage":13,"enemies":"Snake Plant","floor":22,"turns":4},{"damage":23,"enemies":"Gremlin Leader","floor":23,"turns":6},{"damage":43,"enemies":"Cultist and Chosen","floor":27,"turns":6},{"damage":31,"enemies":"Chosen and Byrds","floor":29,"turns":4}],"event_choices":[{"event_name":"The Cleric","player_choice":"Card Removal","floor":2,"damage_taken":0},{"event_name":"Shining Light","player_choice":"Entered Light","floor":3,"damage_taken":0},{"event_name":"Scrap Ooze","player_choice":"success","floor":13,"damage_taken":3},{"event_name":"The Library","player_choice":"Read","floor":20,"damage_taken":0},{"event_name":"Forgotten Altar","player_choice":"Smashed Altar","floor":25,"damage_taken":0}],"boss_relics":[{"not_picked":["Runic Dome","Philosopher\u0027s Stone"],"picked":"Cursed Key"}],"potions_floor_spawned":[5,7,10,14,16,18,22],"seed_played":"-6020550523247315354","killed_by":"Chosen and Byrds","ascension_level":0,"is_trial":false}