{"gold_per_floor":[113,132,146,72,84,116,116,116,116,143,143,159,159,174,174,174],"floor_reached":16,"playtime":1714,"items_purged":[],"score":118,"play_id":"00dd2da7-104f-47d2-816b-b9483c2f96f0","local_time":"20190407235539","is_ascension_mode":true,"campfire_choices":[{"floor":8,"key":"REST"},{"floor":11,"key":"REST"},{"data":"Burst","floor":15,"key":"SMITH"}],"neow_cost":"NONE","seed_source_timestamp":272111247951105,"circlet_count":0,"master_deck":["Defend_G","Defend_G","Defend_G","Defend_G","Defend_G","Strike_G","Strike_G","Strike_G","Strike_G","Strike_G","Survivor","Neutralize","Escape Plan","Poisoned Stab","Blade Dance","Footwork+1","Acrobatics","Slice","Outmaneuver","PiercingWail","Backflip","Burst+1"],"relics":["Ring of the Snake","Lantern","Bronze Scales","Question Card","Mango"],"potions_floor_usage":[5,16],"damage_taken":[{"damage":0,"enemies":"Small Slimes","floor":1,"turns":4},{"damage":2,"enemies":"Cultist","floor":2,"turns":5},{"damage":0,"enemies":"2 Louse","floor":3,"turns":2},{"damage":9,"enemies":"Large Slime","floor":5,"turns":8},{"damage":39,"enemies":"3 Sentries","floor":6,"turns":11},{"damage":23,"enemies":"Lagavulin","floor":10,"turns":10},{"damage":0,"enemies":"Blue Slaver","floor":12,"turns":4},{"damage":0,"enemies":"Red Slaver","floor":14,"turns":4},{"damage":69,"enemies":"Slime Boss","floor":16,"turns":16}],"seed_played":"7115816934556123317","potions_obtained":[{"floor":2,"key":"SpeedPotion"},{"floor":3,"key":"SpeedPotion"},{"floor":10,"key":"SneckoOil"},{"floor":14,"key":"EssenceOfSteel"}],"is_trial":false,"path_per_floor":["M","M","M","$","M","E","?","R","T","E","R","M","?","M","R","B"],"character_chosen":"THE_SILENT","items_purchased":["Footwork"],"campfire_rested":2,"item_purchase_floors":[4],"current_hp_per_floor":[70,68,68,68,59,20,20,41,41,32,57,57,57,57,57,0],"gold":174,"neow_bonus":"RANDOM_COMMON_RELIC","is_prod":false,"is_daily":false,"chose_seed":false,"campfire_upgraded":1,"win_rate":0,"timestamp":1554695739,"path_taken":["M","M","M","$","M","E","?","R","T","E","R","?","?","M","R","BOSS"],"build_version":"2019-01-23","purchased_purges":0,"victory":false,"max_hp_per_floor":[70,70,70,70,70,70,70,70,70,84,84,84,84,84,84,84],"card_choices":[{"not_picked":["Quick Slash","Masterful Stab"],"picked":"Escape Plan","floor":1},{"not_picked":["Dagger Throw","Riddle With Holes"],"picked":"Poisoned Stab","floor":2},{"not_picked":["Outmaneuver","Dagger Spray"],"picked":"Blade Dance","floor":3},{"not_picked":["Predator","Deflect"],"picked":"Acrobatics","floor":5},{"not_picked":["Calculated Gamble","Well Laid Plans"],"picked":"Slice","floor":6},{"not_picked":["Dagger Throw","Flying Knee","Flechettes"],"picked":"PiercingWail","floor":10},{"not_picked":["Quick Slash","Blade Dance","Cloak And Dagger"],"picked":"Backflip","floor":12},{"not_picked":["Bouncing Flask","Backstab","Dagger Throw"],"picked":"Burst","floor":14}],"player_experience":96646,"relics_obtained":[{"floor":6,"key":"Bronze Scales"},{"floor":9,"key":"Question Card"},{"floor":10,"key":"Mango"}],"event_choices":[{"damage_healed":0,"gold_gain":0,"player_choice":"1 cards matched","damage_taken":0,"max_hp_gain":0,"max_hp_loss":0,"event_name":"Match and Keep!","floor":7,"gold_loss":0,"cards_obtained":["Outmaneuver"]},{"damage_healed":0,"gold_gain":0,"player_choice":"Grow","damage_taken":0,"max_hp_gain":0,"max_hp_loss":0,"event_name":"Living Wall","floor":13,"gold_loss":0,"cards_upgraded":["Footwork"]}],"is_beta":false,"boss_relics":[],"items_purged_floors":[],"is_endless":false,"potions_floor_spawned":[2,3,10,14],"killed_by":"Slime Boss","ascension_level":1}