{"gold_per_floor":[361,311,323,323,338,364,364,364,364,375,375,375,387,398,398,398],"floor_reached":16,"playtime":710,"items_purged":[],"score":112,"play_id":"496ae7f0-37c3-49cb-a5f4-d0f80c2668f4","local_time":"20181016013851","is_ascension_mode":true,"campfire_choices":[{"floor":8,"key":"DIG"},{"floor":11,"key":"REST"},{"floor":15,"key":"REST"}],"neow_cost":"PERCENT_DAMAGE","seed_source_timestamp":294461746438720,"circlet_count":0,"master_deck":["Strike_R","Strike_R","Strike_R","Defend_R","Defend_R","Defend_R","Defend_R","Bash","True Grit","Shrug It Off","Body Slam","Corruption","Armaments","Flame Barrier","Armaments"],"relics":["Burning Blood","Shovel","Charon\u0027s Ashes","Oddly Smooth Stone","Gremlin Horn"],"potions_floor_usage":[16],"damage_taken":[{"damage":11,"enemies":"Jaw Worm","floor":1,"turns":4},{"damage":3,"enemies":"2 Louse","floor":3,"turns":4},{"damage":1,"enemies":"Small Slimes","floor":5,"turns":4},{"damage":33,"enemies":"3 Sentries","floor":6,"turns":11},{"damage":13,"enemies":"Red Slaver","floor":10,"turns":4},{"damage":21,"enemies":"Exordium Thugs","floor":13,"turns":4},{"damage":0,"enemies":"Large Slime","floor":14,"turns":4},{"damage":45,"enemies":"The Guardian","floor":16,"turns":7}],"seed_played":"3188762209497214172","potions_obtained":[{"floor":13,"key":"Swift Potion"},{"floor":14,"key":"Swift Potion"}],"is_trial":false,"path_per_floor":["M","?","M","T","M","E","?","R","T","M","R","?","M","M","R"],"character_chosen":"IRONCLAD","items_purchased":[],"campfire_rested":2,"item_purchase_floors":[],"current_hp_per_floor":[51,51,54,54,59,32,25,25,25,18,42,42,27,33,57,12],"gold":398,"neow_bonus":"TWO_FIFTY_GOLD","is_prod":false,"is_daily":false,"chose_seed":false,"campfire_upgraded":0,"win_rate":0,"timestamp":1539671931,"path_taken":["M","?","?","?","M","E","?","R","T","M","R","?","?","M","R","BOSS"],"build_version":"2018-10-11","purchased_purges":0,"victory":false,"max_hp_per_floor":[80,80,80,80,80,80,80,80,80,80,80,80,80,80,80,80],"card_choices":[{"not_picked":["Iron Wave","Heavy Blade"],"picked":"True Grit","floor":1},{"not_picked":["Whirlwind","Wild Strike"],"picked":"Shrug It Off","floor":3},{"not_picked":["Pommel Strike","Combust"],"picked":"Body Slam","floor":5},{"not_picked":["True Grit","Exhume"],"picked":"Corruption","floor":6},{"not_picked":["Havoc","Cleave"],"picked":"Armaments","floor":10},{"not_picked":["Sever Soul","Dropkick"],"picked":"Flame Barrier","floor":13},{"not_picked":["Warcry","Evolve"],"picked":"Armaments","floor":14}],"player_experience":83116,"relics_obtained":[{"floor":4,"key":"Shovel"},{"floor":6,"key":"Charon\u0027s Ashes"},{"floor":8,"key":"Oddly Smooth Stone"},{"floor":9,"key":"Gremlin Horn"}],"event_choices":[{"event_name":"The Cleric","player_choice":"Card Removal","floor":2,"damage_taken":0},{"event_name":"Golden Wing","player_choice":"Card Removal","floor":7,"damage_taken":0},{"event_name":"Shining Light","player_choice":"Ignored","floor":12,"damage_taken":0}],"is_beta":false,"boss_relics":[],"items_purged_floors":[],"is_endless":false,"potions_floor_spawned":[13,14],"killed_by":"The Guardian","ascension_level":2}