{"gold_per_floor":[114,62,62,78,94,94,107,127,127,146,146,165,165,183,183,282,282,299,224,241,241,241,241,141,141,141,151,151,169,183,203,203,203],"floor_reached":33,"playtime":1634,"items_purged":["Strike_B","Strike_B"],"score":243,"play_id":"fd5716a1-9370-40a0-aa0c-a7adbf3b9ddc","local_time":"20190403191849","is_ascension_mode":false,"campfire_choices":[{"data":"Rebound","floor":6.0,"key":"SMITH"},{"data":"Rebound","floor":11.0,"key":"SMITH"},{"data":"Coolheaded","floor":13.0,"key":"SMITH"},{"floor":15.0,"key":"REST"},{"data":"Rebound","floor":23.0,"key":"SMITH"},{"floor":28.0,"key":"REST"},{"floor":32,"key":"REST"}],"neow_cost":"NONE","seed_source_timestamp":0,"circlet_count":0,"master_deck":["Strike_B","Strike_B","Defend_B","Defend_B","Defend_B","Defend_B","Zap+1","Dualcast","Rebound+1","Cold Snap","Rebound+1","Rebound+1","Coolheaded+1","White Noise","Thunder Strike","Conserve Battery"],"special_seed":0,"relics":["Sozu"],"potions_floor_usage":[],"damage_taken":[{"damage":2.0,"enemies":"2 Louse","floor":1.0,"turns":2.0},{"damage":0.0,"enemies":"Cultist","floor":4.0,"turns":2.0},{"damage":0.0,"enemies":"Jaw Worm","floor":5.0,"turns":3.0},{"damage":10.0,"enemies":"Looter","floor":7.0,"turns":2.0},{"damage":0.0,"enemies":"Exordium Wildlife","floor":8.0,"turns":3.0},{"damage":1.0,"enemies":"3 Louse","floor":10.0,"turns":3.0},{"damage":20.0,"enemies":"Exordium Thugs","floor":12.0,"turns":5.0},{"damage":10.0,"enemies":"2 Fungi Beasts","floor":14.0,"turns":2.0},{"damage":27.0,"enemies":"The Guardian","floor":16.0,"turns":12.0},{"damage":20.0,"enemies":"Spheric Guardian","floor":18.0,"turns":4.0},{"damage":14.0,"enemies":"Shell Parasite","floor":20.0,"turns":5.0},{"damage":10.0,"enemies":"Chosen and Byrds","floor":27.0,"turns":8.0},{"damage":28,"enemies":"3 Cultists","floor":29,"turns":6},{"damage":18,"enemies":"Snake Plant","floor":30,"turns":4},{"damage":27,"enemies":"Sentry and Sphere","floor":31,"turns":7},{"damage":25,"enemies":"Collector","floor":33,"turns":2}],"seed_played":"-6866729960664991471","potions_obtained":[],"is_trial":false,"path_per_floor":["M","$","?","M","M","R","M","M","T","M","R","M","R","M","R","B",null,"M","$","M","?","?","R","$","?","T","M","R","M","M","M","R","B"],"character_chosen":"DEFECT","items_purchased":["Cold Snap"],"campfire_rested":3,"item_purchase_floors":[2],"current_hp_per_floor":[73,73,73,73,73,73,63,63,63,62,62,42,42,32,54,27,75,55,55,41,41,41,41,41,66,66,56,75,47,29,2,24,0],"gold":203,"neow_bonus":"BOSS_RELIC","is_prod":false,"is_daily":false,"chose_seed":false,"campfire_upgraded":4,"win_rate":0,"timestamp":1554344329,"path_taken":["M","$","?","M","?","R","M","M","T","M","R","M","R","M","R","BOSS","M","$","M","?","?","R","?","?","T","M","R","M","M","M","R","BOSS"],"build_version":"2019-01-23","purchased_purges":2,"victory":false,"max_hp_per_floor":[75,75,75,75,75,75,75,75,75,75,75,75,75,75,75,75,75,75,75,75,75,75,75,75,75,75,75,75,75,75,75,75,75],"card_choices":[{"not_picked":["Blizzard","Sunder"],"picked":"Rebound","floor":1.0},{"not_picked":["Static Discharge","Compile Driver"],"picked":"Rebound","floor":4.0},{"not_picked":["Sunder","Gash"],"picked":"Rebound","floor":5.0},{"not_picked":["Steam","Rebound"],"picked":"Coolheaded","floor":7.0},{"not_picked":["Heatsinks","Compile Driver","Scrape"],"picked":"SKIP","floor":8.0},{"not_picked":["Stack","Hologram","Rip and Tear"],"picked":"SKIP","floor":10.0},{"not_picked":["Sunder","Undo","Chill"],"picked":"SKIP","floor":12.0},{"not_picked":["Turbo","Redo"],"picked":"White Noise","floor":14.0},{"not_picked":["Buffer","Meteor Strike"],"picked":"Thunder Strike","floor":16.0},{"not_picked":["Beam Cell","Leap","Heatsinks+1"],"picked":"SKIP","floor":18.0},{"not_picked":["Streamline","Compile Driver","Coolheaded"],"picked":"SKIP","floor":20.0},{"not_picked":["Double Energy","Capacitor+1","Go for the Eyes"],"picked":"SKIP","floor":27.0},{"not_picked":["Tempest","Sweeping Beam","Aggregate"],"picked":"SKIP","floor":29},{"not_picked":["Coolheaded+1","Sunder"],"picked":"Conserve Battery","floor":30},{"not_picked":["Capacitor","Consume","Loop+1"],"picked":"SKIP","floor":31}],"player_experience":284964,"relics_obtained":[],"event_choices":[{"damage_healed":0.0,"max_hp_gain":0.0,"max_hp_loss":0.0,"gold_gain":0.0,"event_name":"Accursed Blacksmith","player_choice":"Forge","floor":3.0,"gold_loss":0.0,"damage_taken":0.0,"cards_upgraded":["Zap"]},{"damage_healed":0.0,"max_hp_gain":0.0,"max_hp_loss":0.0,"gold_gain":0.0,"event_name":"Vampires","player_choice":"Ignored","floor":21.0,"gold_loss":0.0,"damage_taken":0.0},{"damage_healed":0.0,"max_hp_gain":0.0,"max_hp_loss":0.0,"gold_gain":0.0,"event_name":"Cursed Tome","player_choice":"Ignored","floor":22.0,"gold_loss":0.0,"damage_taken":0.0},{"damage_healed":25.0,"max_hp_gain":0.0,"max_hp_loss":0.0,"gold_gain":0.0,"event_name":"The Library","player_choice":"Heal","floor":25.0,"gold_loss":0.0,"damage_taken":0.0}],"is_beta":false,"boss_relics":[{"not_picked":["Busted Crown","Cursed Key","Eternal Feather"]}],"items_purged_floors":[19,24],"is_endless":false,"potions_floor_spawned":[1,7,8,12,20,27,29,31],"killed_by":"Collector","ascension_level":0}