{"gold_per_floor":[119,194,92,92,106,106,123,123,123,138,155,155,155,175,175,272,272,292,292,141,155,167,167,42,42,42,42,42,42,42,55,55,55],"floor_reached":33,"playtime":2045,"items_purged":["Strike_B","Defend_B","Strike_B"],"score":235,"play_id":"f5e3ee1b-b430-498f-92b6-4a44c446c96b","local_time":"20190402201111","is_ascension_mode":false,"campfire_choices":[{"data":"Coolheaded","floor":6.0,"key":"SMITH"},{"data":"Zap","floor":8.0,"key":"SMITH"},{"data":"Strike_B","floor":13.0,"key":"SMITH"},{"data":"Dualcast","floor":15.0,"key":"SMITH"},{"data":"Gash","floor":23.0,"key":"SMITH"},{"floor":27.0,"key":"REST"},{"data":"Strike_B","floor":29.0,"key":"SMITH"},{"data":"Defend_B","floor":32.0,"key":"SMITH"}],"neow_cost":"NONE","seed_source_timestamp":435394686691945,"circlet_count":0,"master_deck":["Strike_B+1","Strike_B+1","Defend_B","Defend_B+1","Zap+1","Dualcast+1","Coolheaded+1","Conserve Battery+1","Conserve Battery+1","Gash+1"],"special_seed":0,"relics":["Cracked Core"],"potions_floor_usage":[33],"damage_taken":[{"damage":3.0,"enemies":"Small Slimes","floor":1.0,"turns":3.0},{"damage":4.0,"enemies":"Jaw Worm","floor":5.0,"turns":4.0},{"damage":0.0,"enemies":"Cultist","floor":7.0,"turns":4.0},{"damage":0.0,"enemies":"2 Fungi Beasts","floor":10.0,"turns":5.0},{"damage":0.0,"enemies":"Red Slaver","floor":11.0,"turns":5.0},{"damage":0.0,"enemies":"Large Slime","floor":14.0,"turns":5.0},{"damage":24.0,"enemies":"Slime Boss","floor":16.0,"turns":8.0},{"damage":10.0,"enemies":"Spheric Guardian","floor":18.0,"turns":6.0},{"damage":1.0,"enemies":"Shell Parasite","floor":21.0,"turns":6.0},{"damage":4.0,"enemies":"Centurion and Healer","floor":22.0,"turns":10.0},{"damage":1.0,"enemies":"Sentry and Sphere","floor":31.0,"turns":8.0},{"damage":78,"enemies":"Automaton","floor":33,"turns":14}],"seed_played":"6795132921767240913","potions_obtained":[{"floor":1.0,"key":"FocusPotion"},{"floor":10.0,"key":"EntropicBrew"},{"floor":14.0,"key":"Fire Potion"},{"floor":16.0,"key":"Energy Potion"},{"floor":18.0,"key":"FocusPotion"},{"floor":22.0,"key":"Poison Potion"}],"is_trial":false,"path_per_floor":["M","?","$","?","M","R","M","R","T","M","M","?","R","M","R","B",null,"M","?","$","M","M","R","$","?","T","R","$","R","$","M","R","B"],"character_chosen":"DEFECT","items_purchased":["Coolheaded","Gash"],"campfire_rested":1,"item_purchase_floors":[3,20],"current_hp_per_floor":[79,68,68,68,64,64,64,64,64,64,64,64,64,64,64,40,82,72,72,72,71,67,67,67,67,67,82,82,82,82,81,81,3],"gold":55,"neow_bonus":"TEN_PERCENT_HP_BONUS","is_prod":false,"is_daily":false,"chose_seed":false,"campfire_upgraded":7,"win_rate":0,"timestamp":1554261071,"path_taken":["M","?","$","?","M","R","M","R","T","M","M","?","R","M","R","BOSS","M","?","?","M","M","R","$","?","T","R","$","R","$","?","R","BOSS"],"build_version":"2019-01-23","purchased_purges":3,"victory":false,"max_hp_per_floor":[82,82,82,82,82,82,82,82,82,82,82,82,82,82,82,82,82,82,82,82,82,82,82,82,82,82,82,82,82,82,82,82,82],"card_choices":[{"not_picked":["Defragment","Recycle","Beam Cell"],"picked":"SKIP","floor":1.0},{"not_picked":["Turbo","Cold Snap","Reprogram"],"picked":"SKIP","floor":5.0},{"not_picked":["Sunder","Stack","Compile Driver"],"picked":"SKIP","floor":7.0},{"not_picked":["Barrage","Go for the Eyes"],"picked":"Conserve Battery","floor":10.0},{"not_picked":["Meteor Strike","Reprogram","Cold Snap"],"picked":"SKIP","floor":11.0},{"not_picked":["Undo","Coolheaded","Consume"],"picked":"SKIP","floor":14.0},{"not_picked":["Cold Snap","Rebound"],"picked":"Conserve Battery+1","floor":18.0},{"not_picked":["Leap","Storm","All For One"],"picked":"SKIP","floor":21.0},{"not_picked":["Stack","Go for the Eyes","BootSequence"],"picked":"SKIP","floor":22.0},{"not_picked":["Stack","Darkness","Auto Shields+1"],"picked":"SKIP","floor":31.0}],"player_experience":272432,"relics_obtained":[],"event_choices":[{"damage_healed":0.0,"max_hp_gain":0.0,"max_hp_loss":0.0,"gold_gain":75.0,"event_name":"World of Goop","player_choice":"Gather Gold","floor":2.0,"gold_loss":0.0,"damage_taken":11.0},{"damage_healed":0.0,"max_hp_gain":0.0,"max_hp_loss":0.0,"gold_gain":0.0,"event_name":"Golden Idol","player_choice":"Ignored","floor":4.0,"gold_loss":0.0,"damage_taken":0.0},{"damage_healed":0.0,"max_hp_gain":0.0,"max_hp_loss":0.0,"gold_gain":0.0,"event_name":"Scrap Ooze","player_choice":"Fled","floor":12.0,"gold_loss":0.0,"damage_taken":0.0},{"cards_removed":["Defend_B"],"damage_healed":0.0,"max_hp_gain":0.0,"max_hp_loss":0.0,"gold_gain":0.0,"event_name":"Purifier","player_choice":"Purged","floor":19.0,"gold_loss":0.0,"damage_taken":0.0},{"damage_healed":0.0,"max_hp_gain":0.0,"max_hp_loss":0.0,"gold_gain":0.0,"event_name":"Accursed Blacksmith","player_choice":"Forge","floor":25.0,"gold_loss":0.0,"damage_taken":0.0,"cards_upgraded":["Conserve Battery"]}],"is_beta":false,"boss_relics":[{"not_picked":[]}],"items_purged_floors":[3,20,24],"is_endless":false,"potions_floor_spawned":[1,10,14,16,18,22],"killed_by":"Automaton","ascension_level":0}