{"path_per_floor":["M","?","M","$","?","E","R","M","T","E","R","M","R","E","R","B",null,"M","?","$","M","M","E","R","E","T","?"],"character_chosen":"THE_SILENT","items_purchased":["Footwork","Heel Hook","Malaise","Caltrops"],"gold_per_floor":[110,110,124,12,12,41,41,59,130,162,162,179,179,213,213,318,318,328,328,42,57,73,107,107,142,224,149],"floor_reached":28,"campfire_rested":0,"playtime":2110,"current_hp_per_floor":[60,53,52,52,52,46,46,44,44,40,40,40,40,38,38,37,70,59,59,59,56,54,27,27,27,27,27],"items_purged":["Strike_G","Strike_G"],"gold":149,"score":299,"play_id":"71c50139-eee3-4d1d-9aa1-639630aac771","is_prod":false,"is_daily":false,"is_ascension_mode":false,"campfire_upgraded":5,"path_taken":["M","?","M","?","?","E","R","M","T","E","R","?","R","E","R","BOSS","M","?","$","?","M","E","R","E","T","?","M"],"build_version":"2018-02-07-BETA2","purchased_purges":2,"victory":false,"master_deck":["Defend_G+1","Defend_G+1","Defend_G+1","Defend_G+1","Defend_G+1","Strike_G+1","Survivor","Neutralize+1","Noxious Fumes","Noxious Fumes","Tools of the Trade","Noxious Fumes+1","Deflect","Quick Slash","Footwork+1","Heel Hook","Sucker Punch+1","Deflect","Dodge and Roll","Crippling Poison","Adrenaline","Dodge and Roll+1","Heel Hook","Malaise","Caltrops","Acrobatics","Leg Sweep+1","Envenom","Deflect"],"max_hp_per_floor":[70,70,70,70,70,70,70,70,70,70,70,70,70,70,70,70,70,70,70,70,70,70,70,70,70,70,70],"relics":["Orrery","Paper Crane","Shuriken","Oddly Smooth Stone","Omamori","Black Star","Happy Flower","Prayer Wheel","Ginger","Calipers","Dodecahedron"],"card_choices":[{"not_picked":["Dash","Terror"],"picked":"Noxious Fumes"},{"not_picked":["Backflip","Crippling Poison"],"picked":"Noxious Fumes"},{"not_picked":["Slice","Sucker Punch"],"picked":"Tools of the Trade"},{"not_picked":["PiercingWail","Riddle With Holes"],"picked":"Noxious Fumes"},{"not_picked":["Slice","Predator"],"picked":"Deflect"},{"not_picked":["Prepared","PiercingWail"],"picked":"Quick Slash"},{"not_picked":["Slice","Flying Knee"],"picked":"Heel Hook"},{"not_picked":["Terror","Calculated Gamble"],"picked":"Sucker Punch"},{"not_picked":["Calculated Gamble","Predator"],"picked":"Deflect"},{"not_picked":["Expertise","Backstab"],"picked":"Dodge and Roll"},{"not_picked":["Terror","Dagger Spray"],"picked":"Crippling Poison"},{"not_picked":["Storm of Steel","Unload"],"picked":"Adrenaline"},{"not_picked":["Bane","Reflex"],"picked":"Dodge and Roll"},{"not_picked":["Prepared","Eviscerate"],"picked":"Acrobatics"},{"not_picked":["Bouncing Flask","Cloak And Dagger"],"picked":"Leg Sweep"},{"not_picked":["Terror","Slice"],"picked":"Envenom"},{"not_picked":["Cloak And Dagger","Sucker Punch"],"picked":"Deflect"}],"player_experience":66731,"potions_floor_usage":[10,10,16,23],"damage_taken":[{"damage":10,"enemies":"Small Slimes","floor":1,"turns":4},{"damage":1,"enemies":"2 Louse","floor":3,"turns":4},{"damage":6,"enemies":"Lagavulin","floor":6,"turns":8},{"damage":2,"enemies":"Cultist","floor":8,"turns":6},{"damage":4,"enemies":"3 Sentries","floor":10,"turns":7},{"damage":0,"enemies":"Exordium Thugs","floor":12,"turns":6},{"damage":2,"enemies":"Lagavulin","floor":14,"turns":7},{"damage":1,"enemies":"The Guardian","floor":16,"turns":9},{"damage":11,"enemies":"3 Byrds","floor":18,"turns":5},{"damage":3,"enemies":"2 Thieves","floor":21,"turns":5},{"damage":2,"enemies":"Centurion and Healer","floor":22,"turns":8},{"damage":27,"enemies":"Gremlin Leader","floor":23,"turns":8},{"damage":0,"enemies":"Book of Stabbing","floor":25,"turns":7},{"damage":29,"enemies":"Cultist and Chosen","floor":28,"turns":4}],"event_choices":[{"event_name":"Golden Wing","player_choice":"Card Removal","floor":2,"damage_taken":0},{"event_name":"Golden Idol","player_choice":"Ignored","floor":5,"damage_taken":0},{"event_name":"Back to Basics","player_choice":"Simplicity","floor":19,"damage_taken":0},{"event_name":"Beggar","player_choice":"Gave Gold","floor":27,"damage_taken":0}],"boss_relics":[{"not_picked":["Snecko Eye","Question Card"],"picked":"Black Star"}],"potions_floor_spawned":[3,6,8,12,21,23,25],"seed_played":"-3595779664586126975","killed_by":"Cultist and Chosen","ascension_level":0,"is_trial":false}