{"gold_per_floor":[112,37,37,53,53,81,81,132,132,143,318,79,79,110,110,210,210,225,71,85,96,111,145,145,170,200,200,200,299,334,347,347,347],"floor_reached":33,"playtime":1222,"items_purged":[],"score":507,"play_id":"71d990e8-b69e-40e6-b4f6-113f15142d59","local_time":"20181025112711","is_ascension_mode":true,"campfire_choices":[{"data":"Seeing Red","floor":13,"key":"SMITH"},{"data":"Rampage","floor":15,"key":"SMITH"},{"data":"Uppercut","floor":24,"key":"SMITH"},{"data":"Anger","floor":28,"key":"SMITH"},{"data":"Anger","floor":32,"key":"SMITH"}],"neow_cost":"NONE","seed_source_timestamp":129354011613123,"circlet_count":0,"master_deck":["Strike_R","Strike_R+1","Strike_R","Strike_R","Strike_R+1","Defend_R","Defend_R","Defend_R","Defend_R","Bash","Uppercut+1","Clash","Pommel Strike+1","Anger+1","Twin Strike","Seeing Red+1","Rampage+1","Feed","Immolate","Anger+1"],"relics":["Black Blood","NeowsBlessing","Omamori","PreservedInsect","Matryoshka","Bag of Marbles","Whetstone","Dream Catcher","Orichalcum","Self Forming Clay","FossilizedHelix","Anchor","Blue Candle","Happy Flower","Tiny Chest","Blood Vial"],"potions_floor_usage":[16,16,18,21,22,23,30],"damage_taken":[{"damage":0,"enemies":"Jaw Worm","floor":1,"turns":1},{"damage":0,"enemies":"2 Louse","floor":4,"turns":1},{"damage":0,"enemies":"Lagavulin","floor":6,"turns":1},{"damage":0,"enemies":"Small Slimes","floor":10,"turns":2},{"damage":0,"enemies":"Gremlin Nob","floor":14,"turns":2},{"damage":0,"enemies":"Slime Boss","floor":16,"turns":7},{"damage":24,"enemies":"Shell Parasite","floor":18,"turns":4},{"damage":2,"enemies":"3 Byrds","floor":20,"turns":6},{"damage":14,"enemies":"Shelled Parasite and Fungi","floor":21,"turns":4},{"damage":8,"enemies":"Snake Plant","floor":22,"turns":3},{"damage":2,"enemies":"Slavers","floor":23,"turns":4},{"damage":0,"enemies":"Book of Stabbing","floor":25,"turns":3},{"damage":0,"enemies":"Gremlin Leader","floor":30,"turns":4},{"damage":3,"enemies":"Chosen and Byrds","floor":31,"turns":4},{"damage":100,"enemies":"Champ","floor":33,"turns":10}],"seed_played":"-8604331091370580963","potions_obtained":[{"floor":1,"key":"Poison Potion"},{"floor":10,"key":"Swift Potion"},{"floor":14,"key":"Poison Potion"},{"floor":16,"key":"LiquidBronze"},{"floor":18,"key":"FearPotion"},{"floor":21,"key":"Poison Potion"},{"floor":23,"key":"Explosive Potion"},{"floor":25,"key":"Dexterity Potion"}],"is_trial":false,"path_per_floor":["M","$","?","M","?","E","?","T","T","M","?","$","R","E","R","B",null,"M","$","M","M","M","E","R","E","T","?","R","?","E","M","R"],"character_chosen":"IRONCLAD","items_purchased":["Clash","Pommel Strike","Self Forming Clay","Anchor"],"campfire_rested":0,"item_purchase_floors":[2,2,12,19],"current_hp_per_floor":[80,80,80,80,68,74,74,74,74,80,80,80,80,80,80,80,80,66,66,77,73,75,86,86,86,86,86,86,86,86,86,86,0],"gold":347,"neow_bonus":"THREE_ENEMY_KILL","is_prod":false,"is_daily":false,"chose_seed":false,"campfire_upgraded":5,"win_rate":0,"timestamp":1540484831,"path_taken":["M","$","?","M","?","E","?","?","T","M","?","$","R","E","R","BOSS","M","$","M","M","M","E","R","E","T","?","R","?","E","M","R","BOSS"],"build_version":"2018-10-18","purchased_purges":0,"victory":false,"max_hp_per_floor":[80,80,80,80,80,80,80,80,80,80,80,80,80,80,80,80,80,80,80,83,83,83,86,86,86,86,86,86,86,86,86,86,86],"card_choices":[{"not_picked":["Dual Wield","Carnage"],"picked":"Uppercut","floor":1},{"not_picked":["Pommel Strike","Ghostly Armor"],"picked":"Anger","floor":4},{"not_picked":["Clothesline","Dark Embrace"],"picked":"Twin Strike","floor":6},{"not_picked":["Sword Boomerang","Combust"],"picked":"Seeing Red","floor":10},{"not_picked":["Dropkick","Spot Weakness"],"picked":"Rampage","floor":14},{"not_picked":["Juggernaut","Barricade"],"picked":"Feed","floor":16},{"not_picked":["Shockwave","Wild Strike","Entrench"],"picked":"SKIP","floor":18},{"not_picked":["Thunderclap","Fire Breathing","Clothesline+1"],"picked":"SKIP","floor":20},{"not_picked":["Disarm+1","Body Slam+1","Pummel"],"picked":"SKIP","floor":21},{"not_picked":["Ghostly Armor+1","Pummel","Iron Wave"],"picked":"SKIP","floor":22},{"not_picked":["Thunderclap","Shrug It Off","Cleave"],"picked":"SKIP","floor":23},{"not_picked":["Warcry","Havoc","Bloodletting"],"picked":"SKIP","floor":25},{"not_picked":["Bloodletting+1","Armaments"],"picked":"Immolate","floor":30},{"not_picked":["Flame Barrier+1","Entrench"],"picked":"Anger","floor":31}],"player_experience":194570,"relics_obtained":[{"floor":6,"key":"PreservedInsect"},{"floor":8,"key":"Bag of Marbles"},{"floor":8,"key":"Whetstone"},{"floor":9,"key":"Dream Catcher"},{"floor":9,"key":"Orichalcum"},{"floor":14,"key":"FossilizedHelix"},{"floor":23,"key":"Blue Candle"},{"floor":25,"key":"Happy Flower"},{"floor":26,"key":"Tiny Chest"},{"floor":30,"key":"Blood Vial"}],"event_choices":[{"damage_healed":0,"gold_gain":0,"player_choice":"Grow","damage_taken":0,"max_hp_gain":0,"max_hp_loss":0,"event_name":"Living Wall","floor":3,"gold_loss":0,"cards_upgraded":["Pommel Strike"]},{"damage_healed":0,"gold_gain":0,"player_choice":"Success","damage_taken":12,"relics_obtained":["Omamori"],"max_hp_gain":0,"max_hp_loss":0,"event_name":"Scrap Ooze","floor":5,"gold_loss":0},{"damage_healed":0,"gold_gain":0,"player_choice":"Box","damage_taken":0,"relics_obtained":["Matryoshka"],"max_hp_gain":0,"max_hp_loss":0,"event_name":"Big Fish","floor":7,"gold_loss":0,"cards_obtained":["Regret"]},{"damage_healed":0,"gold_gain":175,"player_choice":"AGREE","damage_taken":0,"max_hp_gain":0,"max_hp_loss":0,"event_name":"Liars Game","floor":11,"gold_loss":0,"cards_obtained":["Doubt"]},{"damage_healed":0,"gold_gain":0,"player_choice":"Ignored","damage_taken":0,"max_hp_gain":0,"max_hp_loss":0,"event_name":"Ghosts","floor":27,"gold_loss":0},{"damage_healed":0,"gold_gain":99,"player_choice":"Stole From Cult","damage_taken":0,"max_hp_gain":0,"max_hp_loss":0,"event_name":"Nest","floor":29,"gold_loss":0}],"is_beta":false,"boss_relics":[{"not_picked":["Philosopher\u0027s Stone","Ectoplasm"],"picked":"Black Blood"}],"items_purged_floors":[],"is_endless":false,"potions_floor_spawned":[1,10,14,16,18,21,23,25],"killed_by":"Champ","ascension_level":2}