{"gold_per_floor":[113,113,60,60,75,109,119,119,119,144,144,18,32,51,51,129,129,149,149,149,168,185,185,214,232,232,232,245,41,41,41,41,114,114,132,177,187,187,206,206,206,206,206,206,217,244,244,259,259,259,259,259,19,54,54],"floor_reached":55,"playtime":2296,"items_purged":["Strike_B"],"score":1240,"play_id":"2c32b3ae-6980-436d-91b2-1443040d12f7","local_time":"20190308152658","is_ascension_mode":true,"campfire_choices":[{"data":"White Noise","floor":8.0,"key":"SMITH"},{"data":"Defragment","floor":15.0,"key":"SMITH"},{"floor":23.0,"key":"REST"},{"floor":27.0,"key":"REST"},{"floor":30.0,"key":"REST"},{"data":"Defragment","floor":32.0,"key":"SMITH"},{"floor":40.0,"key":"REST"},{"floor":42,"key":"REST"},{"floor":47,"key":"REST"},{"floor":49,"key":"RECALL"},{"data":"Echo Form","floor":52,"key":"SMITH"}],"neow_cost":"NONE","seed_source_timestamp":121260783557578,"circlet_count":0,"master_deck":["AscendersBane","Strike_B+1","Defend_B+1","Defend_B+1","Defend_B+1","Defend_B+1","Zap+1","Dualcast","Go for the Eyes","Leap","Conserve Battery","White Noise+1","Thunder Strike","Cold Snap","Defragment+1","Defragment+1","Seek","Capacitor","Cold Snap","Redo+1","Leap","Coolheaded","Echo Form+1","Defragment","Cold Snap","Coolheaded","Sweeping Beam","Chaos","Flash of Steel","Compile Driver+1","Leap","Parasite","White Noise+1","Capacitor","Magnetism","Blizzard+1"],"special_seed":0,"relics":["Cracked Core","NeowsBlessing","Calipers","Symbiotic Virus","DataDisk","Cables","Lizard Tail","Nloth\u0027s Gift","Juzu Bracelet","Potion Belt","Empty Cage","Mango","Regal Pillow","Prayer Wheel","Sundial"],"potions_floor_usage":[45,48,54],"damage_taken":[{"damage":0.0,"enemies":"2 Louse","floor":1.0,"turns":1.0},{"damage":0.0,"enemies":"Cultist","floor":5.0,"turns":1.0},{"damage":0.0,"enemies":"3 Sentries","floor":6.0,"turns":1.0},{"damage":0.0,"enemies":"Small Slimes","floor":7.0,"turns":3.0},{"damage":8.0,"enemies":"Lagavulin","floor":10.0,"turns":7.0},{"damage":5.0,"enemies":"Exordium Wildlife","floor":13.0,"turns":3.0},{"damage":0.0,"enemies":"Large Slime","floor":14.0,"turns":4.0},{"damage":2.0,"enemies":"The Guardian","floor":16.0,"turns":6.0},{"damage":0.0,"enemies":"Spheric Guardian","floor":18.0,"turns":4.0},{"damage":29.0,"enemies":"Colosseum Slavers","floor":19.0,"turns":5.0},{"damage":14.0,"enemies":"Shell Parasite","floor":21.0,"turns":3.0},{"damage":7.0,"enemies":"Sentry and Sphere","floor":22.0,"turns":4.0},{"damage":19.0,"enemies":"Slavers","floor":24.0,"turns":7.0},{"damage":0.0,"enemies":"Centurion and Healer","floor":25.0,"turns":6.0},{"damage":14.0,"enemies":"Snecko","floor":28.0,"turns":5.0},{"damage":9.0,"enemies":"Champ","floor":33.0,"turns":9.0},{"damage":16.0,"enemies":"3 Shapes","floor":35.0,"turns":5.0},{"damage":28.0,"enemies":"2 Orb Walkers","floor":36.0,"turns":3.0},{"damage":6.0,"enemies":"3 Darklings","floor":37.0,"turns":6.0},{"damage":12.0,"enemies":"Spire Growth","floor":39.0,"turns":6.0},{"damage":33,"enemies":"Jaw Worm Horde","floor":45,"turns":5},{"damage":14,"enemies":"Nemesis","floor":46,"turns":9},{"damage":11,"enemies":"Writhing Mass","floor":48,"turns":7},{"damage":57,"enemies":"Time Eater","floor":50,"turns":12},{"damage":107,"enemies":"Shield and Spear","floor":54,"turns":6},{"damage":63,"enemies":"The Heart","floor":55,"turns":2}],"seed_played":"-3255197938003322330","potions_obtained":[{"floor":6.0,"key":"Dexterity Potion"},{"floor":14.0,"key":"Fire Potion"},{"floor":22.0,"key":"Energy Potion"},{"floor":24.0,"key":"Explosive Potion"},{"floor":28.0,"key":"FocusPotion"},{"floor":33.0,"key":"SpeedPotion"},{"floor":35.0,"key":"Swift Potion"},{"floor":37.0,"key":"PowerPotion"},{"floor":39.0,"key":"Energy Potion"},{"floor":45,"key":"Poison Potion"}],"is_trial":false,"path_per_floor":["M","?","$","T","M","E","M","R","T","E","?","$","M","M","R","B",null,"M","?","?","M","M","R","E","M","T","R","M","$","R","?","R","B",null,"M","?","M","?","M","R","?","R","T","?","M","E","R","M","R","B",null,"R","$","E","B"],"character_chosen":"DEFECT","items_purchased":["Leap","Cold Snap","Coolheaded","Potion Belt","PowerPotion","Magnetism"],"campfire_rested":6,"item_purchase_floors":[3,12,29,29,53,53],"current_hp_per_floor":[64,64,64,74,74,74,74,74,74,66,63,63,58,58,58,56,75,75,46,46,32,25,49,30,30,30,54,40,40,64,64,64,55,75,59,45,39,39,27,55,55,83,83,83,50,36,78,67,67,10,70,70,70,33,0],"gold":54,"neow_bonus":"THREE_ENEMY_KILL","is_prod":false,"is_daily":false,"chose_seed":false,"campfire_upgraded":4,"win_rate":0,"timestamp":1552080418,"path_taken":["M","?","$","?","M","E","M","R","T","E","?","?","M","M","R","BOSS","M","?","?","M","?","R","E","M","T","R","M","$","R","?","R","BOSS","M","?","M","?","M","R","?","R","T","?","M","E","R","M","R","BOSS","R","$","E","BOSS"],"build_version":"2019-01-23","purchased_purges":1,"victory":false,"max_hp_per_floor":[71,71,71,81,81,81,81,81,81,81,81,81,81,81,81,81,81,81,81,81,81,81,81,81,81,81,81,81,81,81,81,81,81,81,81,95,95,95,95,95,95,95,95,90,90,90,90,90,90,90,90,90,90,90,90],"card_choices":[{"not_picked":["Streamline","Turbo"],"picked":"Go for the Eyes","floor":1.0},{"not_picked":["Go for the Eyes","Coolheaded"],"picked":"Auto Shields","floor":5.0},{"not_picked":["Loop","Streamline"],"picked":"Conserve Battery","floor":6.0},{"not_picked":["Turbo","Streamline"],"picked":"White Noise","floor":7.0},{"not_picked":["Auto Shields","Rip and Tear"],"picked":"Thunder Strike","floor":10.0},{"not_picked":["Ball Lightning","Barrage"],"picked":"Defragment","floor":13.0},{"not_picked":["Scrape","Static Discharge"],"picked":"Defragment","floor":14.0},{"not_picked":["Core Surge","Creative AI"],"picked":"Seek","floor":16.0},{"not_picked":["Hologram","Auto Shields","Steam+1"],"picked":"SKIP","floor":18.0},{"not_picked":["Self Repair","Rip and Tear"],"picked":"Capacitor","floor":21.0},{"not_picked":["Rip and Tear","Fusion","Beam Cell+1"],"picked":"SKIP","floor":22.0},{"not_picked":["Conserve Battery","Reboot"],"picked":"Cold Snap","floor":24.0},{"not_picked":["Ball Lightning","Go for the Eyes"],"picked":"Redo+1","floor":25.0},{"not_picked":["Auto Shields","Lockon+1"],"picked":"Leap","floor":28.0},{"not_picked":["Amplify","Meteor Strike"],"picked":"Echo Form","floor":33.0},{"not_picked":["Redo","Static Discharge+1"],"picked":"Defragment","floor":35.0},{"not_picked":["Turbo","Sweeping Beam+1"],"picked":"Cold Snap","floor":36.0},{"not_picked":["Doom and Gloom","Melter"],"picked":"Coolheaded","floor":37.0},{"not_picked":["Defragment","Static Discharge"],"picked":"Chaos","floor":39.0},{"not_picked":["Blind","Jack Of All Trades"],"picked":"Flash of Steel","floor":41},{"not_picked":["Sweeping Beam","Gash"],"picked":"Compile Driver+1","floor":45},{"not_picked":["Compile Driver","Storm"],"picked":"Leap","floor":46},{"not_picked":["Chaos","Streamline"],"picked":"White Noise+1","floor":48},{"not_picked":["Stack","Multi-Cast"],"picked":"Capacitor","floor":48},{"not_picked":["Barrage","Rebound"],"picked":"Blizzard+1","floor":54}],"player_experience":655241,"relics_obtained":[{"floor":4.0,"key":"Pear"},{"floor":6.0,"key":"Calipers"},{"floor":9.0,"key":"Symbiotic Virus"},{"floor":10.0,"key":"DataDisk"},{"floor":24.0,"key":"Juzu Bracelet"},{"floor":36.0,"key":"Mango"},{"floor":43,"key":"Regal Pillow"},{"floor":46,"key":"Prayer Wheel"},{"floor":54,"key":"Sundial"}],"event_choices":[{"damage_healed":0.0,"max_hp_gain":0.0,"max_hp_loss":0.0,"gold_gain":0.0,"event_name":"Upgrade Shrine","player_choice":"Upgraded","floor":2.0,"gold_loss":0.0,"damage_taken":0.0,"cards_upgraded":["Zap"]},{"damage_healed":0.0,"max_hp_gain":0.0,"max_hp_loss":0.0,"gold_gain":0.0,"event_name":"Scrap Ooze","player_choice":"Success","floor":11.0,"gold_loss":0.0,"damage_taken":3.0,"relics_obtained":["Cables"]},{"damage_healed":0.0,"max_hp_gain":0.0,"max_hp_loss":0.0,"gold_gain":0.0,"event_name":"Colosseum","player_choice":"Fight","floor":19.0,"gold_loss":0.0,"damage_taken":0.0},{"damage_healed":0.0,"max_hp_gain":0.0,"max_hp_loss":0.0,"gold_gain":0.0,"event_name":"Colosseum","player_choice":"Fled From Nobs","floor":19.0,"gold_loss":0.0,"damage_taken":0.0},{"damage_healed":0.0,"max_hp_gain":0.0,"max_hp_loss":0.0,"gold_gain":0.0,"event_name":"N\u0027loth","player_choice":"Traded Relic","floor":20.0,"relics_lost":["Pear"],"gold_loss":0.0,"damage_taken":0.0,"relics_obtained":["Nloth\u0027s Gift"]},{"damage_healed":0.0,"max_hp_gain":0.0,"max_hp_loss":0.0,"gold_gain":0.0,"event_name":"Back to Basics","player_choice":"Simplicity","floor":31.0,"gold_loss":0.0,"damage_taken":0.0,"cards_upgraded":["Strike_B","Strike_B","Strike_B","Defend_B","Defend_B","Defend_B","Defend_B"]},{"damage_healed":0.0,"max_hp_gain":0.0,"max_hp_loss":0.0,"gold_gain":0.0,"event_name":"Mysterious Sphere","player_choice":"Fight","floor":36.0,"gold_loss":0.0,"damage_taken":0.0},{"damage_healed":0.0,"max_hp_gain":0.0,"max_hp_loss":0.0,"gold_gain":0.0,"cards_transformed":["Strike_B"],"event_name":"Transmorgrifier","player_choice":"Transformed","floor":38.0,"gold_loss":0.0,"damage_taken":0.0,"cards_obtained":["Sweeping Beam"]},{"damage_healed":0,"gold_gain":0,"player_choice":"Memory 1","damage_taken":0,"max_hp_gain":0,"max_hp_loss":0,"event_name":"SensoryStone","floor":41,"gold_loss":0},{"damage_healed":0,"gold_gain":0,"player_choice":"Max HP","damage_taken":0,"max_hp_gain":0,"max_hp_loss":5,"event_name":"Winding Halls","floor":44,"gold_loss":0}],"is_beta":false,"boss_relics":[{"not_picked":["Runic Pyramid","Pandora\u0027s Box"],"picked":"Lizard Tail"},{"not_picked":["Snecko Eye","Busted Crown"],"picked":"Empty Cage"}],"items_purged_floors":[12],"is_endless":false,"potions_floor_spawned":[6,14,19,22,24,28,33,35,37,39,45],"killed_by":"The Heart","ascension_level":14}