{"gold_per_floor":[118,68,68,85,85,85,116,116,116,149,149,27,27,90,90,186,186,203,203,203,214,25,25,55,65,65,65,99,126,153,165,177,189],"floor_reached":33,"playtime":1180,"items_purged":["Strike_B","Rebound+1"],"score":376,"play_id":"d543123c-fbdf-45bd-866b-4ff990411c34","local_time":"20190201020508","is_ascension_mode":true,"campfire_choices":[{"data":"Dualcast","floor":6,"key":"SMITH"},{"floor":8,"key":"REST"},{"floor":11,"key":"REST"},{"data":"Go for the Eyes","floor":13,"key":"SMITH"},{"data":"Beam Cell","floor":15,"key":"SMITH"},{"floor":23,"key":"REST"},{"floor":27,"key":"REST"},{"floor":32,"key":"REST"}],"neow_cost":"NONE","seed_source_timestamp":801738219862568,"circlet_count":0,"master_deck":["Defend_B","Defend_B","Defend_B","Defend_B+1","Zap+1","Dualcast+1","All For One+1","Beam Cell+1","FTL","Coolheaded+1","Go for the Eyes+1","Creative AI+1","Self Repair+1","Swift Strike","Gash","Cold Snap+1","Redo+1","Beam Cell+1"],"relics":["Cracked Core","Frozen Egg 2","Mercury Hourglass","Whetstone","Question Card","Nilry\u0027s Codex","Bottled Lightning","The Courier","MawBank","MutagenicStrength"],"potions_floor_usage":[24,24,29,33,33,33],"damage_taken":[{"damage":1,"enemies":"Cultist","floor":1,"turns":3},{"damage":0,"enemies":"2 Louse","floor":4,"turns":2},{"damage":17,"enemies":"Lagavulin","floor":7,"turns":4},{"damage":15,"enemies":"3 Sentries","floor":10,"turns":4},{"damage":7,"enemies":"3 Sentries","floor":14,"turns":3},{"damage":16,"enemies":"Slime Boss","floor":16,"turns":5},{"damage":21,"enemies":"2 Thieves","floor":18,"turns":3},{"damage":0,"enemies":"3 Byrds","floor":21,"turns":3},{"damage":30,"enemies":"Slavers","floor":24,"turns":5},{"damage":4,"enemies":"3 Cultists","floor":25,"turns":3},{"damage":22,"enemies":"Gremlin Leader","floor":28,"turns":5},{"damage":28,"enemies":"Snecko","floor":29,"turns":5},{"damage":10,"enemies":"Cultist and Chosen","floor":30,"turns":6},{"damage":56,"enemies":"Automaton","floor":33,"turns":6}],"seed_played":"-2048234587492236519","potions_obtained":[{"floor":1,"key":"Swift Potion"},{"floor":14,"key":"Weak Potion"},{"floor":16,"key":"SkillPotion"},{"floor":21,"key":"FearPotion"},{"floor":24,"key":"SpeedPotion"},{"floor":28,"key":"Weak Potion"},{"floor":30,"key":"LiquidBronze"}],"is_trial":false,"path_per_floor":["M","?","?","M","?","R","E","R","T","E","R","$","R","?","R","B",null,"M","?","?","M","$","R","E","M","T","R","E","M","M","?","R","B"],"character_chosen":"DEFECT","items_purchased":["Go for the Eyes","Swift Strike"],"campfire_rested":5,"item_purchase_floors":[12,22],"current_hp_per_floor":[67,67,60,60,45,45,28,50,50,35,57,57,57,50,50,34,65,44,28,28,28,28,50,30,26,26,48,36,18,18,18,40,0],"gold":189,"neow_bonus":"TRANSFORM_CARD","is_prod":false,"is_daily":false,"chose_seed":false,"campfire_upgraded":3,"win_rate":0,"timestamp":1548983108,"path_taken":["M","?","?","M","?","R","E","R","T","E","R","?","R","?","R","BOSS","M","?","?","M","$","R","E","?","T","R","E","M","M","?","R","BOSS"],"build_version":"2019-01-23","purchased_purges":2,"victory":false,"max_hp_per_floor":[75,75,75,75,75,75,75,75,75,75,75,75,75,75,75,75,75,75,75,75,75,75,75,75,75,75,75,75,75,75,75,75,75],"card_choices":[{"not_picked":["Turbo","Coolheaded"],"picked":"Beam Cell","floor":1},{"not_picked":["Undo","Steam Power"],"picked":"FTL","floor":4},{"not_picked":["Cold Snap","White Noise"],"picked":"Rebound","floor":7},{"not_picked":["Compile Driver","Aggregate"],"picked":"Coolheaded","floor":10},{"not_picked":["Biased Cognition+1","Amplify","Multi-Cast"],"picked":"Creative AI+1","floor":16},{"not_picked":["Rebound","Compile Driver","Aggregate+1"],"picked":"Self Repair+1","floor":18},{"not_picked":["Beam Cell","Sweeping Beam+1","Turbo","Go for the Eyes"],"picked":"SKIP","floor":21},{"not_picked":["Undo","Coolheaded","Compile Driver+1"],"picked":"Gash","floor":24},{"not_picked":["Barrage","Hologram","Leap"],"picked":"Cold Snap+1","floor":25},{"not_picked":["Force Field","Cold Snap","Beam Cell"],"picked":"Redo+1","floor":28},{"not_picked":["Redo","Hologram","Streamline","Fusion"],"picked":"SKIP","floor":29},{"not_picked":["Core Surge","Turbo","Glacier+1"],"picked":"Beam Cell+1","floor":30}],"player_experience":174776,"relics_obtained":[{"floor":7,"key":"Frozen Egg 2"},{"floor":9,"key":"Mercury Hourglass"},{"floor":10,"key":"Whetstone"},{"floor":14,"key":"Question Card"},{"floor":19,"key":"Nilry\u0027s Codex"},{"floor":24,"key":"Bottled Lightning"},{"floor":26,"key":"The Courier"},{"floor":28,"key":"MawBank"}],"event_choices":[{"cards_removed":["Strike_B"],"damage_healed":0,"gold_gain":0,"player_choice":"Card Removal","damage_taken":0,"max_hp_gain":0,"max_hp_loss":0,"event_name":"The Cleric","floor":2,"gold_loss":50},{"cards_removed":["Strike_B"],"damage_healed":0,"gold_gain":0,"player_choice":"Card Removal","damage_taken":7,"max_hp_gain":0,"max_hp_loss":0,"event_name":"Golden Wing","floor":3,"gold_loss":0},{"damage_healed":0,"gold_gain":0,"player_choice":"Entered Light","damage_taken":15,"max_hp_gain":0,"max_hp_loss":0,"event_name":"Shining Light","floor":5,"gold_loss":0,"cards_upgraded":["Defend_B","Zap"]},{"damage_healed":0,"gold_gain":0,"player_choice":"Searched \u00272\u0027 times","damage_taken":0,"max_hp_gain":0,"max_hp_loss":0,"event_name":"Dead Adventurer","floor":14,"gold_loss":0},{"damage_healed":0,"gold_gain":0,"player_choice":"Obtained Book","damage_taken":16,"max_hp_gain":0,"max_hp_loss":0,"event_name":"Cursed Tome","floor":19,"gold_loss":0},{"damage_healed":0,"gold_gain":0,"player_choice":"Forge","damage_taken":0,"max_hp_gain":0,"max_hp_loss":0,"event_name":"Accursed Blacksmith","floor":20,"gold_loss":0,"cards_upgraded":["Coolheaded"]},{"damage_healed":0,"gold_gain":0,"player_choice":"Inject Mutagens","damage_taken":0,"relics_obtained":["MutagenicStrength"],"max_hp_gain":0,"max_hp_loss":0,"event_name":"Drug Dealer","floor":31,"gold_loss":0}],"is_beta":false,"boss_relics":[{"not_picked":[]}],"items_purged_floors":[12,22],"is_endless":false,"potions_floor_spawned":[1,14,16,21,24,28,30],"killed_by":"Automaton","ascension_level":6}