{"path_per_floor":["M","?","$","M","?","E","?","M","T","M","R","M","M","E","R","B",null,"M","?","?","M","T","R","E","$","T","E","M","$","M","M","R"],"character_chosen":"THE_SILENT","items_purchased":["Bag of Preparation"],"gold_per_floor":[119,119,44,57,57,88,53,67,136,149,149,159,174,207,207,312,312,330,330,255,272,272,272,329,80,80,114,126,76,91,103,103,103],"floor_reached":33,"campfire_rested":4,"playtime":1208,"current_hp_per_floor":[63,63,63,63,50,9,9,9,9,9,27,27,27,19,40,15,70,57,57,57,57,67,80,53,53,53,49,38,38,33,18,42,0],"items_purged":["Regret","Strike_G","Strike_G"],"gold":103,"score":312,"play_id":"1626eb73-3f2a-40c5-aa1d-cad93f0f8a74","local_time":"20180419020850","is_prod":false,"is_daily":false,"chose_seed":false,"is_ascension_mode":true,"campfire_upgraded":0,"timestamp":1524096530,"path_taken":["M","?","?","M","?","E","?","?","T","M","R","M","?","E","R","BOSS","M","?","?","M","?","R","E","$","T","E","M","$","M","M","R","BOSS"],"build_version":"2018-04-12","seed_source_timestamp":1784039146487955,"purchased_purges":3,"victory":false,"master_deck":["Defend_G","Defend_G","Defend_G","Defend_G","Defend_G","Strike_G+1","Strike_G","Survivor+1","Neutralize","Poisoned Stab","Poisoned Stab","Bane","Poisoned Stab","Escape Plan","Envenom","Deadly Poison","Burst","Acrobatics+1","Malaise+1","Leg Sweep+1","Bane","PiercingWail+1","Prepared"],"max_hp_per_floor":[63,63,63,63,63,63,63,63,63,63,63,63,63,70,70,70,70,70,70,70,70,80,80,80,80,80,80,80,80,80,80,80,80],"relics":["Ring of the Snake","Ice Cream","Dodecahedron","Omamori","Ninja Scroll","Strawberry","Black Star","Pear","Pen Nib","Tiny Chest","Bag of Preparation","Bottled Tornado","Centennial Puzzle","Smiling Mask"],"card_choices":[{"not_picked":["Flechettes","Caltrops"],"picked":"Poisoned Stab","floor":1},{"not_picked":["Backflip","Dagger Spray"],"picked":"Poisoned Stab","floor":4},{"not_picked":["Bouncing Flask","Expertise"],"picked":"Bane","floor":6},{"not_picked":["Expertise","Crippling Poison"],"picked":"Poisoned Stab","floor":8},{"not_picked":["Cloak And Dagger","Underhanded Strike"],"picked":"Escape Plan","floor":10},{"not_picked":["Masterful Stab","Quick Slash"],"picked":"Envenom","floor":12},{"not_picked":["Deflect","Prepared"],"picked":"Deadly Poison","floor":13},{"not_picked":["Unload","A Thousand Cuts"],"picked":"Burst","floor":16},{"not_picked":["Cloak And Dagger","Dagger Spray"],"picked":"Acrobatics","floor":18},{"not_picked":["Flying Knee","Blade Dance"],"picked":"Malaise","floor":21},{"not_picked":["Tools of the Trade","PiercingWail"],"picked":"Leg Sweep","floor":24},{"not_picked":["Sucker Punch","Acrobatics"],"picked":"Bane","floor":28},{"not_picked":["Backflip","Dash"],"picked":"PiercingWail","floor":30},{"not_picked":["Quick Slash","Deadly Poison"],"picked":"Prepared","floor":31}],"player_experience":99016,"potions_floor_usage":[6,14,24,24,24,28,31,33],"damage_taken":[{"damage":0,"enemies":"Small Slimes","floor":1,"turns":4},{"damage":0,"enemies":"Jaw Worm","floor":4,"turns":3},{"damage":41,"enemies":"Gremlin Nob","floor":6,"turns":5},{"damage":0,"enemies":"Cultist","floor":8,"turns":3},{"damage":0,"enemies":"3 Louse","floor":10,"turns":3},{"damage":0,"enemies":"2 Fungi Beasts","floor":12,"turns":2},{"damage":0,"enemies":"Looter","floor":13,"turns":2},{"damage":15,"enemies":"Lagavulin","floor":14,"turns":4},{"damage":25,"enemies":"The Guardian","floor":16,"turns":8},{"damage":13,"enemies":"Spheric Guardian","floor":18,"turns":5},{"damage":0,"enemies":"Chosen","floor":21,"turns":4},{"damage":27,"enemies":"Slavers","floor":24,"turns":7},{"damage":4,"enemies":"Book of Stabbing","floor":27,"turns":8},{"damage":11,"enemies":"Centurion and Healer","floor":28,"turns":8},{"damage":5,"enemies":"Chosen and Byrds","floor":30,"turns":7},{"damage":15,"enemies":"3 Cultists","floor":31,"turns":6},{"damage":52,"enemies":"Champ","floor":33,"turns":13}],"event_choices":[{"event_name":"Big Fish","player_choice":"Box","floor":2,"damage_taken":0},{"event_name":"Shining Light","player_choice":"Entered Light","floor":5,"damage_taken":0},{"event_name":"World of Goop","player_choice":"Left","floor":7,"damage_taken":0},{"event_name":"N\u0027loth","player_choice":"Ignored","floor":19,"damage_taken":0},{"event_name":"Beggar","player_choice":"Gave Gold","floor":20,"damage_taken":0}],"boss_relics":[{"not_picked":["Orrery","Runic Dome"],"picked":"Black Star"}],"potions_floor_spawned":[4,6,14,16,18,27,30,31],"seed_played":"4472367152001121553","killed_by":"Champ","ascension_level":1,"is_trial":false}