{"gold_per_floor":[109,124,124,124,124,124,164,164,164,188,60,100,52,73,73,197,197,220,135,153,0,99,99,113,113,113,128,169,183,221,221],"floor_reached":31,"playtime":1299,"items_purged":[],"score":368,"play_id":"4ec81f3c-01fa-4b06-84a1-f172503fb0e9","local_time":"20190221144208","is_ascension_mode":true,"campfire_choices":[{"data":"Go for the Eyes","floor":6.0,"key":"SMITH"},{"data":"Coolheaded","floor":8.0,"key":"SMITH"},{"data":"Fusion","floor":15.0,"key":"SMITH"},{"floor":23.0,"key":"REST"},{"data":"White Noise","floor":25.0,"key":"SMITH"}],"neow_cost":"NONE","seed_source_timestamp":300932951365377,"circlet_count":0,"master_deck":["Strike_B","Strike_B","Strike_B","Strike_B","Defend_B","Defend_B","Defend_B","Defend_B","Zap","Dualcast","Go for the Eyes+1","Streamline+1","Coolheaded+1","White Noise+1","Glacier","Cold Snap","Tempest","Coolheaded","Fusion+1","Echo Form","Self Repair","Ball Lightning","Electrodynamics","Rebound","Storm","Aggregate","Ball Lightning+1"],"special_seed":0,"relics":["Philosopher\u0027s Stone","Golden Idol","Ancient Tea Set","Gremlin Horn","DataDisk","Eternal Feather","Vajra","Letter Opener","Dodecahedron","Juzu Bracelet"],"potions_floor_usage":[],"damage_taken":[{"damage":2.0,"enemies":"2 Louse","floor":1.0,"turns":2.0},{"damage":0.0,"enemies":"Small Slimes","floor":2.0,"turns":3.0},{"damage":18.0,"enemies":"Gremlin Nob","floor":7.0,"turns":4.0},{"damage":3.0,"enemies":"Jaw Worm","floor":10.0,"turns":2.0},{"damage":6.0,"enemies":"Lagavulin","floor":12.0,"turns":5.0},{"damage":0.0,"enemies":"Blue Slaver","floor":14.0,"turns":4.0},{"damage":36.0,"enemies":"The Guardian","floor":16.0,"turns":11.0},{"damage":6.0,"enemies":"3 Byrds","floor":18.0,"turns":5.0},{"damage":30.0,"enemies":"2 Thieves","floor":20.0,"turns":4.0},{"damage":4.0,"enemies":"Snecko","floor":24.0,"turns":4.0},{"damage":4.0,"enemies":"Cultist and Chosen","floor":27.0,"turns":6.0},{"damage":40.0,"enemies":"Slavers","floor":28.0,"turns":3.0},{"damage":1.0,"enemies":"Chosen and Byrds","floor":29.0,"turns":4.0},{"damage":41.0,"enemies":"Book of Stabbing","floor":30.0,"turns":6.0},{"damage":0,"enemies":"Sentry and Sphere","floor":31,"turns":2}],"seed_played":"-5637223726514279507","potions_obtained":[{"floor":10.0,"key":"FocusPotion"},{"floor":12.0,"key":"Energy Potion"},{"floor":14.0,"key":"Strength Potion"},{"floor":20.0,"key":"Poison Potion"},{"floor":24.0,"key":"Poison Potion"},{"floor":28.0,"key":"SpeedPotion"},{"floor":29.0,"key":"FearPotion"}],"is_trial":false,"path_per_floor":["M","M","?","?","?","R","E","R","T","M","$","E","$","M","R","B",null,"M","?","M","?","?","R","M","R","T","M","E","M","E","M"],"character_chosen":"DEFECT","items_purchased":["Glacier","Cold Snap","Coolheaded"],"campfire_rested":1,"item_purchase_floors":[11,11,13],"current_hp_per_floor":[66,66,66,66,66,66,48,48,48,45,45,39,39,39,39,3,53,47,47,24,24,24,56,59,69,69,69,36,42,8,8],"gold":221,"neow_bonus":"BOSS_RELIC","is_prod":false,"is_daily":false,"chose_seed":false,"campfire_upgraded":4,"win_rate":0,"timestamp":1550781728,"path_taken":["M","M","?","?","?","R","E","R","T","M","$","E","$","M","R","BOSS","M","?","M","?","?","R","?","R","T","M","E","M","E","M"],"build_version":"2019-01-23","purchased_purges":0,"victory":false,"max_hp_per_floor":[75,75,75,69,69,69,69,69,69,69,69,69,69,69,69,69,69,69,69,69,69,69,69,69,69,69,69,69,69,69,69],"card_choices":[{"not_picked":["Steam","Turbo"],"picked":"Go for the Eyes","floor":1.0},{"not_picked":["Double Energy","Sweeping Beam"],"picked":"Streamline","floor":2.0},{"not_picked":["Meteor Strike","Stack"],"picked":"Coolheaded","floor":7.0},{"not_picked":["Redo","Turbo"],"picked":"White Noise","floor":10.0},{"not_picked":["Lockon","Steam"],"picked":"Tempest","floor":12.0},{"not_picked":["Go for the Eyes","Rip and Tear"],"picked":"Fusion","floor":14.0},{"not_picked":["Biased Cognition","Seek"],"picked":"Echo Form","floor":16.0},{"not_picked":["Steam","Rebound+1"],"picked":"Self Repair","floor":18.0},{"not_picked":["Gash+1","Beam Cell+1"],"picked":"Ball Lightning","floor":20.0},{"not_picked":["Aggregate","Streamline"],"picked":"Electrodynamics","floor":24.0},{"not_picked":["Go for the Eyes","Redo"],"picked":"Rebound","floor":27.0},{"not_picked":["Cold Snap","Turbo"],"picked":"Storm","floor":28.0},{"not_picked":["Double Energy","Lockon+1"],"picked":"Aggregate","floor":29.0},{"not_picked":["Go for the Eyes+1","Steam"],"picked":"Ball Lightning+1","floor":30.0}],"player_experience":503221,"relics_obtained":[{"floor":7.0,"key":"Ancient Tea Set"},{"floor":9.0,"key":"Gremlin Horn"},{"floor":12.0,"key":"DataDisk"},{"floor":26.0,"key":"Letter Opener"},{"floor":28.0,"key":"Dodecahedron"},{"floor":30.0,"key":"Juzu Bracelet"}],"event_choices":[{"damage_healed":0.0,"max_hp_gain":0.0,"max_hp_loss":0.0,"gold_gain":0.0,"event_name":"Living Wall","player_choice":"Grow","floor":3.0,"gold_loss":0.0,"damage_taken":0.0,"cards_upgraded":["Streamline"]},{"damage_healed":0.0,"max_hp_gain":0.0,"max_hp_loss":6.0,"gold_gain":0.0,"event_name":"Golden Idol","player_choice":"Lose Max HP","floor":4.0,"gold_loss":0.0,"damage_taken":0.0,"relics_obtained":["Golden Idol"]},{"damage_healed":0.0,"max_hp_gain":0.0,"max_hp_loss":0.0,"gold_gain":0.0,"event_name":"Shining Light","player_choice":"Ignored","floor":5.0,"gold_loss":0.0,"damage_taken":0.0},{"damage_healed":0.0,"max_hp_gain":0.0,"max_hp_loss":0.0,"gold_gain":0.0,"event_name":"Addict","player_choice":"Obtained Relic","floor":19.0,"gold_loss":85.0,"damage_taken":0.0,"relics_obtained":["Vajra"]},{"damage_healed":0.0,"max_hp_gain":0.0,"max_hp_loss":0.0,"gold_gain":0.0,"event_name":"Masked Bandits","player_choice":"Paid Fearfully","floor":21.0,"gold_loss":153.0,"damage_taken":0.0},{"damage_healed":0.0,"max_hp_gain":0.0,"max_hp_loss":0.0,"gold_gain":99.0,"event_name":"Nest","player_choice":"Stole From Cult","floor":22.0,"gold_loss":0.0,"damage_taken":0.0}],"is_beta":false,"boss_relics":[{"not_picked":["Empty Cage","Sozu"],"picked":"Eternal Feather"}],"items_purged_floors":[],"is_endless":false,"potions_floor_spawned":[10,12,14,20,24,28,29],"killed_by":"Sentry and Sphere","ascension_level":6}