{"gold_per_floor":[18,29,46,79,25,53,69,84,109,109,13,33,33,33,33,154,154,172,52,67,67,17,17],"floor_reached":23,"playtime":944,"items_purged":["Strike_B","Strike_B","Strike_B"],"score":193,"play_id":"dfc85d63-01bd-4ab5-9897-3e7defb50b5f","local_time":"20190404211300","is_ascension_mode":false,"campfire_choices":[{"floor":10.0,"key":"REST"},{"floor":15.0,"key":"REST"}],"neow_cost":"NO_GOLD","seed_source_timestamp":0,"circlet_count":0,"master_deck":["Defend_B","Defend_B","Defend_B","Defend_B","Zap","Dualcast","Transmutation","Panacea","Redo","Barrage","Ball Lightning","Coolheaded","Darkness","Sweeping Beam","Cold Snap","Go for the Eyes","Cold Snap","Cold Snap","Electrodynamics","Hologram+1","Consume","Skim"],"special_seed":0,"relics":["FrozenCore","Singing Bowl","Smiling Mask","Golden Idol"],"potions_floor_usage":[20,20],"damage_taken":[{"damage":5.0,"enemies":"Cultist","floor":1.0,"turns":5.0},{"damage":17.0,"enemies":"Small Slimes","floor":2.0,"turns":4.0},{"damage":2.0,"enemies":"2 Louse","floor":3.0,"turns":2.0},{"damage":1.0,"enemies":"Exordium Thugs","floor":4.0,"turns":4.0},{"damage":27.0,"enemies":"Lagavulin","floor":6.0,"turns":7.0},{"damage":9.0,"enemies":"Blue Slaver","floor":7.0,"turns":3.0},{"damage":13.0,"enemies":"Exordium Wildlife","floor":8.0,"turns":3.0},{"damage":10.0,"enemies":"Looter","floor":12.0,"turns":2.0},{"damage":26.0,"enemies":"Slime Boss","floor":16.0,"turns":11.0},{"damage":25.0,"enemies":"2 Thieves","floor":18.0,"turns":5.0},{"damage":16,"enemies":"3 Byrds","floor":20,"turns":3},{"damage":35,"enemies":"Slavers","floor":23,"turns":3}],"seed_played":"9197207742921101980","potions_obtained":[{"floor":1.0,"key":"Fire Potion"},{"floor":3.0,"key":"SpeedPotion"},{"floor":7.0,"key":"LiquidBronze"}],"is_trial":false,"path_per_floor":["M","M","M","M","$","E","M","M","T","R","$","M","?","?","R","B",null,"M","$","M","?","$","E"],"character_chosen":"DEFECT","items_purchased":["Coolheaded","Go for the Eyes","Consume"],"campfire_rested":2,"item_purchase_floors":[5,11,19],"current_hp_per_floor":[70,53,51,50,50,23,14,1,1,23,23,13,13,13,33,7,69,44,44,28,28,28,0],"gold":17,"neow_bonus":"RANDOM_COLORLESS_2","is_prod":false,"is_daily":false,"chose_seed":false,"campfire_upgraded":0,"win_rate":0,"timestamp":1554433980,"path_taken":["M","M","M","M","$","E","M","?","T","R","$","M","?","?","R","BOSS","M","$","?","?","?","E"],"build_version":"2019-01-23","purchased_purges":3,"victory":false,"max_hp_per_floor":[75,75,75,75,75,75,75,75,75,75,75,75,69,69,69,69,69,69,69,69,69,69,69],"card_choices":[{"not_picked":["Stack","Hologram"],"picked":"Redo","floor":1.0},{"not_picked":["Hologram","Compile Driver"],"picked":"Barrage","floor":2.0},{"not_picked":["Compile Driver","Recycle"],"picked":"Rip and Tear","floor":3.0},{"not_picked":["Turbo","Beam Cell"],"picked":"Ball Lightning","floor":4.0},{"not_picked":["Capacitor","Turbo"],"picked":"Darkness","floor":6.0},{"not_picked":["Thunder Strike","Steam"],"picked":"Sweeping Beam","floor":7.0},{"not_picked":["Double Energy","Leap"],"picked":"Cold Snap","floor":8.0},{"not_picked":["Tempest","Compile Driver"],"picked":"Cold Snap","floor":12.0},{"not_picked":["Fission","Amplify"],"picked":"Electrodynamics","floor":16.0},{"not_picked":["Compile Driver+1","Ball Lightning+1"],"picked":"Hologram+1","floor":18.0},{"not_picked":["Aggregate+1","Seek"],"picked":"Skim","floor":20}],"player_experience":174028,"relics_obtained":[{"floor":6.0,"key":"Singing Bowl"},{"floor":9.0,"key":"Smiling Mask"}],"event_choices":[{"damage_healed":0.0,"max_hp_gain":0.0,"max_hp_loss":6.0,"gold_gain":0.0,"event_name":"Golden Idol","player_choice":"Lose Max HP","floor":13.0,"gold_loss":0.0,"damage_taken":0.0,"relics_obtained":["Golden Idol"]},{"damage_healed":0.0,"max_hp_gain":0.0,"max_hp_loss":0.0,"gold_gain":0.0,"cards_transformed":["Rip and Tear"],"event_name":"Transmorgrifier","player_choice":"Transformed","floor":14.0,"gold_loss":0.0,"damage_taken":0.0,"cards_obtained":["Cold Snap"]},{"cards_removed":["Strike_B"],"damage_healed":0,"gold_gain":0,"player_choice":"Elegance","damage_taken":0,"max_hp_gain":0,"max_hp_loss":0,"event_name":"Back to Basics","floor":21,"gold_loss":0}],"is_beta":false,"boss_relics":[{"not_picked":["Coffee Dripper","Velvet Choker"],"picked":"FrozenCore"}],"items_purged_floors":[11,19,22],"is_endless":false,"potions_floor_spawned":[1,3,7,8],"killed_by":"Slavers","ascension_level":0}