{"path_per_floor":["M","?","M","$","T","R","$","E","T","$","R","T","R","?","R","B",null,"M","M","?","M","?","E","R","M","T","$","R","M"],"character_chosen":"DEFECT","items_purchased":["Sunder","Sunder","Blood Vial","Beam Cell"],"gold_per_floor":[116,66,82,1,70,70,3,29,29,29,29,29,29,29,29,130,130,149,162,189,201,201,230,230,242,265,18,18,33,33],"floor_reached":30,"campfire_rested":4,"playtime":761,"item_purchase_floors":[4,7,27,27],"current_hp_per_floor":[74,74,62,62,62,62,62,22,22,22,44,44,66,66,66,12,75,58,44,42,26,51,2,39,11,11,11,48,28,0],"items_purged":["Strike_B"],"gold":33,"score":293,"play_id":"45de49d7-aa2d-4fd9-83fc-03933b9261d1","local_time":"20180525031348","is_prod":false,"is_daily":false,"chose_seed":false,"is_ascension_mode":true,"campfire_upgraded":2,"win_rate":0,"timestamp":1527210828,"campfire_choices":[{"data":"Redo","floor":6,"key":"SMITH"},{"floor":11,"key":"REST"},{"floor":13,"key":"REST"},{"data":"Zap","floor":15,"key":"SMITH"},{"floor":24,"key":"REST"},{"floor":28,"key":"REST"}],"path_taken":["M","?","?","$","?","R","?","E","T","$","R","?","R","?","R","BOSS","M","?","?","M","?","E","R","M","T","?","R","?","E"],"build_version":"2018-05-23v2","seed_source_timestamp":187420182018465,"purchased_purges":1,"victory":false,"master_deck":["Strike_B","Defend_B+1","Defend_B","Defend_B+1","Defend_B","Zap+1","Dualcast","Redo+1","Loop","Beam Cell","Sunder","Sunder","Scrape","Electrodynamics+1","Chill+1","Reinforced Body+1","Melter","Barrage+1","Beam Cell","Cold Snap+1"],"max_hp_per_floor":[75,75,75,75,75,75,75,75,75,75,75,75,75,75,75,75,75,75,75,75,75,75,75,75,75,75,75,75,75,75],"relics":["Cracked Core","Darkstone Periapt","Omamori","Frozen Egg 2","Potion Belt","Inserter","Red Mask","Regal Pillow","War Paint","Blood Vial"],"card_choices":[{"not_picked":["Streamline","Leap"],"picked":"Loop","floor":1},{"not_picked":["Coolheaded","Sweeping Beam"],"picked":"Beam Cell","floor":3},{"not_picked":["Steam","Force Field"],"picked":"Scrape","floor":8},{"not_picked":["Biased Cognition+1","Thunder Strike"],"picked":"Electrodynamics+1","floor":16},{"not_picked":["Streamline","Redo"],"picked":"Chill+1","floor":18},{"not_picked":["Redo","Streamline","Capacitor+1"],"picked":"SKIP","floor":19},{"not_picked":["Rebound","Coolheaded"],"picked":"Reinforced Body+1","floor":20},{"not_picked":["Capacitor+1","Reboot"],"picked":"Melter","floor":21},{"not_picked":["Redo","Storm+1","Hello World+1"],"picked":"SKIP","floor":23},{"not_picked":["Streamline","Heatsinks+1"],"picked":"Barrage+1","floor":25},{"not_picked":["Redo","Lockon+1"],"picked":"Cold Snap+1","floor":29}],"player_experience":91083,"potions_floor_usage":[19,20,20,23],"damage_taken":[{"damage":1,"enemies":"2 Louse","floor":1,"turns":2},{"damage":12,"enemies":"Small Slimes","floor":3,"turns":3},{"damage":40,"enemies":"Lagavulin","floor":8,"turns":4},{"damage":54,"enemies":"The Guardian","floor":16,"turns":8},{"damage":17,"enemies":"Spheric Guardian","floor":18,"turns":4},{"damage":14,"enemies":"Chosen","floor":19,"turns":4},{"damage":2,"enemies":"Masked Bandits","floor":20,"turns":4},{"damage":16,"enemies":"Snake Plant","floor":21,"turns":4},{"damage":49,"enemies":"Book of Stabbing","floor":23,"turns":7},{"damage":28,"enemies":"Snecko","floor":25,"turns":6},{"damage":22,"enemies":"Centurion and Healer","floor":29,"turns":6},{"damage":34,"enemies":"Gremlin Leader","floor":30,"turns":4}],"relics_obtained":[{"floor":5,"key":"Darkstone Periapt"},{"floor":8,"key":"Omamori"},{"floor":9,"key":"Frozen Egg 2"},{"floor":12,"key":"Potion Belt"},{"floor":20,"key":"Red Mask"},{"floor":23,"key":"Regal Pillow"},{"floor":26,"key":"War Paint"}],"event_choices":[{"event_name":"The Cleric","player_choice":"Card Removal","floor":2,"damage_taken":0},{"event_name":"Match and Keep!","player_choice":"0 cards matched","floor":14,"damage_taken":0},{"event_name":"Masked Bandits","player_choice":"Fought over 162 gold","floor":20,"damage_taken":0},{"event_name":"The Library","player_choice":"Heal","floor":22,"damage_taken":0}],"boss_relics":[{"not_picked":["Runic Dome","Philosopher\u0027s Stone"],"picked":"Inserter"}],"items_purged_floors":[27],"potions_floor_spawned":[8,18,19,20,21],"seed_played":"5605592975288208792","killed_by":"Gremlin Leader","ascension_level":4,"potions_obtained":[{"floor":8,"key":"Block Potion"},{"floor":18,"key":"Strength Potion"},{"floor":19,"key":"FocusPotion"},{"floor":20,"key":"Weak Potion"},{"floor":21,"key":"LiquidBronze"}],"is_trial":false}