{"gold_per_floor":[119,119,44,56,74,101,101,121,195,222,236,253,253,266,266,368,368,380,409,420,420,432,465,465,475,475,507,519,519,7,41,41,41],"floor_reached":33,"playtime":1916,"items_purged":["Regret","Strike_R"],"score":344,"play_id":"428e2888-c197-4979-a116-8c3340d0315e","local_time":"20180707032434","is_ascension_mode":false,"campfire_choices":[{"data":"Flex","floor":7,"key":"SMITH"},{"floor":15,"key":"REST"},{"floor":24,"key":"REST"},{"floor":29,"key":"REST"},{"data":"Shockwave","floor":32,"key":"SMITH"}],"neow_cost":"NONE","seed_source_timestamp":440232418411220,"circlet_count":0,"master_deck":["Strike_R","Strike_R+1","Strike_R","Defend_R","Defend_R","Defend_R+1","Defend_R+1","Bash","Feed","Armaments+1","Rampage","Sword Boomerang","Flex+1","Shrug It Off","Fire Breathing","Infernal Blade","Infernal Blade","Iron Wave","Offering","Dual Wield","Twin Strike","Sever Soul","Bash","True Grit","Shockwave+1","Shrug It Off","Iron Wave+1","Headbutt","Power Through","Flame Barrier","Dropkick","Spot Weakness"],"relics":["Burning Blood","Incense Burner","Oddly Smooth Stone","Question Card","Vajra","Velvet Choker","Red Mask","Boot","Du-Vu Doll","Anchor","Meat on the Bone","War Paint"],"potions_floor_usage":[10,10,12,16,23,23,25,33],"damage_taken":[{"damage":7,"enemies":"Small Slimes","floor":1,"turns":4},{"damage":8,"enemies":"Jaw Worm","floor":4,"turns":7},{"damage":7,"enemies":"2 Louse","floor":5,"turns":3},{"damage":29,"enemies":"Gremlin Nob","floor":6,"turns":5},{"damage":3,"enemies":"Exordium Wildlife","floor":8,"turns":4},{"damage":16,"enemies":"3 Sentries","floor":10,"turns":9},{"damage":7,"enemies":"Red Slaver","floor":11,"turns":4},{"damage":5,"enemies":"3 Louse","floor":12,"turns":2},{"damage":1,"enemies":"Blue Slaver","floor":14,"turns":3},{"damage":23,"enemies":"Slime Boss","floor":16,"turns":10},{"damage":4,"enemies":"Spheric Guardian","floor":18,"turns":4},{"damage":30,"floor":19,"turns":6},{"damage":4,"enemies":"Chosen","floor":20,"turns":3},{"damage":24,"enemies":"Centurion and Healer","floor":22,"turns":5},{"damage":32,"enemies":"Slavers","floor":23,"turns":6},{"damage":4,"enemies":"Snake Plant","floor":25,"turns":4},{"damage":17,"enemies":"Book of Stabbing","floor":27,"turns":6},{"damage":20,"enemies":"Snecko","floor":28,"turns":6},{"damage":15,"enemies":"Slavers","floor":31,"turns":5},{"damage":68,"enemies":"Champ","floor":33,"turns":14}],"seed_played":"6848721089115774877","potions_obtained":[{"floor":4,"key":"PowerPotion"},{"floor":6,"key":"Explosive Potion"},{"floor":8,"key":"Block Potion"},{"floor":10,"key":"Poison Potion"},{"floor":12,"key":"Strength Potion"},{"floor":19,"key":"PowerPotion"},{"floor":20,"key":"Energy Potion"},{"floor":25,"key":"Ancient Potion"}],"is_trial":false,"path_per_floor":["M","?","$","M","M","E","R","M","T","E","M","M","?","M","R","B",null,"M","?","M","?","M","E","R","M","T","E","M","R","$","E","R"],"character_chosen":"IRONCLAD","items_purchased":["Flame Barrier","Meat on the Bone","Dropkick"],"campfire_rested":3,"item_purchase_floors":[30,30,30],"current_hp_per_floor":[82,82,82,84,86,63,63,69,69,62,61,77,58,63,91,74,96,96,72,74,74,59,36,66,68,68,57,46,77,77,68,68,0],"gold":41,"neow_bonus":"TRANSFORM_CARD","is_prod":false,"is_daily":false,"chose_seed":false,"campfire_upgraded":2,"win_rate":0,"timestamp":1530955474,"path_taken":["M","?","$","M","M","E","R","M","T","E","M","M","?","M","R","BOSS","M","?","M","?","M","E","R","M","T","E","M","R","$","E","R","BOSS"],"build_version":"2018-07-05","purchased_purges":2,"victory":false,"max_hp_per_floor":[83,83,83,87,90,90,90,93,93,96,96,96,96,96,96,96,96,96,96,96,96,99,102,102,102,102,102,105,105,105,105,105,105],"card_choices":[{"not_picked":["Heavy Blade","Intimidate"],"picked":"Armaments","floor":1},{"not_picked":["Twin Strike","Sentinel"],"picked":"Rampage","floor":4},{"not_picked":["Pummel","Havoc"],"picked":"Sword Boomerang","floor":5},{"not_picked":["Thunderclap","Bloodletting"],"picked":"Flex","floor":6},{"not_picked":["Reckless Charge","Cleave"],"picked":"Shrug It Off","floor":8},{"not_picked":["Clash","Exhume","Thunderclap"],"picked":"Fire Breathing","floor":10},{"not_picked":["Power Through","Cleave","Thunderclap"],"picked":"Infernal Blade","floor":11},{"not_picked":["Carnage","Pummel","Perfected Strike"],"picked":"Infernal Blade","floor":12},{"not_picked":["Shrug It Off","Dropkick","Pommel Strike"],"picked":"Iron Wave","floor":14},{"not_picked":["Barricade","Limit Break","Fiend Fire"],"picked":"Offering","floor":16},{"not_picked":["Twin Strike","Second Wind","Flex"],"picked":"Dual Wield","floor":18},{"not_picked":["Body Slam+1","Armaments","Clash"],"picked":"Twin Strike","floor":19},{"not_picked":["Dual Wield","Sentinel","Warcry"],"picked":"Sever Soul","floor":20},{"not_picked":["Warcry","Perfected Strike","Exhume"],"picked":"Shockwave","floor":22},{"not_picked":["Headbutt","Dark Embrace","Infernal Blade+1"],"picked":"Shrug It Off","floor":23},{"not_picked":["Burning Pact+1","Hemokinesis","Anger"],"picked":"Iron Wave+1","floor":25},{"not_picked":["Flex","Body Slam+1","Double Tap"],"picked":"Headbutt","floor":27},{"not_picked":["Clothesline","Whirlwind","Inflame"],"picked":"Power Through","floor":28},{"not_picked":["Reckless Charge","Body Slam","Armaments"],"picked":"Spot Weakness","floor":31}],"player_experience":75859,"relics_obtained":[{"floor":6,"key":"Oddly Smooth Stone"},{"floor":9,"key":"Question Card"},{"floor":10,"key":"Vajra"},{"floor":19,"key":"Red Mask"},{"floor":23,"key":"Boot"},{"floor":26,"key":"Du-Vu Doll"},{"floor":27,"key":"Anchor"},{"floor":31,"key":"War Paint"}],"event_choices":[{"event_name":"Big Fish","player_choice":"Box","floor":2,"damage_taken":0},{"event_name":"Shining Light","player_choice":"Entered Light","floor":13,"damage_taken":0},{"event_name":"Masked Bandits","player_choice":"Fought over 380 gold","floor":19,"damage_taken":0},{"event_name":"Match and Keep!","player_choice":"2 cards matched","floor":21,"damage_taken":0}],"boss_relics":[{"not_picked":["Philosopher\u0027s Stone","Busted Crown"],"picked":"Velvet Choker"}],"items_purged_floors":[3,30],"is_endless":false,"potions_floor_spawned":[4,6,8,10,12,19,20,25],"killed_by":"Champ","ascension_level":0}