{"gold_per_floor":[117,133,148,73,89,89,119,129,129,93,56,69,69,81,81,178,228,242,275,275,293,293],"floor_reached":22,"playtime":2343,"items_purged":[],"score":213,"play_id":"8d88f38d-df2f-49f4-8ce5-1cb53e4a8adb","local_time":"20190326173046","is_ascension_mode":false,"campfire_choices":[{"data":"Noxious Fumes","floor":6.0,"key":"SMITH"},{"floor":15.0,"key":"REST"}],"neow_cost":"NONE","seed_source_timestamp":0,"circlet_count":0,"master_deck":["Defend_G","Defend_G+1","Defend_G","Defend_G","Defend_G","Strike_G","Strike_G","Strike_G","Strike_G","Strike_G","Survivor","Neutralize","Footwork","Noxious Fumes+1","Noxious Fumes","Footwork","Well Laid Plans"],"special_seed":0,"relics":["Ring of the Snake","Strawberry","StoneCalendar","Regal Pillow","Tiny House","Red Mask","MutagenicStrength"],"potions_floor_usage":[21,21],"damage_taken":[{"damage":1.0,"enemies":"Cultist","floor":1.0,"turns":5.0},{"damage":0.0,"enemies":"Jaw Worm","floor":2.0,"turns":4.0},{"damage":1.0,"enemies":"2 Louse","floor":3.0,"turns":3.0},{"damage":0.0,"enemies":"2 Fungi Beasts","floor":5.0,"turns":5.0},{"damage":20.0,"enemies":"3 Sentries","floor":7.0,"turns":7.0},{"damage":1.0,"enemies":"3 Louse","floor":8.0,"turns":4.0},{"damage":6.0,"enemies":"Large Slime","floor":12.0,"turns":6.0},{"damage":11.0,"enemies":"Exordium Wildlife","floor":14.0,"turns":6.0},{"damage":33.0,"enemies":"Hexaghost","floor":16.0,"turns":9.0},{"damage":5.0,"enemies":"Shell Parasite","floor":18.0,"turns":7.0},{"damage":67,"enemies":"Masked Bandits","floor":19,"turns":6},{"damage":1,"enemies":"Chosen","floor":21,"turns":6}],"seed_played":"-8659234167977675003","potions_obtained":[{"floor":5.0,"key":"SmokeBomb"},{"floor":12.0,"key":"Regen Potion"},{"floor":14.0,"key":"Block Potion"},{"floor":17.0,"key":"Dexterity Potion"},{"floor":19,"key":"Fire Potion"}],"is_trial":false,"path_per_floor":["M","M","M","$","M","R","E","M","T","$","?","M","T","M","R","B",null,"M","?","?","M","?"],"character_chosen":"THE_SILENT","items_purchased":["Noxious Fumes","Noxious Fumes"],"campfire_rested":1,"item_purchase_floors":[4,10],"current_hp_per_floor":[76,76,75,75,75,75,62,61,61,61,61,55,55,59,84,51,89,84,17,17,16,0],"gold":293,"neow_bonus":"TEN_PERCENT_HP_BONUS","is_prod":false,"is_daily":false,"chose_seed":false,"campfire_upgraded":1,"win_rate":0.0,"timestamp":1553617846,"path_taken":["M","M","M","$","M","R","E","M","T","$","?","M","?","M","R","BOSS","M","?","?","M","?"],"build_version":"2019-01-23","purchased_purges":0,"victory":false,"max_hp_per_floor":[77,77,77,77,77,77,84,84,84,84,84,84,84,84,84,84,89,89,89,89,89,89],"card_choices":[{"not_picked":["Underhanded Strike","Quick Slash","Predator"],"picked":"SKIP","floor":1.0},{"not_picked":["Terror","Blade Dance","Poisoned Stab"],"picked":"SKIP","floor":2.0},{"not_picked":["Heel Hook","Deadly Poison"],"picked":"Footwork","floor":3.0},{"not_picked":["Underhanded Strike","Flechettes","Bullet Time"],"picked":"SKIP","floor":5.0},{"not_picked":["Flying Knee","Calculated Gamble","Bane"],"picked":"SKIP","floor":7.0},{"not_picked":["Leg Sweep","Finisher","Bouncing Flask"],"picked":"SKIP","floor":8.0},{"not_picked":["Acrobatics","Expertise","Dagger Spray"],"picked":"SKIP","floor":12.0},{"not_picked":["Dodge and Roll","Calculated Gamble"],"picked":"Footwork","floor":14.0},{"not_picked":["Quick Slash+1","Dagger Spray+1","Flying Knee"],"picked":"SKIP","floor":18.0},{"not_picked":["Deadly Poison+1","Backstab"],"picked":"Well Laid Plans","floor":19},{"not_picked":["Masterful Stab","Poisoned Stab+1","Terror"],"picked":"SKIP","floor":21}],"player_experience":101132,"relics_obtained":[{"floor":7.0,"key":"Strawberry"},{"floor":9.0,"key":"StoneCalendar"},{"floor":13.0,"key":"Regal Pillow"},{"floor":19,"key":"Red Mask"}],"event_choices":[{"damage_healed":0.0,"max_hp_gain":0.0,"max_hp_loss":0.0,"gold_gain":0.0,"event_name":"World of Goop","player_choice":"Left Gold","floor":11.0,"gold_loss":37.0,"damage_taken":0.0},{"damage_healed":0,"gold_gain":0,"player_choice":"Fought Bandits","damage_taken":0,"max_hp_gain":0,"max_hp_loss":0,"event_name":"Masked Bandits","floor":19,"gold_loss":0},{"damage_healed":0,"gold_gain":0,"player_choice":"Inject Mutagens","damage_taken":0,"relics_obtained":["MutagenicStrength"],"max_hp_gain":0,"max_hp_loss":0,"event_name":"Drug Dealer","floor":20,"gold_loss":0}],"is_beta":false,"boss_relics":[{"not_picked":["Orrery","Velvet Choker"],"picked":"Tiny House"}],"items_purged_floors":[],"is_endless":false,"potions_floor_spawned":[5,12,14,18,19],"ascension_level":0}