{"gold_per_floor":[115,115,70,84,107,141,141,175,199,42,42,59,59,93,93,198,198,213,178,178,195,230,260,270,297,297,325,339,372,385,417,417,516,516,529,0,54,54,67,67,17,17,44,44,44,59,77,127,127,127,127,127,30,65,65],"floor_reached":55,"playtime":4865,"items_purged":["Strike_G","Strike_G","Defend_G"],"score":1540,"play_id":"88b41b84-edca-445b-9f72-fb1a7e169d28","local_time":"20190407160355","is_ascension_mode":true,"campfire_choices":[{"data":"Neutralize","floor":7,"key":"SMITH"},{"data":"A Thousand Cuts","floor":11,"key":"SMITH"},{"data":"Footwork","floor":13,"key":"SMITH"},{"data":"Accuracy","floor":15,"key":"SMITH"},{"data":"Choke","floor":32,"key":"SMITH"},{"floor":40,"key":"RECALL"},{"data":"After Image","floor":42,"key":"SMITH"},{"floor":49,"key":"DIG"},{"floor":52,"key":"DIG"}],"neow_cost":"NONE","seed_source_timestamp":12202008249873,"circlet_count":0,"master_deck":["AscendersBane","Defend_G","Defend_G","Defend_G+1","Defend_G","Survivor+1","Neutralize+1","Escape Plan","Choke+1","Footwork+1","A Thousand Cuts+1","Cloak And Dagger+1","Accuracy+1","Dodge and Roll+1","Dodge and Roll+1","After Image","Masterful Stab+1","Outmaneuver+1","Ghostly+1","Ghostly+1","Ghostly+1","Ghostly+1","Ghostly+1","Calculated Gamble+1","Dodge and Roll+1","PiercingWail+1","Cloak And Dagger+1","Malaise+1","Blade Dance+1","Accuracy","PiercingWail+1","After Image+1","Blur+1","Master of Strategy+1","Deflect+1","Cloak And Dagger+1","Backflip+1","Jack Of All Trades+1","Escape Plan+1","PiercingWail+1"],"relics":["Ring of the Snake","NeowsBlessing","Oddly Smooth Stone","Meat on the Bone","Toxic Egg 2","War Paint","Empty Cage","Red Mask","Happy Flower","Incense Burner","Question Card","Bottled Flame","Smiling Mask","Anchor","Busted Crown","Calipers","Prayer Wheel","Regal Pillow","Shovel","Strawberry","Snake Skull","Pear","Whetstone"],"potions_floor_usage":[8,19,23,33,50,50],"damage_taken":[{"damage":0,"enemies":"Cultist","floor":1,"turns":1},{"damage":0,"enemies":"Small Slimes","floor":4,"turns":1},{"damage":0,"enemies":"Lagavulin","floor":6,"turns":1},{"damage":22,"enemies":"Gremlin Nob","floor":8,"turns":5},{"damage":0,"enemies":"Jaw Worm","floor":12,"turns":4},{"damage":0,"enemies":"Lagavulin","floor":14,"turns":9},{"damage":13,"enemies":"Hexaghost","floor":16,"turns":13},{"damage":0,"enemies":"Shell Parasite","floor":18,"turns":8},{"damage":6,"enemies":"2 Thieves","floor":19,"turns":5},{"damage":8,"enemies":"Shelled Parasite and Fungi","floor":21,"turns":8},{"damage":6,"enemies":"Masked Bandits","floor":22,"turns":9},{"damage":5,"enemies":"Slavers","floor":23,"turns":11},{"damage":2,"enemies":"Snake Plant","floor":24,"turns":7},{"damage":9,"enemies":"Gremlin Leader","floor":25,"turns":11},{"damage":0,"enemies":"Book of Stabbing","floor":27,"turns":12},{"damage":3,"enemies":"Centurion and Healer","floor":28,"turns":10},{"damage":1,"enemies":"Gremlin Leader","floor":29,"turns":10},{"damage":0,"enemies":"Snecko","floor":30,"turns":8},{"damage":4,"enemies":"Book of Stabbing","floor":31,"turns":9},{"damage":0,"enemies":"Automaton","floor":33,"turns":14},{"damage":2,"enemies":"3 Shapes","floor":35,"turns":8},{"damage":26,"enemies":"2 Orb Walkers","floor":37,"turns":10},{"damage":0,"enemies":"3 Darklings","floor":39,"turns":8},{"damage":0,"enemies":"4 Shapes","floor":46,"turns":3},{"damage":0,"enemies":"Maw","floor":47,"turns":9},{"damage":0,"enemies":"Donu and Deca","floor":50,"turns":13},{"damage":0,"enemies":"Shield and Spear","floor":54,"turns":9},{"damage":51,"enemies":"The Heart","floor":55,"turns":11}],"seed_played":"-3031113893290016623","potions_obtained":[{"floor":4,"key":"Poison Potion"},{"floor":12,"key":"Strength Potion"},{"floor":19,"key":"Block Potion"},{"floor":23,"key":"Poison Potion"},{"floor":27,"key":"SteroidPotion"},{"floor":28,"key":"Ancient Potion"},{"floor":30,"key":"LiquidBronze"},{"floor":31,"key":"SkillPotion"},{"floor":37,"key":"LiquidBronze"}],"is_trial":false,"path_per_floor":["M","?","?","M","T","E","R","E","T","$","R","M","R","E","R","B",null,"M","M","?","M","?","E","M","E","T","E","M","E","M","E","R","B",null,"M","$","?","?","M","R","$","R","T","?","T","M","M","T","R","B",null,"R","$","E","B"],"character_chosen":"THE_SILENT","items_purchased":["Cloak And Dagger+1","Accuracy","Calipers","Blur+1","Master of Strategy+1","PiercingWail+1"],"campfire_rested":0,"item_purchase_floors":[10,10,36,36,36,53],"current_hp_per_floor":[63,63,63,63,63,63,63,41,41,41,41,41,41,41,41,40,63,63,57,35,27,21,28,26,29,29,29,26,25,25,21,21,21,32,30,30,16,16,28,28,28,28,28,28,28,28,28,35,35,35,40,50,50,50,0],"gold":65,"neow_bonus":"THREE_ENEMY_KILL","is_prod":false,"is_daily":false,"chose_seed":false,"campfire_upgraded":6,"win_rate":0,"timestamp":1554678235,"path_taken":["M","?","?","M","?","E","R","E","T","?","R","M","R","E","R","BOSS","M","?","?","M","?","E","M","E","T","E","M","E","M","E","R","BOSS","M","$","?","?","M","R","?","R","T","?","?","M","?","?","R","BOSS","R","$","E","BOSS"],"build_version":"2019-01-23","purchased_purges":3,"victory":false,"max_hp_per_floor":[70,70,70,70,70,70,70,70,70,70,70,70,70,70,70,70,70,70,70,35,35,35,35,35,35,35,35,35,35,35,35,35,35,35,35,35,35,35,35,35,35,35,35,35,35,35,35,42,42,42,42,52,52,52,52],"card_choices":[{"not_picked":["Blade Dance","Poisoned Stab"],"picked":"Escape Plan","floor":1},{"not_picked":["Dagger Spray","Skewer"],"picked":"Choke","floor":4},{"not_picked":["Cloak And Dagger","Infinite Blades"],"picked":"Footwork","floor":6},{"not_picked":["Crippling Poison","Quick Slash"],"picked":"A Thousand Cuts","floor":8},{"not_picked":["Dagger Spray","Bouncing Flask+1"],"picked":"Dodge and Roll+1","floor":12},{"not_picked":["Quick Slash","Catalyst+1"],"picked":"Dodge and Roll+1","floor":14},{"not_picked":["Adrenaline+1","Venomology+1"],"picked":"After Image","floor":16},{"not_picked":["Dagger Throw","Quick Slash"],"picked":"Masterful Stab","floor":18},{"not_picked":["Flying Knee+1","Dagger Throw"],"picked":"Outmaneuver+1","floor":19},{"not_picked":["Outmaneuver+1","Prepared+1"],"picked":"Calculated Gamble+1","floor":21},{"not_picked":["Dagger Throw+1","Flying Knee"],"picked":"Dodge and Roll+1","floor":22},{"not_picked":["Finisher","Wraith Form v2","All Out Attack+1"],"picked":"SKIP","floor":23},{"not_picked":["Dagger Spray+1","Backflip+1"],"picked":"PiercingWail+1","floor":24},{"not_picked":["Bouncing Flask+1","Riddle With Holes+1","Deadly Poison+1"],"picked":"SKIP","floor":25},{"not_picked":["Slice","Dagger Throw","Acrobatics+1"],"picked":"Cloak And Dagger+1","floor":27},{"not_picked":["Prepared+1","Deflect+1","Dagger Spray"],"picked":"Malaise+1","floor":28},{"not_picked":["Prepared+1","Masterful Stab","Dodge and Roll+1"],"picked":"Blade Dance+1","floor":29},{"not_picked":["Catalyst+1","Reflex+1","Flying Knee"],"picked":"Accuracy","floor":30},{"not_picked":["Deflect+1","Dagger Spray","Blade Dance+1"],"picked":"PiercingWail+1","floor":31},{"not_picked":["Grand Finale","Glass Knife","Venomology+1"],"picked":"After Image","floor":33},{"not_picked":["Blade Dance+1","Quick Slash"],"picked":"SKIP","floor":35},{"not_picked":["Backstab"],"picked":"Deflect+1","floor":37},{"not_picked":["Concentrate+1"],"picked":"Cloak And Dagger+1","floor":39},{"not_picked":["Flying Knee"],"picked":"Backflip+1","floor":39},{"not_picked":["Forethought+1"],"picked":"Jack Of All Trades+1","floor":44},{"not_picked":["Outmaneuver+1"],"picked":"Escape Plan+1","floor":46},{"not_picked":["Deadly Poison+1","Riddle With Holes"],"picked":"SKIP","floor":46},{"not_picked":["PiercingWail+1","Dagger Spray+1"],"picked":"SKIP","floor":47},{"not_picked":["Reflex+1","Outmaneuver+1"],"picked":"SKIP","floor":47},{"not_picked":["Catalyst+1","Underhanded Strike"],"picked":"SKIP","floor":54}],"player_experience":320331,"relics_obtained":[{"floor":5,"key":"Oddly Smooth Stone"},{"floor":6,"key":"Meat on the Bone"},{"floor":8,"key":"Toxic Egg 2"},{"floor":14,"key":"War Paint"},{"floor":22,"key":"Red Mask"},{"floor":23,"key":"Happy Flower"},{"floor":25,"key":"Incense Burner"},{"floor":26,"key":"Question Card"},{"floor":27,"key":"Bottled Flame"},{"floor":29,"key":"Smiling Mask"},{"floor":31,"key":"Anchor"},{"floor":37,"key":"Prayer Wheel"},{"floor":43,"key":"Regal Pillow"},{"floor":45,"key":"Shovel"},{"floor":48,"key":"Strawberry"},{"floor":49,"key":"Snake Skull"},{"floor":52,"key":"Pear"},{"floor":54,"key":"Whetstone"}],"event_choices":[{"cards_removed":["Strike_G"],"damage_healed":0,"gold_gain":0,"player_choice":"Forget","damage_taken":0,"max_hp_gain":0,"max_hp_loss":0,"event_name":"Living Wall","floor":2,"gold_loss":0},{"damage_healed":0,"gold_gain":0,"player_choice":"Left Gold","damage_taken":0,"max_hp_gain":0,"max_hp_loss":0,"event_name":"World of Goop","floor":3,"gold_loss":45},{"damage_healed":0,"gold_gain":0,"player_choice":"Became a Ghost","damage_taken":0,"max_hp_gain":0,"max_hp_loss":35,"event_name":"Ghosts","floor":20,"gold_loss":0,"cards_obtained":["Ghostly","Ghostly","Ghostly","Ghostly","Ghostly"]},{"damage_healed":0,"gold_gain":0,"player_choice":"Fought Bandits","damage_taken":0,"max_hp_gain":0,"max_hp_loss":0,"event_name":"Masked Bandits","floor":22,"gold_loss":0},{"damage_healed":0,"gold_gain":0,"player_choice":"Fight","damage_taken":0,"max_hp_gain":0,"max_hp_loss":0,"event_name":"Mysterious Sphere","floor":37,"gold_loss":0},{"damage_healed":0,"gold_gain":0,"player_choice":"Ignored","damage_taken":0,"max_hp_gain":0,"max_hp_loss":0,"event_name":"The Moai Head","floor":38,"gold_loss":0},{"damage_healed":0,"gold_gain":0,"player_choice":"Memory 1","damage_taken":0,"max_hp_gain":0,"max_hp_loss":0,"event_name":"SensoryStone","floor":44,"gold_loss":0}],"is_beta":false,"boss_relics":[{"not_picked":["Lizard Tail","Tiny House"],"picked":"Empty Cage"},{"not_picked":["HoveringKite","Velvet Choker"],"picked":"Busted Crown"}],"items_purged_floors":[10,41,53],"is_endless":false,"potions_floor_spawned":[4,12,19,23,27,28,29,30,31,37],"killed_by":"The Heart","ascension_level":12}