{"gold_per_floor":[111,111,4,22,22,35,48,66,66,84,9,9,37,49,49,145,145,155,155,55,330,205,205,216,234,260,272,304,347,370,382,394,504,566,589,92,106,125,54,54,0,0,0,0,0,0,0,11,11,108,108,126,140,140,162,162,162,182,182,207,224,49,63,88,107,107,207,207,225,237,250,50,65,15,30,30,58,58],"floor_reached":78,"playtime":3847,"items_purged":["Defend_R","Bash","Regret","Defend_R","Clumsy","Parasite"],"score":1479,"play_id":"edfa8522-db39-4b80-aa2f-68d6024713e7","local_time":"20181018032324","daily_mods":["Heirloom"],"is_ascension_mode":false,"campfire_choices":[{"data":"Anger","floor":12,"key":"SMITH"},{"floor":15,"key":"REST"},{"data":"Seeing Red","floor":23,"key":"SMITH"},{"data":"Limit Break","floor":32,"key":"SMITH"},{"data":"Flex","floor":40,"key":"SMITH"},{"data":"Flex","floor":42,"key":"SMITH"},{"data":"Inflame","floor":44,"key":"SMITH"},{"data":"Anger","floor":46,"key":"SMITH"},{"floor":49,"key":"REST"},{"data":"Headbutt","floor":57,"key":"SMITH"},{"data":"Clash","floor":59,"key":"SMITH"},{"floor":66,"key":"REST"}],"neow_cost":"","seed_source_timestamp":0,"circlet_count":0,"master_deck":["Strike_R","Strike_R","Defend_R+1","Headbutt+1","Flex+1","Anger+1","Seeing Red+1","Second Wind+1","Inflame+1","Anger+1","Clash+1","Anger+1","Clash+1","Necronomicurse","Limit Break+1","Flex+1","Warcry+1","Seeing Red+1","Limit Break+1","Inflame+1","Exhume+1","Warcry+1","Pain","Clash","Burning Pact+1","True Grit+1","Fiend Fire","Anger","Anger","Fiend Fire","Warcry+1","Clash","Anger","Warcry+1","Rage+1","Writhe","Clash"],"relics":["Unceasing Top","Champion Belt","Bag of Marbles","Meat on the Bone","Ornamental Fan","Matryoshka","Astrolabe","Centennial Puzzle","MawBank","Necronomicon","Question Card","Tiny House","War Paint","DollysMirror","Red Mask","Blood Vial","Toxic Egg 2","Calling Bell","Art of War","Pear","Thread and Needle","Odd Mushroom","Pen Nib","Boot","Lizard Tail","Kunai"],"potions_floor_usage":[8,8,13,16,18,29,33,35,35,37,50,50,61,64,69,77,78],"damage_taken":[{"damage":8,"enemies":"Small Slimes","floor":1,"turns":3},{"damage":5,"enemies":"Jaw Worm","floor":4,"turns":3},{"damage":12,"enemies":"Cultist","floor":6,"turns":4},{"damage":9,"enemies":"Blue Slaver","floor":7,"turns":2},{"damage":11,"enemies":"Gremlin Gang","floor":8,"turns":4},{"damage":5,"enemies":"Exordium Thugs","floor":10,"turns":3},{"damage":11,"enemies":"Gremlin Nob","floor":13,"turns":3},{"damage":0,"enemies":"Looter","floor":14,"turns":2},{"damage":25,"enemies":"Hexaghost","floor":16,"turns":7},{"damage":3,"enemies":"Shell Parasite","floor":18,"turns":3},{"damage":0,"enemies":"3 Byrds","floor":24,"turns":3},{"damage":0,"enemies":"Snake Plant","floor":25,"turns":2},{"damage":12,"enemies":"Chosen and Byrds","floor":28,"turns":4},{"damage":13,"enemies":"Book of Stabbing","floor":29,"turns":3},{"damage":15,"enemies":"Centurion and Healer","floor":30,"turns":3},{"damage":28,"enemies":"Collector","floor":33,"turns":5},{"damage":0,"enemies":"3 Darklings","floor":35,"turns":2},{"damage":22,"enemies":"3 Shapes","floor":37,"turns":6},{"damage":6,"enemies":"3 Darklings","floor":38,"turns":4},{"damage":2,"enemies":"Transient","floor":48,"turns":4},{"damage":24,"enemies":"Donu and Deca","floor":50,"turns":4},{"damage":10,"enemies":"Small Slimes","floor":52,"turns":3},{"damage":3,"enemies":"2 Louse","floor":53,"turns":2},{"damage":12,"enemies":"The Mushroom Lair","floor":55,"turns":4},{"damage":0,"enemies":"Cultist","floor":58,"turns":2},{"damage":19,"enemies":"Exordium Thugs","floor":61,"turns":3},{"damage":0,"enemies":"Exordium Wildlife","floor":63,"turns":1},{"damage":40,"enemies":"3 Sentries","floor":64,"turns":4},{"damage":0,"enemies":"3 Louse","floor":65,"turns":2},{"damage":28,"enemies":"The Guardian","floor":67,"turns":3},{"damage":24,"enemies":"2 Thieves","floor":69,"turns":3},{"damage":2,"enemies":"Spheric Guardian","floor":70,"turns":2},{"damage":7,"enemies":"3 Cultists","floor":71,"turns":3},{"damage":15,"enemies":"Sentry and Sphere","floor":73,"turns":3},{"damage":6,"enemies":"Chosen and Byrds","floor":75,"turns":2},{"damage":28,"enemies":"Gremlin Leader","floor":77,"turns":3},{"damage":38,"enemies":"Centurion and Healer","floor":78,"turns":3}],"seed_played":"6007826046236597656","potions_obtained":[{"floor":4,"key":"Block Potion"},{"floor":7,"key":"EssenceOfSteel"},{"floor":8,"key":"SkillPotion"},{"floor":14,"key":"AttackPotion"},{"floor":16,"key":"GamblersBrew"},{"floor":18,"key":"Strength Potion"},{"floor":24,"key":"AttackPotion"},{"floor":25,"key":"BloodPotion"},{"floor":30,"key":"SteroidPotion"},{"floor":34,"key":"Explosive Potion"},{"floor":38,"key":"FearPotion"},{"floor":48,"key":"Poison Potion"},{"floor":53,"key":"AttackPotion"},{"floor":61,"key":"Weak Potion"},{"floor":64,"key":"Energy Potion"},{"floor":67,"key":"Fire Potion"},{"floor":69,"key":"Ancient Potion"},{"floor":70,"key":"SteroidPotion"}],"is_trial":true,"path_per_floor":["M","?","?","M","T","M","M","M","T","M","$","R","E","M","R","B",null,"M","?","$","?","$","R","M","M","T","?","M","E","M","?","R","B",null,"M","$","M","M","$","R","?","R","T","R","$","R","?","M","R","B",null,"M","M","?","?","?","R","M","R","T","M","$","M","E","M","R","B",null,"M","M","M","$","M","?","M","?","E"],"character_chosen":"IRONCLAD","items_purchased":["War Paint","DollysMirror","Inflame"],"campfire_rested":3,"item_purchase_floors":[36,36,39],"current_hp_per_floor":[72,65,65,60,60,48,51,52,52,47,47,47,48,48,72,47,80,77,77,77,77,77,77,77,77,77,61,49,48,45,45,45,37,85,85,85,63,57,57,57,57,57,57,57,57,57,57,57,82,60,95,85,84,84,74,62,62,64,64,64,47,47,49,23,37,64,50,92,68,68,63,63,50,50,46,46,32,44],"gold":58,"neow_bonus":"","is_prod":false,"is_daily":false,"chose_seed":false,"campfire_upgraded":9,"win_rate":0,"timestamp":1539851004,"path_taken":["M","?","?","?","?","M","M","M","T","M","$","R","E","M","R","BOSS","M","?","$","?","$","R","M","M","T","?","?","E","M","?","R","BOSS","M","$","M","M","$","R","?","R","T","R","$","R","?","M","R","BOSS","M","?","?","?","?","R","?","R","T","M","$","M","E","M","R","BOSS","M","M","M","$","M","?","M","?","E","M"],"build_version":"2018-10-11","purchased_purges":6,"victory":false,"max_hp_per_floor":[80,80,80,80,80,80,80,80,80,80,80,80,80,80,80,80,80,80,80,80,80,80,80,80,80,80,80,80,80,80,80,80,80,85,85,85,85,85,85,85,85,85,85,85,85,85,85,85,85,85,95,95,95,92,92,92,92,92,92,92,92,92,92,92,92,92,92,92,92,92,92,89,89,89,89,89,89,89],"card_choices":[{"not_picked":["Shrug It Off","Body Slam"],"picked":"Headbutt","floor":1},{"not_picked":["Heavy Blade","Warcry"],"picked":"Flex","floor":4},{"not_picked":["Second Wind","Clash"],"picked":"Anger","floor":6},{"not_picked":["Cleave","Iron Wave","Hemokinesis"],"picked":"SKIP","floor":7},{"not_picked":["Sentinel","Cleave","Whirlwind"],"picked":"SKIP","floor":8},{"not_picked":["Intimidate","True Grit"],"picked":"Seeing Red","floor":10},{"not_picked":["Sentinel","Twin Strike"],"picked":"Rampage","floor":13},{"not_picked":["Carnage","Reckless Charge","Shrug It Off"],"picked":"SKIP","floor":14},{"not_picked":["Evolve","Dual Wield"],"picked":"Clash","floor":18},{"not_picked":["Iron Wave+1","Perfected Strike+1","Searing Blow"],"picked":"SKIP","floor":24},{"not_picked":["Feel No Pain","Entrench"],"picked":"Clash","floor":25},{"not_picked":["Pommel Strike","Headbutt"],"picked":"Limit Break","floor":28},{"not_picked":["Demon Form","Armaments"],"picked":"Flex","floor":29},{"not_picked":["Iron Wave+1","Clothesline","Body Slam"],"picked":"Warcry","floor":30},{"not_picked":["Body Slam+1","True Grit","Dual Wield","Armaments"],"picked":"SKIP","floor":35},{"not_picked":["Cleave","Entrench+1","Iron Wave","Warcry"],"picked":"SKIP","floor":37},{"not_picked":["Twin Strike+1","Clothesline","Blood for Blood","Power Through"],"picked":"SKIP","floor":38},{"not_picked":["Perfected Strike","Clothesline+1","Carnage","Rupture+1"],"picked":"SKIP","floor":48},{"not_picked":["Barricade","Double Tap+1","Demon Form"],"picked":"Exhume+1","floor":50},{"not_picked":["Offering+1","Thunderclap","Sword Boomerang","Iron Wave"],"picked":"SKIP","floor":52},{"not_picked":["Anger","Infernal Blade+1","Sword Boomerang"],"picked":"Warcry+1","floor":53},{"not_picked":["Headbutt","Second Wind+1","Shrug It Off+1"],"picked":"Clash","floor":55},{"not_picked":["Infernal Blade+1","Warcry+1","Juggernaut"],"picked":"Burning Pact+1","floor":58},{"not_picked":["Havoc+1","Body Slam","Uppercut"],"picked":"True Grit+1","floor":61},{"not_picked":["Headbutt","Havoc+1","Thunderclap"],"picked":"Fiend Fire","floor":63},{"not_picked":["Bloodletting+1","True Grit+1","Combust"],"picked":"Anger","floor":64},{"not_picked":["Carnage","Iron Wave","Cleave"],"picked":"Anger","floor":65},{"not_picked":["Impervious+1","Juggernaut","Berserk"],"picked":"Fiend Fire","floor":67},{"not_picked":["Sword Boomerang","Havoc+1","Pommel Strike"],"picked":"Warcry+1","floor":69},{"not_picked":["Armaments+1","Second Wind+1","Twin Strike+1"],"picked":"Clash","floor":70},{"not_picked":["Rupture","Warcry+1","Pommel Strike"],"picked":"Anger","floor":71},{"not_picked":["Sever Soul","Sword Boomerang+1","Battle Trance+1"],"picked":"Warcry+1","floor":73},{"not_picked":["Clothesline","Clash","Warcry+1"],"picked":"Rage+1","floor":75},{"not_picked":["Pommel Strike+1","Heavy Blade","Body Slam"],"picked":"Clash","floor":77}],"player_experience":110322,"relics_obtained":[{"floor":5,"key":"Meat on the Bone"},{"floor":9,"key":"Ornamental Fan"},{"floor":13,"key":"Matryoshka"},{"floor":26,"key":"Centennial Puzzle"},{"floor":26,"key":"MawBank"},{"floor":27,"key":"Necronomicon"},{"floor":29,"key":"Question Card"},{"floor":43,"key":"Blood Vial"},{"floor":43,"key":"Toxic Egg 2"},{"floor":51,"key":"Art of War"},{"floor":51,"key":"Pear"},{"floor":51,"key":"Thread and Needle"},{"floor":55,"key":"Odd Mushroom"},{"floor":60,"key":"Boot"}],"event_choices":[{"event_name":"Golden Wing","player_choice":"Card Removal","floor":2,"damage_taken":0},{"event_name":"WeMeetAgain","player_choice":"Gold","floor":3,"damage_taken":0},{"event_name":"The Library","player_choice":"Read","floor":19,"damage_taken":0},{"event_name":"Golden Shrine","player_choice":"Desecrate","floor":21,"damage_taken":0},{"event_name":"Cursed Tome","player_choice":"Obtained Book","floor":27,"damage_taken":0},{"event_name":"Duplicator","player_choice":"One dupe","floor":31,"damage_taken":0},{"event_name":"Tomb of Lord Red Mask","player_choice":"Paid","floor":41,"damage_taken":0},{"event_name":"Falling","player_choice":"Removed Attack","floor":47,"damage_taken":0},{"event_name":"Transmorgrifier","player_choice":"Transform","floor":54,"damage_taken":0},{"event_name":"Mushrooms","player_choice":"Fought Mushrooms","floor":55,"damage_taken":0},{"event_name":"Scrap Ooze","player_choice":"success","floor":56,"damage_taken":12},{"event_name":"The Joust","player_choice":"Bet on Owner","floor":74,"damage_taken":0},{"event_name":"The Mausoleum","player_choice":"Yes","floor":76,"damage_taken":0}],"is_beta":false,"boss_relics":[{"not_picked":["Sozu","Runic Dome"],"picked":"Astrolabe"},{"not_picked":["Runic Cube","Fusion Hammer"],"picked":"Tiny House"},{"not_picked":["Mark of Pain","Eternal Feather"],"picked":"Calling Bell"},{"not_picked":["Fusion Hammer","Eternal Feather"],"picked":"Lizard Tail"}],"items_purged_floors":[11,20,22,36,62,72],"is_endless":true,"potions_floor_spawned":[4,7,8,14,16,18,24,25,30,38,48,53,61,64,67,69,70,73],"killed_by":"Centurion and Healer","ascension_level":0}