{"gold_per_floor":[117,117,131,131,152,186,186,224,224,25,46,87,262,283,283,408,408,421,16,79,79,79,79],"floor_reached":23,"playtime":1308,"items_purged":["Doubt"],"score":255,"play_id":"a3223ad7-f221-47c2-b8e8-c5f27837b10a","local_time":"20181031171120","is_ascension_mode":true,"campfire_choices":[{"data":"Bouncing Flask","floor":7,"key":"SMITH"},{"data":"Crippling Poison","floor":15,"key":"SMITH"}],"neow_cost":"NONE","seed_source_timestamp":226340853642700,"circlet_count":0,"master_deck":["Survivor","Neutralize","Acrobatics","Blur","Injury","Bouncing Flask+1","Crippling Poison+1","Backflip","Malaise","Footwork+1","Envenom+1","Acrobatics","Dash","Flying Knee","Cloak And Dagger","Dagger Spray+1","Footwork+1","Escape Plan","Riddle With Holes","Calculated Gamble","Slice","Bane+1","Magnetism+1","Catalyst","Bite","Bite","Bite","Bite","Bite"],"relics":["Ring of the Snake","Regal Pillow","Golden Idol","Bottled Lightning","Pen Nib","Frozen Egg 2","Lee\u0027s Waffle","Pandora\u0027s Box","Whetstone"],"potions_floor_usage":[6,8,20,20],"damage_taken":[{"damage":3,"enemies":"Jaw Worm","floor":1,"turns":5},{"damage":6,"enemies":"Small Slimes","floor":3,"turns":4},{"damage":2,"enemies":"Cultist","floor":5,"turns":5},{"damage":18,"enemies":"Gremlin Nob","floor":6,"turns":4},{"damage":3,"enemies":"Lagavulin","floor":8,"turns":6},{"damage":13,"enemies":"Red Slaver","floor":11,"turns":5},{"damage":21,"enemies":"Gremlin Nob","floor":12,"turns":4},{"damage":4,"enemies":"Large Slime","floor":14,"turns":6},{"damage":12,"enemies":"Hexaghost","floor":16,"turns":13},{"damage":22,"enemies":"Shell Parasite","floor":18,"turns":7},{"damage":19,"enemies":"2 Thieves","floor":20,"turns":4},{"damage":44,"enemies":"3 Cultists","floor":23,"turns":4}],"seed_played":"5164144624115197182","potions_obtained":[{"floor":1,"key":"GamblersBrew"},{"floor":3,"key":"Poison Potion"},{"floor":5,"key":"SpeedPotion"},{"floor":14,"key":"Block Potion"},{"floor":16,"key":"AttackPotion"}],"is_trial":false,"path_per_floor":["M","?","M","?","M","E","R","E","T","$","M","E","?","M","R","B",null,"M","$","M","$","?"],"character_chosen":"THE_SILENT","items_purchased":["Lee\u0027s Waffle","Whetstone","Magnetism+1"],"campfire_rested":0,"item_purchase_floors":[10,19,19],"current_hp_per_floor":[67,67,61,61,59,41,41,38,38,77,64,43,43,41,41,31,77,55,55,38,38,38,0],"gold":79,"neow_bonus":"RANDOM_COMMON_RELIC","is_prod":false,"is_daily":false,"chose_seed":false,"campfire_upgraded":2,"win_rate":0,"timestamp":1541023880,"path_taken":["M","?","?","?","M","E","R","E","T","$","M","E","?","M","R","BOSS","M","$","M","$","?","?"],"build_version":"2018-10-25v2","purchased_purges":1,"victory":false,"max_hp_per_floor":[70,70,70,70,70,70,70,70,70,77,77,77,77,77,77,77,77,77,77,77,77,77,77],"card_choices":[{"not_picked":["Slice","Expertise"],"picked":"Acrobatics","floor":1},{"not_picked":["Cloak And Dagger","Bane"],"picked":"Blur","floor":3},{"not_picked":["Poisoned Stab","Outmaneuver"],"picked":"Bouncing Flask","floor":5},{"not_picked":["Skewer","Outmaneuver","Finisher"],"picked":"SKIP","floor":6},{"not_picked":["Outmaneuver","PiercingWail"],"picked":"Crippling Poison","floor":8},{"not_picked":["Sucker Punch","Skewer"],"picked":"Backflip","floor":11},{"not_picked":["Die Die Die","PiercingWail"],"picked":"Malaise","floor":12},{"not_picked":["Predator","Dash"],"picked":"Footwork+1","floor":14},{"not_picked":["Adrenaline","Night Terror"],"picked":"Envenom+1","floor":16},{"not_picked":["Skewer+1","Flying Knee+1"],"picked":"Bane","floor":18},{"not_picked":["Acrobatics+1","Footwork+1"],"picked":"Catalyst","floor":20}],"player_experience":239595,"relics_obtained":[{"floor":6,"key":"Bottled Lightning"},{"floor":8,"key":"Pen Nib"},{"floor":9,"key":"Frozen Egg 2"},{"floor":12,"key":"Blood Vial"}],"event_choices":[{"damage_healed":0,"gold_gain":0,"player_choice":"Ignored","damage_taken":0,"max_hp_gain":0,"max_hp_loss":0,"event_name":"Shining Light","floor":2,"gold_loss":0},{"damage_healed":0,"gold_gain":0,"player_choice":"Take Wound","damage_taken":0,"relics_obtained":["Golden Idol"],"max_hp_gain":0,"max_hp_loss":0,"event_name":"Golden Idol","floor":4,"gold_loss":0,"cards_obtained":["Injury"]},{"damage_healed":0,"gold_gain":175,"player_choice":"AGREE","damage_taken":0,"max_hp_gain":0,"max_hp_loss":0,"event_name":"Liars Game","floor":13,"gold_loss":0,"cards_obtained":["Doubt"]},{"damage_healed":0,"gold_gain":0,"player_choice":"Became a vampire (Vial)","damage_taken":0,"max_hp_gain":0,"max_hp_loss":0,"event_name":"Vampires","floor":22,"relics_lost":["Blood Vial"],"gold_loss":0,"cards_obtained":["Bite","Bite","Bite","Bite","Bite"]}],"is_beta":false,"boss_relics":[{"not_picked":["Snecko Eye","Runic Pyramid"],"picked":"Pandora\u0027s Box"}],"items_purged_floors":[19],"is_endless":false,"potions_floor_spawned":[1,3,5,14,16],"killed_by":"3 Cultists","ascension_level":2}