{"gold_per_floor":[218,218,234,234,184,184,204,204,204,34,72,90,133,147,147,267,267,283,283,297,497,512,551,551,586,586,586,654,678,678,696,696,817,817,840,865,892,892,892,928,928,942,942,942,223,262,281,321,321,321,321,321,33,64,64],"floor_reached":56,"playtime":4387,"items_purged":["Writhe","Strike_B"],"score":1694,"play_id":"e61e0c74-ec3f-43f2-a900-4364535b1058","local_time":"20190104025153","is_ascension_mode":true,"campfire_choices":[{"data":"Zap","floor":6,"key":"SMITH"},{"data":"Coolheaded","floor":8,"key":"SMITH"},{"data":"Apotheosis","floor":15,"key":"SMITH"},{"floor":24,"key":"REST"},{"floor":27,"key":"REST"},{"data":"Buffer","floor":30,"key":"SMITH"},{"data":"Biased Cognition","floor":32,"key":"SMITH"},{"data":"Seek","floor":41,"key":"SMITH"},{"floor":49,"key":"RECALL"},{"data":"Hologram","floor":52,"key":"SMITH"}],"neow_cost":"NONE","seed_source_timestamp":1607629648836706,"circlet_count":0,"master_deck":["Defend_B","Defend_B","Defend_B","Zap+1","Dualcast","Auto Shields","Coolheaded+1","Apotheosis+1","Reinforced Body","Stack","Rebound","Ball Lightning","Biased Cognition+1","Cold Snap","Sunder","Tempest","Buffer+1","BootSequence+1","Hologram+1","Seek+1","Defragment","Undo+1","Blind","Impatience","Go for the Eyes+1","Defragment+1","Loop","Force Field","Sweeping Beam","Defragment+1","Capacitor","Reinforced Body+1","Coolheaded","Hello World","Hologram","White Noise"],"relics":["Cracked Core","Dodecahedron","Golden Idol","Mercury Hourglass","DataDisk","Matryoshka","Runic Dome","Bag of Preparation","Pen Nib","Anchor","Strawberry","Tiny Chest","Empty Cage","Orichalcum","Bottled Lightning","Ornamental Fan","OrangePellets","Mummified Hand","Bag of Marbles","Meat on the Bone","Blue Candle"],"potions_floor_usage":[11,16,16,33,55,55,55],"damage_taken":[{"damage":0,"enemies":"Small Slimes","floor":1,"turns":3},{"damage":0,"enemies":"2 Louse","floor":3,"turns":1},{"damage":0,"enemies":"Cultist","floor":7,"turns":3},{"damage":3,"enemies":"Gremlin Nob","floor":11,"turns":3},{"damage":2,"enemies":"Exordium Wildlife","floor":12,"turns":4},{"damage":0,"enemies":"Lagavulin","floor":13,"turns":8},{"damage":6,"enemies":"Exordium Thugs","floor":14,"turns":4},{"damage":0,"enemies":"Slime Boss","floor":16,"turns":5},{"damage":0,"enemies":"3 Byrds","floor":18,"turns":3},{"damage":8,"enemies":"Shell Parasite","floor":20,"turns":3},{"damage":0,"enemies":"3 Cultists","floor":22,"turns":4},{"damage":24,"enemies":"Slavers","floor":23,"turns":4},{"damage":23,"enemies":"Book of Stabbing","floor":25,"turns":4},{"damage":0,"enemies":"Gremlin Leader","floor":28,"turns":4},{"damage":0,"enemies":"Cultist and Chosen","floor":29,"turns":3},{"damage":0,"enemies":"Snecko","floor":31,"turns":4},{"damage":0,"enemies":"Champ","floor":33,"turns":10},{"damage":8,"enemies":"3 Darklings","floor":35,"turns":5},{"damage":0,"enemies":"Orb Walker","floor":36,"turns":4},{"damage":0,"enemies":"Giant Head","floor":40,"turns":12},{"damage":0,"enemies":"4 Shapes","floor":42,"turns":3},{"damage":0,"enemies":"Nemesis","floor":46,"turns":5},{"damage":0,"enemies":"3 Darklings","floor":47,"turns":3},{"damage":0,"enemies":"Reptomancer","floor":48,"turns":3},{"damage":0,"enemies":"Donu and Deca","floor":50,"turns":6},{"damage":0,"enemies":"Shield and Spear","floor":54,"turns":7},{"damage":0,"enemies":"The Heart","floor":55,"turns":12}],"seed_played":"-5770891513108199872","potions_obtained":[{"floor":3,"key":"Energy Potion"},{"floor":7,"key":"Ancient Potion"},{"floor":12,"key":"Swift Potion"},{"floor":13,"key":"SteroidPotion"},{"floor":16,"key":"FairyPotion"},{"floor":28,"key":"FocusPotion"},{"floor":29,"key":"Block Potion"},{"floor":36,"key":"Block Potion"},{"floor":42,"key":"LiquidBronze"},{"floor":48,"key":"SpeedPotion"}],"is_trial":false,"path_per_floor":["M","?","M","?","?","R","M","R","T","$","E","M","E","M","R","B",null,"M","?","M","?","M","E","R","E","T","R","E","M","R","M","R","B",null,"M","M","T","?","?","E","R","M","T","?","$","E","M","E","R","B",null,"R","$","E","B",null],"character_chosen":"DEFECT","items_purchased":["Apotheosis","OrangePellets","Mummified Hand","Loop","Force Field","Sweeping Beam","Coolheaded","Hello World","Hologram","Weak Potion"],"campfire_rested":2,"item_purchase_floors":[10,45,45,45,45,45,53,53,53,53],"current_hp_per_floor":[75,63,63,63,63,63,63,63,63,63,60,58,58,52,52,52,69,69,69,61,61,61,37,57,34,41,63,63,63,63,63,63,63,76,68,68,68,68,58,58,58,58,58,76,76,76,76,76,76,76,76,76,76,76,76],"gold":64,"neow_bonus":"HUNDRED_GOLD","is_prod":false,"is_daily":false,"chose_seed":false,"campfire_upgraded":7,"win_rate":0,"timestamp":1546588313,"path_taken":["M","?","M","?","?","R","M","R","T","$","E","M","E","M","R","BOSS","M","?","?","?","M","E","R","E","T","R","E","M","R","M","R","BOSS","M","M","?","?","?","E","R","M","T","?","$","E","M","E","R","BOSS","R","$","E","BOSS"],"build_version":"2019-01-03v3","purchased_purges":2,"victory":true,"max_hp_per_floor":[75,75,75,69,69,69,69,69,69,69,69,69,69,69,69,69,69,69,69,69,69,69,69,69,69,76,76,76,76,76,76,76,76,76,76,76,76,76,76,76,76,76,76,76,76,76,76,76,76,76,76,76,76,76,76],"card_choices":[{"not_picked":["Coolheaded","Rebound"],"picked":"Auto Shields","floor":1},{"not_picked":["Blizzard","Reprogram"],"picked":"Coolheaded","floor":3},{"not_picked":["Lockon","White Noise"],"picked":"Sweeping Beam","floor":7},{"not_picked":["Turbo","Streamline"],"picked":"Reinforced Body","floor":11},{"not_picked":["Beam Cell","Turbo"],"picked":"Stack","floor":12},{"not_picked":["Auto Shields","Heatsinks"],"picked":"Rebound","floor":13},{"not_picked":["Beam Cell","Gash"],"picked":"Ball Lightning","floor":14},{"not_picked":["Thunder Strike","Meteor Strike"],"picked":"Biased Cognition","floor":16},{"not_picked":["Barrage","Recycle+1"],"picked":"Cold Snap","floor":18},{"not_picked":["Beam Cell+1","Stack"],"picked":"Sunder","floor":20},{"not_picked":["Fusion","Streamline+1"],"picked":"Tempest","floor":22},{"not_picked":["Scrape+1","Amplify","Compile Driver"],"picked":"SKIP","floor":23},{"not_picked":["Auto Shields","Compile Driver+1"],"picked":"Buffer","floor":25},{"not_picked":["Ball Lightning","Redo"],"picked":"BootSequence+1","floor":28},{"not_picked":["Turbo+1","Compile Driver"],"picked":"Hologram","floor":29},{"not_picked":["BootSequence","Double Energy+1","Redo"],"picked":"SKIP","floor":31},{"not_picked":["Creative AI","All For One"],"picked":"Seek","floor":33},{"not_picked":["Leap+1","Go for the Eyes"],"picked":"Defragment","floor":35},{"not_picked":["Rebound+1","Heatsinks"],"picked":"Undo+1","floor":36},{"not_picked":["Flash of Steel","Enlightenment"],"picked":"Blind","floor":39},{"not_picked":["Apotheosis","Violence"],"picked":"Impatience","floor":39},{"not_picked":["Sunder","Conserve Battery"],"picked":"Go for the Eyes+1","floor":40},{"not_picked":["Compile Driver","Barrage"],"picked":"Defragment+1","floor":42},{"not_picked":["Cold Snap","Sunder+1"],"picked":"Defragment+1","floor":46},{"not_picked":["Sweeping Beam+1","Gash"],"picked":"Capacitor","floor":47},{"not_picked":["FTL","All For One"],"picked":"Reinforced Body+1","floor":48},{"not_picked":["Turbo","Reboot"],"picked":"White Noise","floor":54}],"player_experience":3982532,"relics_obtained":[{"floor":9,"key":"Mercury Hourglass"},{"floor":11,"key":"DataDisk"},{"floor":13,"key":"Matryoshka"},{"floor":23,"key":"Bag of Preparation"},{"floor":25,"key":"Pen Nib"},{"floor":26,"key":"Anchor"},{"floor":26,"key":"Strawberry"},{"floor":28,"key":"Tiny Chest"},{"floor":37,"key":"Orichalcum"},{"floor":40,"key":"Bottled Lightning"},{"floor":43,"key":"Ornamental Fan"},{"floor":46,"key":"Bag of Marbles"},{"floor":48,"key":"Meat on the Bone"},{"floor":54,"key":"Blue Candle"}],"event_choices":[{"damage_healed":0,"gold_gain":0,"player_choice":"Success","damage_taken":12,"relics_obtained":["Dodecahedron"],"max_hp_gain":0,"max_hp_loss":0,"event_name":"Scrap Ooze","floor":2,"gold_loss":0},{"damage_healed":0,"gold_gain":0,"player_choice":"Lose Max HP","damage_taken":0,"relics_obtained":["Golden Idol"],"max_hp_gain":0,"max_hp_loss":6,"event_name":"Golden Idol","floor":4,"gold_loss":0},{"cards_removed":["Defend_B"],"damage_healed":0,"gold_gain":0,"player_choice":"Card Removal","damage_taken":0,"max_hp_gain":0,"max_hp_loss":0,"event_name":"The Cleric","floor":5,"gold_loss":50},{"cards_removed":["Strike_B"],"damage_healed":0,"gold_gain":0,"player_choice":"Offered Basic","damage_taken":0,"max_hp_gain":0,"max_hp_loss":0,"event_name":"Bonfire Elementals","floor":19,"gold_loss":0},{"damage_healed":0,"gold_gain":250,"player_choice":"Bet on Owner","damage_taken":0,"max_hp_gain":0,"max_hp_loss":0,"event_name":"The Joust","floor":21,"gold_loss":50},{"cards_removed":["Sweeping Beam"],"damage_healed":0,"gold_gain":0,"player_choice":"Removed Attack","damage_taken":0,"max_hp_gain":0,"max_hp_loss":0,"event_name":"Falling","floor":38,"gold_loss":0},{"damage_healed":0,"gold_gain":0,"player_choice":"Memory 3","damage_taken":10,"max_hp_gain":0,"max_hp_loss":0,"event_name":"SensoryStone","floor":39,"gold_loss":0},{"damage_healed":19,"gold_gain":0,"player_choice":"Writhe","damage_taken":0,"max_hp_gain":0,"max_hp_loss":0,"event_name":"Winding Halls","floor":44,"gold_loss":0,"cards_obtained":["Writhe"]}],"is_beta":true,"boss_relics":[{"not_picked":["Lizard Tail","Orrery"],"picked":"Runic Dome"},{"not_picked":["Calling Bell","Philosopher\u0027s Stone"],"picked":"Empty Cage"}],"items_purged_floors":[45,53],"is_endless":false,"potions_floor_spawned":[3,7,12,13,16,28,29,36,40,42,47,48],"ascension_level":1}