{"gold_per_floor":[110,120,139,139,156,156,189,189,241,241,253,253,253,282,282,359,359,377,390,390,390,400,400,427,407,407,407,424,524,540,540,540,611,611,628,628,641,529,529,529,542,559,582,152,172,182,197,242,242,242,242],"floor_reached":52,"playtime":2483,"items_purged":["Defend_B","Strike_B"],"score":1768,"play_id":"9bf2b3f1-8fce-4a4c-b153-d503f55e516e","local_time":"20190202023543","is_ascension_mode":true,"campfire_choices":[{"data":"Conserve Battery","floor":6.0,"key":"SMITH"},{"data":"Zap","floor":10.0,"key":"SMITH"},{"data":"Ball Lightning","floor":12.0,"key":"SMITH"},{"data":"Ball Lightning","floor":15.0,"key":"SMITH"},{"data":"Fission","floor":23.0,"key":"SMITH"},{"data":"Electrodynamics","floor":27.0,"key":"SMITH"},{"data":"Hologram","floor":32.0,"key":"SMITH"},{"data":"Meteor Strike","floor":40,"key":"SMITH"},{"floor":49,"key":"REST"}],"neow_cost":"NONE","seed_source_timestamp":0,"circlet_count":0,"master_deck":["AscendersBane","Strike_B","Strike_B","Strike_B","Defend_B","Defend_B","Zap+1","Dualcast","Self Repair","Ball Lightning+1","Conserve Battery+1","Ball Lightning+1","Reinforced Body","Electrodynamics+1","Fission+1","Reinforced Body","Streamline+1","Melter","Stack","Hologram+1","Meteor Strike+1","Beam Cell+1","FTL","Flash of Steel","Melter+1","Barrage","Conserve Battery+1","Ball Lightning+1","Conserve Battery+1"],"special_seed":0,"relics":["Cracked Core","Pantograph","Pen Nib","Centennial Puzzle","Thread and Needle","Happy Flower","Inserter","Regal Pillow","Shuriken","Ice Cream","Sundial","MutagenicStrength","Nuclear Battery","Bronze Scales","DataDisk","Ancient Tea Set","Mango"],"potions_floor_usage":[51,51,51],"damage_taken":[{"damage":1.0,"enemies":"Cultist","floor":1.0,"turns":3.0},{"damage":12.0,"enemies":"Small Slimes","floor":2.0,"turns":4.0},{"damage":2.0,"enemies":"Jaw Worm","floor":3.0,"turns":3.0},{"damage":7.0,"enemies":"Red Slaver","floor":5.0,"turns":3.0},{"damage":25.0,"enemies":"3 Sentries","floor":7.0,"turns":6.0},{"damage":6.0,"enemies":"Looter","floor":11.0,"turns":3.0},{"damage":3.0,"enemies":"Lagavulin","floor":14.0,"turns":7.0},{"damage":29.0,"enemies":"The Guardian","floor":16.0,"turns":10.0},{"damage":18.0,"enemies":"2 Thieves","floor":18.0,"turns":2.0},{"damage":0.0,"enemies":"Spheric Guardian","floor":19.0,"turns":4.0},{"damage":2.0,"enemies":"3 Cultists","floor":22.0,"turns":4.0},{"damage":32.0,"enemies":"Slavers","floor":24.0,"turns":4.0},{"damage":20.0,"enemies":"Snake Plant","floor":28.0,"turns":3.0},{"damage":6.0,"enemies":"Colosseum Slavers","floor":29.0,"turns":3.0},{"damage":3.0,"enemies":"Colosseum Nobs","floor":29.0,"turns":3.0},{"damage":0.0,"enemies":"Sentry and Sphere","floor":30.0,"turns":3.0},{"damage":35.0,"enemies":"Champ","floor":33.0,"turns":13.0},{"damage":2.0,"enemies":"Orb Walker","floor":35.0,"turns":4.0},{"damage":9,"enemies":"3 Darklings","floor":37,"turns":2},{"damage":8,"enemies":"Writhing Mass","floor":41,"turns":5},{"damage":35,"enemies":"Maw","floor":42,"turns":7},{"damage":0,"enemies":"Sphere and 2 Shapes","floor":45,"turns":6},{"damage":24,"enemies":"Jaw Worm Horde","floor":46,"turns":4},{"damage":0,"enemies":"Spire Growth","floor":47,"turns":3},{"damage":12,"enemies":"2 Orb Walkers","floor":48,"turns":2},{"damage":65,"enemies":"Time Eater","floor":50,"turns":9},{"damage":35,"enemies":"Donu and Deca","floor":51,"turns":7}],"seed_played":"-987143913873576228","potions_obtained":[{"floor":2.0,"key":"Explosive Potion"},{"floor":7.0,"key":"EssenceOfSteel"},{"floor":14.0,"key":"Dexterity Potion"},{"floor":16.0,"key":"Explosive Potion"},{"floor":18.0,"key":"PowerPotion"},{"floor":24.0,"key":"Energy Potion"},{"floor":29.0,"key":"LiquidBronze"},{"floor":35.0,"key":"LiquidBronze"},{"floor":45,"key":"Fire Potion"},{"floor":48,"key":"EntropicBrew"}],"is_trial":false,"path_per_floor":["M","M","M","?","M","R","E","?","T","R","M","R","?","E","R","B",null,"M","M","?","?","M","R","E","?","T","R","M","?","M","?","R","B",null,"M","?","M","$","?","R","M","M","T","$","M","M","M","?","R","B","B",null],"character_chosen":"DEFECT","items_purchased":["FTL","DataDisk","Ancient Tea Set"],"campfire_rested":1,"item_purchase_floors":[38,44,44],"current_hp_per_floor":[70,65,63,56,56,56,38,38,38,38,39,39,21,25,25,28,66,55,62,78,78,76,76,51,51,51,51,38,29,36,36,36,33,67,65,88,86,86,86,86,85,50,50,50,57,40,40,42,87,44,41],"gold":242,"neow_bonus":"TEN_PERCENT_HP_BONUS","is_prod":false,"is_daily":false,"chose_seed":false,"campfire_upgraded":8,"win_rate":0,"timestamp":1549042543,"path_taken":["M","M","?","?","M","R","E","?","T","R","?","R","?","E","R","BOSS","M","M","?","?","M","R","E","?","T","R","?","?","M","?","R","BOSS","M","?","?","?","?","R","M","M","T","$","M","M","M","?","R","BOSS","BOSS"],"build_version":"2019-01-23","purchased_purges":2,"victory":true,"max_hp_per_floor":[78,78,78,78,78,78,78,78,78,78,78,78,78,78,78,78,78,78,78,78,78,78,78,78,78,78,78,78,78,78,78,78,78,78,78,88,88,88,88,88,88,88,88,88,88,88,88,102,102,102,102],"card_choices":[{"not_picked":["Leap","Rebound"],"picked":"Self Repair","floor":1.0},{"not_picked":["Storm","Static Discharge"],"picked":"Ball Lightning","floor":2.0},{"not_picked":["Undo","Doom and Gloom"],"picked":"Conserve Battery","floor":3.0},{"not_picked":["Heatsinks","Turbo","Scrape"],"picked":"SKIP","floor":5.0},{"not_picked":["Sunder","Turbo"],"picked":"Ball Lightning","floor":7.0},{"not_picked":["Rebound","Sweeping Beam"],"picked":"Reinforced Body","floor":11.0},{"not_picked":["Auto Shields","Cold Snap"],"picked":"Electrodynamics","floor":14.0},{"not_picked":["Hyperbeam","Amplify"],"picked":"Fission","floor":16.0},{"not_picked":["Compile Driver","Static Discharge"],"picked":"Reinforced Body","floor":18.0},{"not_picked":["Double Energy","Rebound"],"picked":"Streamline+1","floor":19.0},{"not_picked":["Streamline","Turbo"],"picked":"Melter","floor":22.0},{"not_picked":["Self Repair","Rebound"],"picked":"Meteor Strike","floor":24.0},{"not_picked":["Capacitor","Recycle"],"picked":"Stack","floor":28.0},{"not_picked":["Melter","Streamline"],"picked":"Hologram","floor":29.0},{"not_picked":["Recycle","Streamline","Hologram"],"picked":"SKIP","floor":30.0},{"not_picked":["All For One","Amplify"],"picked":"Meteor Strike","floor":33.0},{"not_picked":["Conserve Battery","Redo"],"picked":"Beam Cell+1","floor":35.0},{"not_picked":["Stack","Barrage","Leap+1"],"picked":"SKIP","floor":37},{"not_picked":["Secret Weapon","Trip"],"picked":"Flash of Steel","floor":39},{"not_picked":["Coolheaded","Rip and Tear"],"picked":"Melter+1","floor":41},{"not_picked":["Blizzard","Hologram"],"picked":"Barrage","floor":42},{"not_picked":["Turbo","Aggregate"],"picked":"Conserve Battery+1","floor":45},{"not_picked":["Coolheaded+1","Go for the Eyes"],"picked":"Ball Lightning+1","floor":46},{"not_picked":["Darkness","Sweeping Beam","Streamline"],"picked":"SKIP","floor":47},{"not_picked":["Capacitor","Blizzard"],"picked":"Conserve Battery+1","floor":48}],"player_experience":1097686,"relics_obtained":[{"floor":7.0,"key":"Pantograph"},{"floor":9.0,"key":"Centennial Puzzle"},{"floor":14.0,"key":"Happy Flower"},{"floor":24.0,"key":"Regal Pillow"},{"floor":26.0,"key":"Shuriken"},{"floor":29.0,"key":"Ice Cream"},{"floor":29.0,"key":"Sundial"},{"floor":43,"key":"Bronze Scales"},{"floor":48,"key":"Mango"}],"event_choices":[{"cards_removed":["Defend_B"],"damage_healed":0.0,"max_hp_gain":0.0,"max_hp_loss":0.0,"gold_gain":0.0,"event_name":"Golden Wing","player_choice":"Card Removal","floor":4.0,"gold_loss":0.0,"damage_taken":7.0},{"damage_healed":0.0,"max_hp_gain":0.0,"max_hp_loss":0.0,"gold_gain":0.0,"event_name":"WeMeetAgain","player_choice":"Gave Potion","floor":8.0,"gold_loss":0.0,"damage_taken":0.0,"relics_obtained":["Pen Nib"]},{"damage_healed":0.0,"max_hp_gain":0.0,"max_hp_loss":0.0,"gold_gain":0.0,"event_name":"Scrap Ooze","player_choice":"Success","floor":13.0,"gold_loss":0.0,"damage_taken":18.0,"relics_obtained":["Thread and Needle"]},{"damage_healed":16.0,"max_hp_gain":0.0,"max_hp_loss":0.0,"gold_gain":0.0,"event_name":"The Library","player_choice":"Heal","floor":20.0,"gold_loss":0.0,"damage_taken":0.0},{"damage_healed":0.0,"max_hp_gain":0.0,"max_hp_loss":0.0,"gold_gain":0.0,"event_name":"Ghosts","player_choice":"Ignored","floor":21.0,"gold_loss":0.0,"damage_taken":0.0},{"damage_healed":0.0,"max_hp_gain":0.0,"max_hp_loss":0.0,"gold_gain":0.0,"event_name":"The Woman in Blue","player_choice":"Bought 1 Potion","floor":25.0,"gold_loss":0.0,"damage_taken":0.0},{"damage_healed":0.0,"max_hp_gain":0.0,"max_hp_loss":0.0,"gold_gain":0.0,"event_name":"Colosseum","player_choice":"Fight","floor":29.0,"gold_loss":0.0,"damage_taken":0.0},{"damage_healed":0.0,"max_hp_gain":0.0,"max_hp_loss":0.0,"gold_gain":0.0,"event_name":"Colosseum","player_choice":"Fought Nobs","floor":29.0,"gold_loss":0.0,"damage_taken":0.0},{"damage_healed":0.0,"max_hp_gain":0.0,"max_hp_loss":0.0,"gold_gain":0.0,"event_name":"Drug Dealer","player_choice":"Inject Mutagens","floor":31.0,"gold_loss":0.0,"damage_taken":0.0,"relics_obtained":["MutagenicStrength"]},{"cards_removed":["Meteor Strike"],"damage_healed":13.0,"max_hp_gain":10.0,"max_hp_loss":0.0,"gold_gain":0.0,"event_name":"Bonfire Elementals","player_choice":"Offered Rare","floor":36.0,"gold_loss":0.0,"damage_taken":0.0},{"damage_healed":0,"gold_gain":0,"player_choice":"Memory 1","damage_taken":0,"max_hp_gain":0,"max_hp_loss":0,"event_name":"SensoryStone","floor":39,"gold_loss":0},{"damage_healed":0,"gold_gain":0,"player_choice":"Fight","damage_taken":0,"max_hp_gain":0,"max_hp_loss":0,"event_name":"Mysterious Sphere","floor":48,"gold_loss":0}],"is_beta":false,"boss_relics":[{"not_picked":["Tiny House","Eternal Feather"],"picked":"Inserter"},{"not_picked":["Black Star","Lizard Tail"],"picked":"Nuclear Battery"}],"items_purged_floors":[38,44],"is_endless":false,"potions_floor_spawned":[2,7,14,16,18,24,28,29,29,35,45,46,48],"ascension_level":20}