{"gold_per_floor":[12,31,42,60,111,111,128,146,169,169,181,181,196,210,210,308,308,322,272,283,283],"floor_reached":21,"playtime":2016,"items_purged":[],"score":177,"play_id":"ecede8d0-1604-4494-be33-703555a38767","local_time":"20190216174546","is_ascension_mode":false,"campfire_choices":[{"data":"Crippling Poison","floor":6,"key":"SMITH"},{"floor":12,"key":"REST"},{"floor":15,"key":"REST"}],"neow_cost":"NO_GOLD","seed_source_timestamp":488715087116572,"circlet_count":0,"master_deck":["Defend_G","Defend_G","Defend_G","Strike_G","Strike_G","Strike_G","Strike_G","Survivor","Neutralize","Caltrops","Choke","Sucker Punch","Backflip","Crippling Poison+1","All Out Attack","Riddle With Holes","Blade Dance","Choke","Bouncing Flask","Heel Hook","Venomology","A Thousand Cuts","Noxious Fumes","Blade Dance","Backflip","Deadly Poison","Tools of the Trade","Blade Dance","Sucker Punch"],"relics":["Ring of the Snake","Lantern","Orrery"],"potions_floor_usage":[4,8,11,14,16,20,21],"damage_taken":[{"damage":8,"enemies":"Small Slimes","floor":1,"turns":3},{"damage":0,"enemies":"2 Louse","floor":2,"turns":2},{"damage":8,"enemies":"Jaw Worm","floor":3,"turns":2},{"damage":21,"enemies":"Gremlin Gang","floor":4,"turns":4},{"damage":5,"enemies":"Large Slime","floor":7,"turns":6},{"damage":0,"enemies":"Exordium Wildlife","floor":8,"turns":2},{"damage":3,"enemies":"Lots of Slimes","floor":11,"turns":3},{"damage":0,"enemies":"3 Louse","floor":13,"turns":1},{"damage":2,"enemies":"Exordium Thugs","floor":14,"turns":3},{"damage":58,"enemies":"Slime Boss","floor":16,"turns":10},{"damage":45,"enemies":"2 Thieves","floor":18,"turns":4},{"damage":13,"enemies":"Shell Parasite","floor":20,"turns":5},{"damage":13,"enemies":"Colosseum Slavers","floor":21,"turns":1}],"seed_played":"3120824812739234192","potions_obtained":[{"floor":2,"key":"Explosive Potion"},{"floor":4,"key":"Block Potion"},{"floor":7,"key":"SteroidPotion"},{"floor":11,"key":"Energy Potion"},{"floor":20,"key":"SmokeBomb"}],"is_trial":false,"path_per_floor":["M","M","M","M","?","R","M","M","T","?","M","R","M","M","R","B",null,"M","?","M","?"],"character_chosen":"THE_SILENT","items_purchased":[],"campfire_rested":2,"item_purchase_floors":[],"current_hp_per_floor":[62,62,54,33,33,33,28,28,28,28,25,46,46,44,65,7,70,25,25,12,0],"gold":283,"neow_bonus":"TRANSFORM_TWO_CARDS","is_prod":false,"is_daily":false,"chose_seed":false,"campfire_upgraded":1,"win_rate":0.0,"timestamp":1550357146,"path_taken":["M","M","M","M","?","R","M","M","T","?","M","R","M","M","R","BOSS","M","?","?","?"],"build_version":"2019-01-23","purchased_purges":0,"victory":false,"max_hp_per_floor":[70,70,70,70,70,70,70,70,70,70,70,70,70,70,70,70,70,70,70,70,70],"card_choices":[{"not_picked":["Underhanded Strike","Riddle With Holes"],"picked":"Sucker Punch","floor":1},{"not_picked":["Slice","Tactician"],"picked":"Backflip","floor":2},{"not_picked":["Blur","Skewer"],"picked":"Crippling Poison","floor":3},{"not_picked":["Poisoned Stab","Dagger Throw"],"picked":"All Out Attack","floor":4},{"not_picked":["Caltrops","Reflex"],"picked":"Riddle With Holes","floor":7},{"not_picked":["Backflip","Quick Slash"],"picked":"Blade Dance","floor":8},{"not_picked":["Sucker Punch","Slice"],"picked":"Bouncing Flask","floor":11},{"not_picked":["PiercingWail","Dagger Spray"],"picked":"Heel Hook","floor":13},{"not_picked":["PiercingWail","Slice"],"picked":"Venomology","floor":14},{"not_picked":["Phantasmal Killer","Glass Knife"],"picked":"A Thousand Cuts","floor":16},{"not_picked":["Footwork","Heel Hook"],"picked":"Noxious Fumes","floor":17},{"not_picked":["Flechettes","Dagger Throw"],"picked":"Blade Dance","floor":17},{"not_picked":["Underhanded Strike","Deflect"],"picked":"Backflip","floor":17},{"not_picked":["Flying Knee","Dagger Throw"],"picked":"Deadly Poison","floor":17},{"not_picked":["Flying Knee","Deflect"],"picked":"Tools of the Trade","floor":17},{"not_picked":["Backflip","Dash"],"picked":"Blade Dance","floor":18},{"not_picked":["Skewer","Riddle With Holes+1"],"picked":"Sucker Punch","floor":20}],"player_experience":38907,"relics_obtained":[{"floor":9,"key":"Lantern"}],"event_choices":[{"damage_healed":0,"gold_gain":51,"player_choice":"Gained Gold","damage_taken":0,"max_hp_gain":0,"max_hp_loss":0,"event_name":"Golden Wing","floor":5,"gold_loss":0},{"damage_healed":0,"gold_gain":0,"cards_transformed":["Strike_G"],"player_choice":"Change","damage_taken":0,"max_hp_gain":0,"max_hp_loss":0,"event_name":"Living Wall","floor":10,"gold_loss":0,"cards_obtained":["Choke"]},{"damage_healed":0,"gold_gain":0,"player_choice":"Bet on Murderer","damage_taken":0,"max_hp_gain":0,"max_hp_loss":0,"event_name":"The Joust","floor":19,"gold_loss":50},{"damage_healed":0,"gold_gain":0,"player_choice":"Fight","damage_taken":0,"max_hp_gain":0,"max_hp_loss":0,"event_name":"Colosseum","floor":21,"gold_loss":0}],"is_beta":false,"boss_relics":[{"not_picked":["Snecko Eye","Calling Bell"],"picked":"Orrery"}],"items_purged_floors":[],"is_endless":false,"potions_floor_spawned":[2,4,7,11,20],"killed_by":"Colosseum Slavers","ascension_level":0}