{"gold_per_floor":[112,112,24,34,109,109,136,151,151,151,167,198,13,31,31,108,108,123,133,148,18,53,53,53],"floor_reached":24,"playtime":1460,"items_purged":["Strike_R"],"score":462,"play_id":"dca94da3-36a8-48e1-971a-fe41dbf13992","local_time":"20190125163201","is_ascension_mode":true,"campfire_choices":[{"data":"Bash","floor":6,"key":"SMITH"},{"data":"Armaments","floor":15,"key":"SMITH"},{"floor":23,"key":"REST"}],"neow_cost":"NONE","seed_source_timestamp":1321391982076589,"circlet_count":0,"master_deck":["AscendersBane","Strike_R","Defend_R","Defend_R","Defend_R","Defend_R","Bash+1","Twin Strike","Carnage","Cleave","Offering","Clothesline","Rampage","Disarm","Shrug It Off","Evolve","Battle Trance","Armaments+1","Offering","Uppercut+1","Hemokinesis+1","Perfected Strike+1","Disarm","True Grit","Intimidate+1","True Grit+1"],"relics":["Burning Blood","NeowsBlessing","StoneCalendar","Thread and Needle","Happy Flower","Pantograph","Astrolabe","Red Mask"],"potions_floor_usage":[16,20,22,22],"damage_taken":[{"damage":0,"enemies":"Jaw Worm","floor":1,"turns":1},{"damage":0,"enemies":"Small Slimes","floor":4,"turns":1},{"damage":0,"enemies":"Gremlin Nob","floor":7,"turns":1},{"damage":6,"enemies":"2 Louse","floor":8,"turns":2},{"damage":2,"enemies":"Looter","floor":11,"turns":3},{"damage":19,"enemies":"Lagavulin","floor":12,"turns":7},{"damage":1,"enemies":"Blue Slaver","floor":14,"turns":3},{"damage":24,"enemies":"Hexaghost","floor":16,"turns":6},{"damage":32,"enemies":"2 Thieves","floor":18,"turns":4},{"damage":11,"enemies":"3 Byrds","floor":19,"turns":7},{"damage":7,"enemies":"Snecko","floor":20,"turns":7},{"damage":20,"enemies":"Masked Bandits","floor":22,"turns":5},{"damage":37,"enemies":"Colosseum Slavers","floor":24,"turns":5},{"damage":42,"enemies":"Colosseum Nobs","floor":24,"turns":3}],"seed_played":"6146862807435893912","potions_obtained":[{"floor":7,"key":"Fire Potion"},{"floor":8,"key":"PowerPotion"},{"floor":16,"key":"SkillPotion"}],"is_trial":false,"path_per_floor":["M","?","$","M","?","R","E","M","T","?","M","E","$","M","R","B",null,"M","M","M","$","?","R","?"],"character_chosen":"IRONCLAD","items_purchased":["Carnage","Shrug It Off","Evolve","Battle Trance","Fire Potion"],"campfire_rested":1,"item_purchase_floors":[3,13,13,13,21],"current_hp_per_floor":[74,74,74,75,64,64,70,70,70,59,63,50,50,55,55,57,71,45,40,39,39,25,47,0],"gold":53,"neow_bonus":"THREE_ENEMY_KILL","is_prod":false,"is_daily":false,"chose_seed":false,"campfire_upgraded":2,"win_rate":0,"timestamp":1548451921,"path_taken":["M","?","$","M","?","R","E","M","T","?","M","E","$","M","R","BOSS","M","M","M","$","?","R","?"],"build_version":"2019-01-23","purchased_purges":1,"victory":false,"max_hp_per_floor":[75,75,75,75,75,75,75,75,75,75,75,75,75,75,75,75,75,75,75,75,75,75,75,75],"card_choices":[{"not_picked":["Wild Strike","Flex"],"picked":"Twin Strike","floor":1},{"not_picked":["Twin Strike","Heavy Blade"],"picked":"Cleave","floor":4},{"not_picked":["Flame Barrier","Clothesline"],"picked":"Offering","floor":7},{"not_picked":["Body Slam","Cleave"],"picked":"Clothesline","floor":8},{"not_picked":["Seeing Red","Wild Strike"],"picked":"Rampage","floor":11},{"not_picked":["Fire Breathing","Sentinel"],"picked":"Disarm","floor":12},{"not_picked":["Havoc","Reckless Charge"],"picked":"Armaments","floor":14},{"not_picked":["Impervious","Limit Break"],"picked":"Offering","floor":16},{"not_picked":["Burning Pact","Clash"],"picked":"Disarm","floor":18},{"not_picked":["Thunderclap","Heavy Blade"],"picked":"True Grit","floor":19},{"not_picked":["Clash","Metallicize"],"picked":"Intimidate+1","floor":20},{"not_picked":["Clothesline","Hemokinesis"],"picked":"True Grit+1","floor":22}],"player_experience":816610,"relics_obtained":[{"floor":7,"key":"StoneCalendar"},{"floor":9,"key":"Thread and Needle"},{"floor":12,"key":"Pantograph"},{"floor":22,"key":"Red Mask"}],"event_choices":[{"damage_healed":0,"gold_gain":0,"player_choice":"Ignored","damage_taken":0,"max_hp_gain":0,"max_hp_loss":0,"event_name":"Golden Wing","floor":2,"gold_loss":0},{"damage_healed":0,"gold_gain":75,"player_choice":"Gather Gold","damage_taken":11,"max_hp_gain":0,"max_hp_loss":0,"event_name":"World of Goop","floor":5,"gold_loss":0},{"damage_healed":0,"gold_gain":0,"player_choice":"Success","damage_taken":11,"relics_obtained":["Happy Flower"],"max_hp_gain":0,"max_hp_loss":0,"event_name":"Scrap Ooze","floor":10,"gold_loss":0},{"damage_healed":0,"gold_gain":0,"player_choice":"Fought Bandits","damage_taken":0,"max_hp_gain":0,"max_hp_loss":0,"event_name":"Masked Bandits","floor":22,"gold_loss":0},{"damage_healed":0,"gold_gain":0,"player_choice":"Fight","damage_taken":0,"max_hp_gain":0,"max_hp_loss":0,"event_name":"Colosseum","floor":24,"gold_loss":0},{"damage_healed":0,"gold_gain":0,"player_choice":"Fought Nobs","damage_taken":0,"max_hp_gain":0,"max_hp_loss":0,"event_name":"Colosseum","floor":24,"gold_loss":0}],"is_beta":false,"boss_relics":[{"not_picked":["Runic Dome","Runic Pyramid"],"picked":"Astrolabe"}],"items_purged_floors":[21],"is_endless":false,"potions_floor_spawned":[7,8,14,16,19,24],"killed_by":"Colosseum Nobs","ascension_level":20}