{"gold_per_floor":[113,133,133,156,13,49,49,90,117,117,131,146,187,199],"floor_reached":14,"playtime":1088,"items_purged":[],"score":142,"play_id":"fc2b6f73-4123-4661-8839-bd867d4ab5ef","local_time":"20190219212242","is_ascension_mode":true,"campfire_choices":[{"data":"Defragment","floor":7,"key":"SMITH"}],"neow_cost":"NONE","seed_source_timestamp":83342051908657,"circlet_count":0,"master_deck":["Strike_B","Strike_B","Strike_B","Defend_B","Defend_B","Defend_B","Defend_B","Zap+1","Dualcast","Cold Snap","Coolheaded+1","Defragment+1","Cold Snap","Thunder Strike"],"relics":["Cracked Core","Golden Idol","War Paint","Pen Nib","Smiling Mask","Omamori","MawBank"],"potions_floor_usage":[6,13,13],"damage_taken":[{"damage":1,"enemies":"Cultist","floor":1,"turns":3},{"damage":0,"enemies":"2 Louse","floor":2,"turns":2},{"damage":1,"enemies":"Jaw Worm","floor":4,"turns":4},{"damage":1,"enemies":"3 Sentries","floor":6,"turns":7},{"damage":17,"enemies":"Gremlin Nob","floor":8,"turns":4},{"damage":16,"enemies":"Exordium Thugs","floor":11,"turns":4},{"damage":6,"enemies":"3 Louse","floor":12,"turns":3},{"damage":0,"enemies":"Lagavulin","floor":13,"turns":6},{"damage":14,"enemies":"Large Slime","floor":14,"turns":1}],"seed_played":"7871868897389094745","potions_obtained":[{"floor":2,"key":"SkillPotion"},{"floor":6,"key":"SteroidPotion"},{"floor":12,"key":"FocusPotion"}],"is_trial":false,"path_per_floor":["M","M","?","M","$","E","R","E","T","?","M","M","E","M"],"character_chosen":"DEFECT","items_purchased":["War Paint"],"campfire_rested":0,"item_purchase_floors":[5],"current_hp_per_floor":[81,81,61,60,60,59,59,42,42,35,19,13,13,0],"gold":199,"neow_bonus":"TEN_PERCENT_HP_BONUS","is_prod":false,"is_daily":false,"chose_seed":false,"campfire_upgraded":1,"win_rate":0,"timestamp":1550640162,"path_taken":["M","M","?","M","$","E","R","E","T","?","M","M","E","M"],"build_version":"2019-01-23","purchased_purges":0,"victory":false,"max_hp_per_floor":[82,82,82,82,82,82,82,82,82,82,82,82,82,82],"card_choices":[{"not_picked":["Gash","Stack"],"picked":"Cold Snap","floor":1},{"not_picked":["Redo","Static Discharge"],"picked":"Coolheaded","floor":2},{"not_picked":["Auto Shields","Hologram"],"picked":"Defragment","floor":4},{"not_picked":["Beam Cell","Barrage","Hologram"],"picked":"SKIP","floor":6},{"not_picked":["Hologram","Gash","Steam"],"picked":"SKIP","floor":8},{"not_picked":["Melter","Hologram","Barrage"],"picked":"SKIP","floor":11},{"not_picked":["Ball Lightning","Auto Shields"],"picked":"Cold Snap","floor":12},{"not_picked":["Streamline","Hologram"],"picked":"Thunder Strike","floor":13}],"player_experience":226858,"relics_obtained":[{"floor":6,"key":"Pen Nib"},{"floor":8,"key":"Smiling Mask"},{"floor":9,"key":"Omamori"},{"floor":13,"key":"MawBank"}],"event_choices":[{"damage_healed":0,"gold_gain":0,"player_choice":"Take Damage","damage_taken":20,"relics_obtained":["Golden Idol"],"max_hp_gain":0,"max_hp_loss":0,"event_name":"Golden Idol","floor":3,"gold_loss":0},{"cards_removed":["Strike_B"],"damage_healed":0,"gold_gain":0,"player_choice":"Card Removal","damage_taken":7,"max_hp_gain":0,"max_hp_loss":0,"event_name":"Golden Wing","floor":10,"gold_loss":0}],"is_beta":false,"boss_relics":[],"items_purged_floors":[],"is_endless":false,"potions_floor_spawned":[2,6,12],"killed_by":"Large Slime","ascension_level":1}