{"gold_per_floor":[119,135,135,21,21,21,52,8,62,9,9,0,0,34,34,108,108,124,143,155,155,155],"floor_reached":22,"playtime":922,"items_purged":[],"score":380,"play_id":"3c6d50a3-38b9-4f4e-b527-5a0353dde5b6","local_time":"20190221112227","is_ascension_mode":true,"campfire_choices":[{"data":"Neutralize","floor":6.0,"key":"SMITH"},{"floor":11.0,"key":"REST"},{"data":"Glass Knife","floor":13.0,"key":"SMITH"},{"data":"Noxious Fumes","floor":15.0,"key":"SMITH"}],"neow_cost":"NONE","seed_source_timestamp":93996541931953,"circlet_count":0,"master_deck":["AscendersBane","Defend_G","Defend_G","Defend_G","Defend_G","Defend_G","Strike_G","Strike_G","Strike_G","Survivor","Neutralize+1","Acrobatics","Flying Knee","Deadly Poison","Glass Knife+1","Noxious Fumes+1","Poisoned Stab","Storm of Steel","Blade Dance+1","Cloak And Dagger","Backflip+1","Venomology","Catalyst"],"special_seed":0,"relics":["Ring of the Snake","Happy Flower","PreservedInsect","Oddly Smooth Stone","Ornamental Fan","WristBlade"],"potions_floor_usage":[20,20,22],"damage_taken":[{"damage":4.0,"enemies":"Jaw Worm","floor":1.0,"turns":8.0},{"damage":8.0,"enemies":"2 Louse","floor":2.0,"turns":3.0},{"damage":24.0,"enemies":"3 Sentries","floor":7.0,"turns":11.0},{"damage":8.0,"enemies":"Lagavulin","floor":14.0,"turns":4.0},{"damage":24.0,"enemies":"Slime Boss","floor":16.0,"turns":8.0},{"damage":31.0,"enemies":"3 Byrds","floor":18.0,"turns":5.0},{"damage":18.0,"enemies":"Spheric Guardian","floor":19.0,"turns":5.0},{"damage":0,"enemies":"Snake Plant","floor":20,"turns":3},{"damage":4,"enemies":"3 Cultists","floor":22,"turns":2}],"seed_played":"-1153172666860075987","potions_obtained":[{"floor":7.0,"key":"FearPotion"},{"floor":16.0,"key":"FearPotion"},{"floor":18.0,"key":"GhostInAJar"}],"is_trial":false,"path_per_floor":["M","M","?","$","?","R","E","$","T","$","R","?","R","E","R","B",null,"M","M","M","?","M"],"character_chosen":"THE_SILENT","items_purchased":["Deadly Poison","Fire Potion","Noxious Fumes","Swift Potion"],"campfire_rested":1,"item_purchase_floors":[4,4,8,10],"current_hp_per_floor":[55,47,47,47,47,47,23,23,23,23,42,42,42,34,34,10,52,21,3,3,3,0],"gold":155,"neow_bonus":"RANDOM_COMMON_RELIC","is_prod":false,"is_daily":false,"chose_seed":false,"campfire_upgraded":3,"win_rate":0,"timestamp":1550766147,"path_taken":["M","M","?","$","?","R","E","$","T","$","R","?","R","E","R","BOSS","M","M","M","?","M"],"build_version":"2019-01-23","purchased_purges":0,"victory":false,"max_hp_per_floor":[66,66,66,66,66,66,66,66,66,66,66,66,66,66,66,66,66,66,66,66,66,66],"card_choices":[{"not_picked":["Underhanded Strike","Reflex"],"picked":"Acrobatics","floor":1.0},{"not_picked":["Deflect","Backflip"],"picked":"Flying Knee","floor":2.0},{"not_picked":["Blade Dance","PiercingWail"],"picked":"Glass Knife","floor":7.0},{"not_picked":["Acrobatics","Expertise"],"picked":"Poisoned Stab","floor":14.0},{"not_picked":["Unload","Phantasmal Killer"],"picked":"Storm of Steel","floor":16.0},{"not_picked":["Skewer","Caltrops"],"picked":"Blade Dance+1","floor":18.0},{"not_picked":["Prepared","Backflip"],"picked":"Cloak And Dagger","floor":19.0},{"not_picked":["Terror","Heel Hook"],"picked":"Backflip+1","floor":20}],"player_experience":974194,"relics_obtained":[{"floor":7.0,"key":"PreservedInsect"},{"floor":9.0,"key":"Oddly Smooth Stone"},{"floor":14.0,"key":"Ornamental Fan"}],"event_choices":[{"damage_healed":0.0,"max_hp_gain":0.0,"max_hp_loss":0.0,"gold_gain":0.0,"event_name":"Golden Wing","player_choice":"Ignored","floor":3.0,"gold_loss":0.0,"damage_taken":0.0},{"damage_healed":0.0,"max_hp_gain":0.0,"max_hp_loss":0.0,"gold_gain":0.0,"event_name":"Liars Game","player_choice":"Ignored","floor":5.0,"gold_loss":0.0,"damage_taken":0.0},{"damage_healed":0.0,"max_hp_gain":0.0,"max_hp_loss":0.0,"gold_gain":0.0,"event_name":"World of Goop","player_choice":"Left Gold","floor":12.0,"gold_loss":9.0,"damage_taken":0.0},{"damage_healed":0,"gold_gain":0,"cards_transformed":["Strike_G","Strike_G"],"player_choice":"Became Test Subject","damage_taken":0,"max_hp_gain":0,"max_hp_loss":0,"event_name":"Drug Dealer","floor":21,"gold_loss":0,"cards_obtained":["Venomology","Catalyst"]}],"is_beta":false,"boss_relics":[{"not_picked":["White Beast Statue","Snecko Eye"],"picked":"WristBlade"}],"items_purged_floors":[],"is_endless":false,"potions_floor_spawned":[7,16,18],"killed_by":"3 Cultists","ascension_level":20}