{"gold_per_floor":[369,119,194,194,27,56,56,111,111,111,136,136,167,185,185,185],"floor_reached":16,"playtime":378,"items_purged":["Injury"],"score":228,"play_id":"c86d6f98-5105-44a4-97e7-9328b4b0e62c","local_time":"20190222214724","is_ascension_mode":true,"campfire_choices":[{"floor":7,"key":"REST"},{"floor":12,"key":"REST"},{"floor":15,"key":"REST"}],"neow_cost":"CURSE","seed_source_timestamp":27290083847500,"circlet_count":0,"master_deck":["AscendersBane","Strike_B","Strike_B","Strike_B","Strike_B","Defend_B","Defend_B","Defend_B","Defend_B","Zap","Dualcast","Compile Driver","Biased Cognition","Streamline"],"relics":["Cracked Core","Thread and Needle","PreservedInsect","Juzu Bracelet","Singing Bowl","Gremlin Horn","Darkstone Periapt","Frozen Egg 2"],"potions_floor_usage":[8,11],"damage_taken":[{"damage":12,"enemies":"Jaw Worm","floor":1,"turns":5},{"damage":18,"enemies":"Lagavulin","floor":6,"turns":6},{"damage":23,"enemies":"Lagavulin Event","floor":8,"turns":4},{"damage":9,"enemies":"3 Sentries","floor":11,"turns":6},{"damage":25,"enemies":"Gremlin Nob","floor":13,"turns":4},{"damage":0,"enemies":"2 Louse","floor":14,"turns":1},{"damage":50,"enemies":"Slime Boss","floor":16,"turns":6}],"seed_played":"5179682093202476981","potions_obtained":[{"floor":1,"key":"Dexterity Potion"},{"floor":8,"key":"Dexterity Potion"},{"floor":13,"key":"Ancient Potion"}],"is_trial":false,"path_per_floor":["M","$","?","T","$","E","R","?","T","?","E","R","E","M","R","B"],"character_chosen":"DEFECT","items_purchased":["Biased Cognition","PreservedInsect"],"campfire_rested":3,"item_purchase_floors":[2,5],"current_hp_per_floor":[52,52,41,41,41,23,44,23,23,23,16,38,15,17,40,0],"gold":185,"neow_bonus":"TWO_FIFTY_GOLD","is_prod":false,"is_daily":false,"chose_seed":false,"campfire_upgraded":0,"win_rate":0,"timestamp":1550864844,"path_taken":["M","$","?","?","$","E","R","?","T","?","E","R","E","M","R","BOSS"],"build_version":"2019-01-23","purchased_purges":1,"victory":false,"max_hp_per_floor":[71,71,71,71,71,71,71,73,73,73,75,75,77,79,79,79],"card_choices":[{"not_picked":["Stack","Gash"],"picked":"Compile Driver","floor":1},{"not_picked":["Beam Cell","Leap"],"picked":"Streamline","floor":6},{"not_picked":["Loop","Go for the Eyes","Gash"],"picked":"Singing Bowl","floor":8},{"not_picked":["Redo","Go for the Eyes","Sweeping Beam"],"picked":"Singing Bowl","floor":11},{"not_picked":["Scrape","Turbo","Compile Driver"],"picked":"Singing Bowl","floor":13},{"not_picked":["Sweeping Beam","Rebound","Reinforced Body"],"picked":"Singing Bowl","floor":14}],"player_experience":883875,"relics_obtained":[{"floor":4,"key":"Thread and Needle"},{"floor":6,"key":"Juzu Bracelet"},{"floor":8,"key":"Singing Bowl"},{"floor":9,"key":"Gremlin Horn"},{"floor":11,"key":"Darkstone Periapt"},{"floor":13,"key":"Frozen Egg 2"}],"event_choices":[{"damage_healed":0,"gold_gain":75,"player_choice":"Gather Gold","damage_taken":11,"max_hp_gain":0,"max_hp_loss":0,"event_name":"World of Goop","floor":3,"gold_loss":0},{"damage_healed":0,"gold_gain":0,"player_choice":"Searched \u00272\u0027 times","damage_taken":0,"max_hp_gain":0,"max_hp_loss":0,"event_name":"Dead Adventurer","floor":8,"gold_loss":0},{"damage_healed":0,"gold_gain":0,"player_choice":"Ignored","damage_taken":0,"max_hp_gain":0,"max_hp_loss":0,"event_name":"Liars Game","floor":10,"gold_loss":0}],"is_beta":false,"boss_relics":[],"items_purged_floors":[2],"is_endless":false,"potions_floor_spawned":[1,8,13],"killed_by":"Slime Boss","ascension_level":20}