{"gold_per_floor":[112,125,145,145,145,145,164,190,190,6,6,6,37,37,37,37],"floor_reached":16,"playtime":605,"items_purged":["Strike_G"],"score":124,"play_id":"4b324851-40b2-4954-bef4-c94fbc735576","local_time":"20190215194830","is_ascension_mode":true,"campfire_choices":[{"data":"Blade Dance","floor":6,"key":"SMITH"},{"floor":12,"key":"REST"},{"data":"Blade Dance","floor":15,"key":"SMITH"}],"neow_cost":"NONE","seed_source_timestamp":35752954775019,"circlet_count":0,"master_deck":["Defend_G","Defend_G","Defend_G","Defend_G","Defend_G","Strike_G","Strike_G","Strike_G","Strike_G","Survivor","Neutralize","Deadly Poison","Blade Dance+1","Cloak And Dagger","Wraith Form v2","Blade Dance+1","Finisher+1","Noxious Fumes+1","Parasite","Dagger Spray+1"],"relics":["Ring of the Snake","Art of War","Molten Egg 2","Juzu Bracelet","Snake Skull","Bronze Scales"],"potions_floor_usage":[8],"damage_taken":[{"damage":0,"enemies":"Jaw Worm","floor":1,"turns":4},{"damage":4,"enemies":"2 Louse","floor":2,"turns":3},{"damage":0,"enemies":"Cultist","floor":3,"turns":4},{"damage":14,"enemies":"Exordium Wildlife","floor":7,"turns":7},{"damage":28,"enemies":"Lagavulin","floor":8,"turns":8},{"damage":18,"enemies":"3 Sentries","floor":13,"turns":8},{"damage":0,"enemies":"Slime Boss","floor":16,"turns":3}],"seed_played":"-235537055131093148","potions_obtained":[{"floor":3,"key":"Poison Potion"},{"floor":7,"key":"PowerPotion"}],"is_trial":false,"path_per_floor":["M","M","M","?","?","R","M","E","T","$","?","R","E","?","R","B"],"character_chosen":"THE_SILENT","items_purchased":["Finisher+1","Noxious Fumes"],"campfire_rested":1,"item_purchase_floors":[10,10],"current_hp_per_floor":[70,66,66,54,54,54,40,12,12,12,29,50,32,32,32,32],"gold":37,"neow_bonus":"THREE_CARDS","is_prod":false,"is_daily":false,"chose_seed":false,"campfire_upgraded":2,"win_rate":0,"timestamp":1550256510,"path_taken":["M","M","M","?","?","R","M","E","T","$","?","R","E","?","R","BOSS"],"build_version":"2019-01-23","purchased_purges":1,"victory":false,"max_hp_per_floor":[70,70,70,70,70,70,70,70,70,70,70,70,70,70,70,70],"card_choices":[{"not_picked":["Backflip","Outmaneuver"],"picked":"Deadly Poison","floor":0},{"not_picked":["Dodge and Roll","Masterful Stab"],"picked":"Blade Dance","floor":1},{"not_picked":["Tactician","Setup","Dagger Throw"],"picked":"SKIP","floor":2},{"not_picked":["Heel Hook","Distraction"],"picked":"Cloak And Dagger","floor":3},{"not_picked":["Masterful Stab+1","Underhanded Strike+1"],"picked":"Wraith Form v2","floor":7},{"not_picked":["Poisoned Stab+1","Tactician"],"picked":"Blade Dance","floor":8},{"not_picked":["Bouncing Flask","Footwork"],"picked":"Dagger Spray+1","floor":13}],"player_experience":197231,"relics_obtained":[{"floor":8,"key":"Juzu Bracelet"},{"floor":9,"key":"Snake Skull"},{"floor":13,"key":"Bronze Scales"}],"event_choices":[{"damage_healed":0,"gold_gain":0,"player_choice":"Success","damage_taken":12,"relics_obtained":["Art of War"],"max_hp_gain":0,"max_hp_loss":0,"event_name":"Scrap Ooze","floor":4,"gold_loss":0},{"damage_healed":0,"gold_gain":0,"player_choice":"Gave Potion","damage_taken":0,"relics_obtained":["Molten Egg 2"],"max_hp_gain":0,"max_hp_loss":0,"event_name":"WeMeetAgain","floor":5,"gold_loss":0},{"damage_healed":17,"gold_gain":0,"player_choice":"Healed and dodged fight","damage_taken":0,"max_hp_gain":0,"max_hp_loss":0,"event_name":"Mushrooms","floor":11,"gold_loss":0,"cards_obtained":["Parasite"]},{"damage_healed":0,"gold_gain":0,"player_choice":"Forge","damage_taken":0,"max_hp_gain":0,"max_hp_loss":0,"event_name":"Accursed Blacksmith","floor":14,"gold_loss":0,"cards_upgraded":["Noxious Fumes"]}],"is_beta":false,"boss_relics":[],"items_purged_floors":[10],"is_endless":false,"potions_floor_spawned":[3,7],"killed_by":"Slime Boss","ascension_level":3}