{"gold_per_floor":[219,144,162,90,90,119,119,132,132,132,145,173,173,123,123,228,278,295,312,52,52,52,84,97,117,166,194,194,194,194,207,207,304,304,314,326,338,132,132],"floor_reached":39,"playtime":2464,"items_purged":["Strike_B","Strike_B","Rip and Tear"],"score":493,"play_id":"c5529545-c56d-4854-9390-d85bdd4f1667","local_time":"20190220175927","is_ascension_mode":true,"campfire_choices":[{"data":"Defragment","floor":7,"key":"SMITH"},{"data":"Zap","floor":10,"key":"SMITH"},{"floor":15,"key":"REST"},{"floor":29,"key":"REST"},{"floor":32,"key":"REST"}],"neow_cost":"NONE","seed_source_timestamp":476023405925408,"circlet_count":0,"master_deck":["Defend_B","Defend_B","Defend_B+1","Zap+1","Dualcast","Defragment+1","Self Repair","Ball Lightning","Chill+1","Electrodynamics","Capacitor","Leap+1","Defragment","Auto Shields","Redo+1","Conserve Battery","Tempest+1","Ball Lightning","Buffer","BootSequence+1","Conserve Battery+1","Storm"],"relics":["Cracked Core","Torii","Emotion Chip","Centennial Puzzle","Tiny House","Dodecahedron","Art of War","Orichalcum","Sozu"],"potions_floor_usage":[12,16,19,27,27,33],"damage_taken":[{"damage":1,"enemies":"Cultist","floor":1,"turns":4},{"damage":2,"enemies":"Jaw Worm","floor":3,"turns":3},{"damage":34,"enemies":"Gremlin Nob","floor":6,"turns":4},{"damage":1,"enemies":"Small Slimes","floor":8,"turns":3},{"damage":10,"enemies":"3 Louse","floor":11,"turns":3},{"damage":12,"enemies":"Lagavulin","floor":12,"turns":5},{"damage":28,"enemies":"The Guardian","floor":16,"turns":8},{"damage":1,"enemies":"Chosen","floor":18,"turns":4},{"damage":13,"enemies":"Spheric Guardian","floor":19,"turns":4},{"damage":9,"enemies":"Slavers","floor":23,"turns":3},{"damage":17,"enemies":"Snecko","floor":24,"turns":5},{"damage":23,"enemies":"Snake Plant","floor":25,"turns":3},{"damage":27,"enemies":"Gremlin Leader","floor":27,"turns":6},{"damage":7,"enemies":"Centurion and Healer","floor":31,"turns":4},{"damage":52,"enemies":"Champ","floor":33,"turns":8},{"damage":20,"enemies":"3 Shapes","floor":35,"turns":4},{"damage":1,"enemies":"Orb Walker","floor":36,"turns":3},{"damage":32,"enemies":"Transient","floor":37,"turns":5},{"damage":43,"enemies":"2 Orb Walkers","floor":39,"turns":3}],"seed_played":"-3680349159759439796","potions_obtained":[{"floor":1,"key":"Dexterity Potion"},{"floor":12,"key":"LiquidBronze"},{"floor":17,"key":"Energy Potion"},{"floor":18,"key":"Swift Potion"},{"floor":24,"key":"Weak Potion"},{"floor":27,"key":"GamblersBrew"}],"is_trial":false,"path_per_floor":["M","$","M","$","?","E","R","M","T","R","M","E","?","?","R","B",null,"M","M","$","?","?","E","M","M","T","E","?","R","?","M","R","B",null,"M","M","M","$","?"],"character_chosen":"DEFECT","items_purchased":["Defragment","Defragment","Auto Shields","Storm"],"campfire_rested":3,"item_purchase_floors":[4,20,20,38],"current_hp_per_floor":[74,74,72,72,72,38,38,37,37,37,27,22,22,22,44,23,80,80,74,74,74,74,72,62,39,39,19,19,43,43,43,67,22,80,67,66,41,41,0],"gold":132,"neow_bonus":"HUNDRED_GOLD","is_prod":false,"is_daily":false,"chose_seed":false,"campfire_upgraded":2,"win_rate":0,"timestamp":1550681967,"path_taken":["M","$","M","$","?","E","R","M","T","R","M","E","?","?","R","BOSS","M","M","$","?","?","E","M","M","T","E","?","R","?","?","R","BOSS","M","M","M","$","?"],"build_version":"2019-01-23","purchased_purges":3,"victory":false,"max_hp_per_floor":[75,75,75,75,75,75,75,75,75,75,75,75,75,75,75,75,80,80,80,80,80,80,80,80,80,80,80,80,80,80,80,80,80,80,80,80,80,80,80],"card_choices":[{"not_picked":["Glacier","Conserve Battery","Gash"],"picked":"SKIP","floor":1},{"not_picked":["Sweeping Beam","Barrage","Gash"],"picked":"SKIP","floor":3},{"not_picked":["Gash","Leap"],"picked":"Self Repair","floor":6},{"not_picked":["Genetic Algorithm","Rip and Tear","Go for the Eyes"],"picked":"SKIP","floor":8},{"not_picked":["Compile Driver","Barrage"],"picked":"Ball Lightning","floor":11},{"not_picked":["Buffer","Cold Snap"],"picked":"Chill","floor":12},{"not_picked":["All For One","Multi-Cast"],"picked":"Electrodynamics","floor":16},{"not_picked":["Hologram","Ball Lightning"],"picked":"Capacitor","floor":17},{"not_picked":["Chaos","Go for the Eyes"],"picked":"Leap+1","floor":18},{"not_picked":["Go for the Eyes+1","Rebound+1","Stack"],"picked":"SKIP","floor":19},{"not_picked":["Fusion+1","Go for the Eyes","Scrape"],"picked":"SKIP","floor":23},{"not_picked":["Rebound","Aggregate+1"],"picked":"Redo+1","floor":24},{"not_picked":["Barrage","Fusion"],"picked":"Conserve Battery","floor":25},{"not_picked":["Rip and Tear","Darkness"],"picked":"Tempest+1","floor":27},{"not_picked":["Beam Cell","Heatsinks"],"picked":"Buffer","floor":31},{"not_picked":["Rebound","Steam Power+1"],"picked":"BootSequence+1","floor":35},{"not_picked":["Rebound","Aggregate+1"],"picked":"Conserve Battery+1","floor":36},{"not_picked":["Stack+1","Scrape","Go for the Eyes+1"],"picked":"SKIP","floor":37}],"player_experience":240235,"relics_obtained":[{"floor":6,"key":"Torii"},{"floor":9,"key":"Emotion Chip"},{"floor":12,"key":"Centennial Puzzle"},{"floor":23,"key":"Dodecahedron"},{"floor":26,"key":"Art of War"},{"floor":27,"key":"Orichalcum"}],"event_choices":[{"damage_healed":0,"gold_gain":0,"player_choice":"Ignored","damage_taken":0,"max_hp_gain":0,"max_hp_loss":0,"event_name":"Liars Game","floor":5,"gold_loss":0},{"damage_healed":0,"gold_gain":0,"player_choice":"Grow","damage_taken":0,"max_hp_gain":0,"max_hp_loss":0,"event_name":"Living Wall","floor":13,"gold_loss":0,"cards_upgraded":["Chill"]},{"cards_removed":["Strike_B"],"damage_healed":0,"gold_gain":0,"player_choice":"Card Removal","damage_taken":0,"max_hp_gain":0,"max_hp_loss":0,"event_name":"The Cleric","floor":14,"gold_loss":50},{"damage_healed":0,"gold_gain":0,"player_choice":"Ignored","damage_taken":0,"max_hp_gain":0,"max_hp_loss":0,"event_name":"Cursed Tome","floor":22,"gold_loss":0},{"damage_healed":0,"gold_gain":0,"cards_transformed":["Strike_B","Defend_B"],"player_choice":"Became Test Subject","damage_taken":0,"max_hp_gain":0,"max_hp_loss":0,"event_name":"Drug Dealer","floor":28,"gold_loss":0,"cards_obtained":["Ball Lightning","Rip and Tear"]},{"damage_healed":0,"gold_gain":0,"player_choice":"Ignored","damage_taken":0,"max_hp_gain":0,"max_hp_loss":0,"event_name":"Ghosts","floor":30,"gold_loss":0},{"damage_healed":0,"gold_gain":0,"player_choice":"Fight","damage_taken":0,"max_hp_gain":0,"max_hp_loss":0,"event_name":"Mysterious Sphere","floor":39,"gold_loss":0}],"is_beta":false,"boss_relics":[{"not_picked":["Orrery","Fusion Hammer"],"picked":"Tiny House"},{"not_picked":["Calling Bell","Busted Crown"],"picked":"Sozu"}],"items_purged_floors":[2,20,38],"is_endless":false,"potions_floor_spawned":[1,12,18,24,27,37],"killed_by":"2 Orb Walkers","ascension_level":3}