{"gold_per_floor":[111,127,143,153,153,153,180,255,310,310,310],"floor_reached":11,"playtime":262,"items_purged":[],"score":146,"play_id":"b7a84758-08ba-41d8-9a9a-cb34cfa53785","local_time":"20190222224356","is_ascension_mode":true,"campfire_choices":[{"floor":6,"key":"REST"},{"floor":10,"key":"REST"}],"neow_cost":"NONE","seed_source_timestamp":30797133455200,"circlet_count":0,"master_deck":["AscendersBane","Strike_B","Strike_B","Strike_B","Strike_B","Defend_B","Defend_B","Defend_B","Zap","Dualcast","Streamline","Capacitor","Genetic Algorithm","Go for the Eyes+1","Glacier"],"relics":["Cracked Core","Darkstone Periapt","Smiling Mask"],"potions_floor_usage":[],"damage_taken":[{"damage":6,"enemies":"Cultist","floor":1,"turns":3},{"damage":0,"enemies":"Small Slimes","floor":2,"turns":3},{"damage":0,"enemies":"2 Louse","floor":3,"turns":2},{"damage":32,"enemies":"Large Slime","floor":4,"turns":5},{"damage":25,"enemies":"Lagavulin","floor":7,"turns":7},{"damage":48,"enemies":"Gremlin Nob","floor":11,"turns":4}],"seed_played":"-6011652669667343898","potions_obtained":[{"floor":2,"key":"Strength Potion"},{"floor":7,"key":"GamblersBrew"}],"is_trial":false,"path_per_floor":["M","M","M","M","?","R","E","?","T","R","E"],"character_chosen":"DEFECT","items_purchased":[],"campfire_rested":2,"item_purchase_floors":[],"current_hp_per_floor":[58,58,58,26,26,47,22,11,11,32,0],"gold":310,"neow_bonus":"REMOVE_CARD","is_prod":false,"is_daily":false,"chose_seed":false,"campfire_upgraded":0,"win_rate":0,"timestamp":1550868236,"path_taken":["M","M","M","?","?","R","E","?","T","R","E"],"build_version":"2019-01-23","purchased_purges":0,"victory":false,"max_hp_per_floor":[71,71,71,71,71,71,71,71,71,71,71],"card_choices":[{"not_picked":["Stack","Sweeping Beam"],"picked":"Streamline","floor":1},{"not_picked":["Leap","Turbo"],"picked":"Capacitor","floor":2},{"not_picked":["Beam Cell","Static Discharge"],"picked":"Genetic Algorithm","floor":3},{"not_picked":["Sweeping Beam","Steam"],"picked":"Go for the Eyes","floor":4},{"not_picked":["Blizzard","Fission"],"picked":"Glacier","floor":7}],"player_experience":887210,"relics_obtained":[{"floor":7,"key":"Darkstone Periapt"},{"floor":9,"key":"Smiling Mask"}],"event_choices":[{"damage_healed":0,"gold_gain":0,"player_choice":"Grow","damage_taken":0,"max_hp_gain":0,"max_hp_loss":0,"event_name":"Living Wall","floor":5,"gold_loss":0,"cards_upgraded":["Go for the Eyes"]},{"damage_healed":0,"gold_gain":75,"player_choice":"Gather Gold","damage_taken":11,"max_hp_gain":0,"max_hp_loss":0,"event_name":"World of Goop","floor":8,"gold_loss":0}],"is_beta":false,"boss_relics":[],"items_purged_floors":[],"is_endless":false,"potions_floor_spawned":[2,7],"killed_by":"Gremlin Nob","ascension_level":20}