{"gold_per_floor":[114,133,44,63,63,91,91,106,106,106,106,122,122,153,153,153],"floor_reached":16,"playtime":469,"items_purged":[],"score":220,"play_id":"34c845a9-2fc2-45aa-bc21-fca74eb52a26","local_time":"20190204113945","is_ascension_mode":true,"campfire_choices":[{"floor":7.0,"key":"REST"},{"data":"Defragment","floor":10.0,"key":"SMITH"},{"floor":13.0,"key":"REST"},{"data":"Defragment","floor":15,"key":"SMITH"}],"neow_cost":"NONE","seed_source_timestamp":2168847500769365,"circlet_count":0,"master_deck":["AscendersBane","Strike_B","Strike_B","Strike_B","Strike_B","Defend_B","Defend_B","Defend_B","Defend_B","Zap","Dualcast","Conserve Battery","Go for the Eyes","Defragment+1","Defragment+1","Beam Cell","Coolheaded","Coolheaded","Sweeping Beam","Consume"],"special_seed":0,"relics":["Cracked Core","Happy Flower","Art of War","Mummified Hand","Sundial"],"potions_floor_usage":[],"damage_taken":[{"damage":0.0,"enemies":"Cultist","floor":1.0,"turns":3.0},{"damage":6.0,"enemies":"2 Louse","floor":2.0,"turns":3.0},{"damage":12.0,"enemies":"Jaw Worm","floor":4.0,"turns":5.0},{"damage":32.0,"enemies":"Lagavulin","floor":6.0,"turns":8.0},{"damage":11.0,"enemies":"3 Louse","floor":8.0,"turns":3.0},{"damage":7.0,"enemies":"2 Fungi Beasts","floor":12.0,"turns":4.0},{"damage":25.0,"enemies":"Gremlin Nob","floor":14.0,"turns":5.0},{"damage":23,"enemies":"The Guardian","floor":16,"turns":2}],"seed_played":"-7491380545842045333","potions_obtained":[{"floor":6.0,"key":"Swift Potion"},{"floor":12.0,"key":"SkillPotion"},{"floor":14.0,"key":"Ancient Potion"}],"is_trial":false,"path_per_floor":["M","M","$","M","?","E","R","M","T","R","T","M","R","E","R","B"],"character_chosen":"DEFECT","items_purchased":["Defragment"],"campfire_rested":2,"item_purchase_floors":[3],"current_hp_per_floor":[64,58,58,46,51,19,41,30,30,30,30,23,45,20,20,0],"gold":153,"neow_bonus":"THREE_CARDS","is_prod":false,"is_daily":false,"chose_seed":false,"campfire_upgraded":2,"win_rate":0,"timestamp":1549298385,"path_taken":["M","M","?","M","?","E","R","M","T","R","?","M","R","E","R","BOSS"],"build_version":"2019-01-23","purchased_purges":0,"victory":false,"max_hp_per_floor":[71,71,71,71,76,76,76,76,76,76,76,76,76,76,76,76],"card_choices":[{"not_picked":["Recycle","Heatsinks"],"picked":"Conserve Battery","floor":0.0},{"not_picked":["Leap","Consume"],"picked":"Go for the Eyes","floor":1.0},{"not_picked":["Heatsinks","Glacier"],"picked":"Defragment","floor":2.0},{"not_picked":["Conserve Battery","Turbo"],"picked":"Beam Cell","floor":4.0},{"not_picked":["Leap","Redo"],"picked":"Coolheaded","floor":6.0},{"not_picked":["Gash","Compile Driver"],"picked":"Coolheaded","floor":8.0},{"not_picked":["Coolheaded","Aggregate"],"picked":"Sweeping Beam","floor":12.0},{"not_picked":["Stack","Coolheaded"],"picked":"Consume","floor":14.0}],"player_experience":871706,"relics_obtained":[{"floor":6.0,"key":"Happy Flower"},{"floor":9.0,"key":"Art of War"},{"floor":11.0,"key":"Mummified Hand"},{"floor":14.0,"key":"Sundial"}],"event_choices":[{"damage_healed":0.0,"max_hp_gain":5.0,"max_hp_loss":0.0,"gold_gain":0.0,"event_name":"Big Fish","player_choice":"Donut","floor":5.0,"gold_loss":0.0,"damage_taken":0.0}],"is_beta":false,"boss_relics":[],"items_purged_floors":[],"is_endless":false,"potions_floor_spawned":[6,12,14],"killed_by":"The Guardian","ascension_level":20}