{"gold_per_floor":[116,129,129,175,175,201,201,233,233,233,268,268,285,110,110,110],"floor_reached":16,"playtime":453,"items_purged":["Strike_G"],"score":282,"play_id":"a7d80ec8-4e5d-4be4-8f4c-d9791f676fa2","local_time":"20190204161645","is_ascension_mode":true,"campfire_choices":[{"data":"Neutralize","floor":7.0,"key":"SMITH"},{"data":"Dagger Spray","floor":10,"key":"SMITH"},{"data":"Deadly Poison","floor":12,"key":"SMITH"},{"data":"Footwork","floor":15,"key":"SMITH"}],"neow_cost":"NONE","seed_source_timestamp":2185498755267114,"circlet_count":0,"master_deck":["AscendersBane","Defend_G","Defend_G","Defend_G","Defend_G","Defend_G","Strike_G","Strike_G","Strike_G","Strike_G","Survivor","Neutralize+1","Dagger Spray+1","Deadly Poison+1","Unload","Cloak And Dagger","Flying Knee","Blur","Footwork+1","Acrobatics"],"special_seed":0,"relics":["Ring of the Snake","NeowsBlessing","PreservedInsect","Strawberry","Singing Bowl","Mummified Hand","Dodecahedron"],"potions_floor_usage":[16],"damage_taken":[{"damage":0.0,"enemies":"Jaw Worm","floor":1.0,"turns":1.0},{"damage":0.0,"enemies":"2 Louse","floor":2.0,"turns":1.0},{"damage":0.0,"enemies":"Lagavulin","floor":6.0,"turns":1.0},{"damage":12,"enemies":"3 Sentries","floor":8,"turns":6},{"damage":8,"enemies":"Gremlin Nob","floor":11,"turns":3},{"damage":0,"enemies":"Cultist","floor":13,"turns":2},{"damage":53,"enemies":"Slime Boss","floor":16,"turns":14}],"seed_played":"-9128368526806650677","potions_obtained":[{"floor":1.0,"key":"SpeedPotion"}],"is_trial":false,"path_per_floor":["M","M","?","T","?","E","R","E","T","R","E","R","M","$","R","B"],"character_chosen":"THE_SILENT","items_purchased":["Footwork","Acrobatics"],"campfire_rested":0,"item_purchase_floors":[14,14],"current_hp_per_floor":[59,59,64,64,64,71,71,59,59,59,51,51,51,51,51,0],"gold":110,"neow_bonus":"THREE_ENEMY_KILL","is_prod":false,"is_daily":false,"chose_seed":false,"campfire_upgraded":4,"win_rate":0,"timestamp":1549315005,"path_taken":["M","M","?","?","?","E","R","E","T","R","E","R","M","$","R","BOSS"],"build_version":"2019-01-23","purchased_purges":1,"victory":false,"max_hp_per_floor":[66,66,71,71,71,78,78,78,78,78,78,78,78,78,78,78],"card_choices":[{"not_picked":["Concentrate","Calculated Gamble"],"picked":"Dagger Spray","floor":1.0},{"not_picked":["Backflip","Caltrops"],"picked":"Deadly Poison","floor":2.0},{"not_picked":["Riddle With Holes","Eviscerate"],"picked":"Unload","floor":6.0},{"not_picked":["Prepared","Sucker Punch"],"picked":"Cloak And Dagger","floor":8},{"not_picked":["Bane","Terror"],"picked":"Flying Knee","floor":11},{"not_picked":["Finisher","Endless Agony"],"picked":"Blur","floor":13}],"player_experience":874547,"relics_obtained":[{"floor":4.0,"key":"PreservedInsect"},{"floor":6.0,"key":"Strawberry"},{"floor":8,"key":"Singing Bowl"},{"floor":9,"key":"Mummified Hand"},{"floor":11,"key":"Dodecahedron"}],"event_choices":[{"damage_healed":0.0,"max_hp_gain":5.0,"max_hp_loss":0.0,"gold_gain":0.0,"event_name":"Big Fish","player_choice":"Donut","floor":3.0,"gold_loss":0.0,"damage_taken":0.0},{"damage_healed":0.0,"max_hp_gain":0.0,"max_hp_loss":0.0,"gold_gain":0.0,"event_name":"The Cleric","player_choice":"Leave","floor":5.0,"gold_loss":0.0,"damage_taken":0.0}],"is_beta":false,"boss_relics":[],"items_purged_floors":[14],"is_endless":false,"potions_floor_spawned":[1],"killed_by":"Slime Boss","ascension_level":20}