{"gold_per_floor":[116,116,41,41,41,67,67,100,137,149,176,201,248,260,272,356,368,400,412,451,30,49,76,86,100,100,10,26,26,37,69,69,146,146,156,166,177,192,192,221,221,253,276,289,324,337,559,579,579,579,579,579,114,141,141],"floor_reached":56,"playtime":5337,"items_purged":["Regret","Strike_G"],"score":2284,"play_id":"5d05309a-7958-4d6d-b96f-6d92a21b4ffb","local_time":"20190222111459","is_ascension_mode":true,"campfire_choices":[{"data":"Leg Sweep","floor":7.0,"key":"SMITH"},{"data":"Footwork","floor":15.0,"key":"SMITH"},{"floor":32.0,"key":"RECALL"}],"neow_cost":"NONE","seed_source_timestamp":835072980772846,"circlet_count":0,"master_deck":["AscendersBane","Defend_G","Defend_G","Defend_G","Defend_G","Defend_G","Strike_G+1","Strike_G+1","Survivor","Neutralize","Leg Sweep+1","Quick Slash+1","Acrobatics","Poisoned Stab","Footwork+1","Adrenaline","Ghostly","Ghostly","Ghostly","Ghostly","Ghostly","Well Laid Plans","Footwork","PiercingWail","Dagger Throw","Backflip","Dagger Spray","Deadly Poison","Noxious Fumes","Flying Knee","Envenom","Well Laid Plans","Catalyst","Deflect+1","Master of Strategy","Poisoned Stab+1","Backflip+1","Backflip","Caltrops","Parasite","Footwork+1","Backflip+1"],"special_seed":0,"relics":["Ring of the Snake","NeowsBlessing","Happy Flower","Whetstone","MawBank","Vajra","Orichalcum","Fusion Hammer","Red Mask","OrangePellets","Anchor","Bag of Preparation","StoneCalendar","Snake Skull","Coffee Dripper","Dream Catcher","Centennial Puzzle","Oddly Smooth Stone","Ice Cream","Ornamental Fan"],"potions_floor_usage":[55],"damage_taken":[{"damage":0.0,"enemies":"Cultist","floor":1.0,"turns":1.0},{"damage":0.0,"enemies":"3 Sentries","floor":6.0,"turns":1.0},{"damage":0.0,"enemies":"Lagavulin","floor":8.0,"turns":1.0},{"damage":0.0,"enemies":"2 Louse","floor":11.0,"turns":2.0},{"damage":0.0,"enemies":"Jaw Worm","floor":12.0,"turns":5.0},{"damage":11.0,"enemies":"Gremlin Nob","floor":13.0,"turns":5.0},{"damage":60.0,"enemies":"Slime Boss","floor":16.0,"turns":20.0},{"damage":6.0,"enemies":"Shell Parasite","floor":18.0,"turns":7.0},{"damage":1.0,"enemies":"Masked Bandits","floor":20.0,"turns":7.0},{"damage":0.0,"enemies":"3 Byrds","floor":22.0,"turns":8.0},{"damage":0.0,"enemies":"Book of Stabbing","floor":23.0,"turns":9.0},{"damage":0.0,"enemies":"Centurion and Healer","floor":24.0,"turns":9.0},{"damage":0.0,"enemies":"Snake Plant","floor":25.0,"turns":8.0},{"damage":0.0,"enemies":"Cultist and Chosen","floor":28.0,"turns":7.0},{"damage":0.0,"enemies":"3 Cultists","floor":30.0,"turns":6.0},{"damage":1.0,"enemies":"Slavers","floor":31.0,"turns":7.0},{"damage":1.0,"enemies":"Automaton","floor":33.0,"turns":10.0},{"damage":0.0,"enemies":"3 Darklings","floor":35.0,"turns":6.0},{"damage":0.0,"enemies":"3 Shapes","floor":36.0,"turns":5.0},{"damage":0.0,"enemies":"Transient","floor":37.0,"turns":5.0},{"damage":0.0,"enemies":"Sphere and 2 Shapes","floor":38.0,"turns":7.0},{"damage":0.0,"enemies":"Nemesis","floor":40.0,"turns":7.0},{"damage":2.0,"enemies":"Reptomancer","floor":42.0,"turns":7.0},{"damage":0.0,"enemies":"4 Shapes","floor":44.0,"turns":6.0},{"damage":0.0,"enemies":"Nemesis","floor":45.0,"turns":7.0},{"damage":0.0,"enemies":"Writhing Mass","floor":46.0,"turns":6.0},{"damage":0.0,"enemies":"Maw","floor":48.0,"turns":6.0},{"damage":0,"enemies":"Time Eater","floor":50,"turns":12},{"damage":24,"enemies":"Shield and Spear","floor":54,"turns":8},{"damage":9,"enemies":"The Heart","floor":55,"turns":11}],"seed_played":"1905784304029728794","potions_obtained":[{"floor":1.0,"key":"GamblersBrew"},{"floor":8.0,"key":"Regen Potion"},{"floor":16.0,"key":"Fire Potion"},{"floor":22.0,"key":"FearPotion"},{"floor":31.0,"key":"GamblersBrew"},{"floor":38.0,"key":"FearPotion"},{"floor":40.0,"key":"Energy Potion"},{"floor":46.0,"key":"Explosive Potion"}],"is_trial":false,"path_per_floor":["M","?","$","?","$","E","R","E","T","$","M","M","E","?","R","B",null,"M","?","?","$","M","E","M","M","T","?","M","$","M","E","R","B",null,"M","M","M","M","?","E","R","E","T","M","E","M","?","M","R","B",null,"R","$","E","B",null],"character_chosen":"THE_SILENT","items_purchased":["Footwork","OrangePellets","Anchor","Ice Cream","GhostInAJar"],"campfire_rested":0,"item_purchase_floors":[21,21,21,53,53],"current_hp_per_floor":[63,63,63,63,63,63,63,63,63,63,63,63,52,52,52,7,54,48,35,34,34,34,34,34,34,34,34,34,34,34,33,33,32,34,34,34,34,34,34,34,34,32,32,32,32,32,32,32,32,32,34,34,34,10,1],"gold":141,"neow_bonus":"THREE_ENEMY_KILL","is_prod":false,"is_daily":false,"chose_seed":false,"campfire_upgraded":2,"win_rate":0,"timestamp":1550862899,"path_taken":["M","?","$","?","$","E","R","E","T","?","M","?","E","?","R","BOSS","M","?","?","$","M","E","M","M","T","?","M","$","?","E","R","BOSS","M","M","M","M","?","E","R","E","T","M","E","M","?","M","R","BOSS","R","$","E","BOSS"],"build_version":"2019-01-23","purchased_purges":2,"victory":true,"max_hp_per_floor":[70,70,70,70,70,70,70,70,70,70,70,70,70,70,70,70,70,70,35,35,35,35,35,35,35,35,35,35,35,35,35,35,35,35,35,35,35,35,35,35,35,35,35,35,35,35,35,35,35,35,35,35,35,35,35],"card_choices":[{"not_picked":["Underhanded Strike","Choke"],"picked":"Leg Sweep","floor":1.0},{"not_picked":["Outmaneuver","Endless Agony"],"picked":"Quick Slash","floor":6.0},{"not_picked":["Prepared","Riddle With Holes"],"picked":"Acrobatics","floor":8.0},{"not_picked":["Riddle With Holes","Masterful Stab","Heel Hook"],"picked":"SKIP","floor":11.0},{"not_picked":["Blade Dance","Dagger Throw"],"picked":"Poisoned Stab","floor":12.0},{"not_picked":["Predator","Calculated Gamble"],"picked":"Footwork","floor":13.0},{"not_picked":["Tools of the Trade","Burst"],"picked":"Adrenaline","floor":16.0},{"not_picked":["Blade Dance","Expertise","Quick Slash"],"picked":"SKIP","floor":18.0},{"not_picked":["Poisoned Stab","Masterful Stab"],"picked":"Well Laid Plans","floor":20.0},{"not_picked":["Prepared","Bouncing Flask"],"picked":"PiercingWail","floor":22.0},{"not_picked":["Grand Finale","Skewer"],"picked":"Dagger Throw","floor":23.0},{"not_picked":["PiercingWail","Finisher"],"picked":"Backflip","floor":24.0},{"not_picked":["Endless Agony","Leg Sweep"],"picked":"Dagger Spray","floor":25.0},{"not_picked":["Blade Dance","Poisoned Stab"],"picked":"Deadly Poison","floor":28.0},{"not_picked":["Heel Hook","Calculated Gamble"],"picked":"Noxious Fumes","floor":30.0},{"not_picked":["Poisoned Stab","Prepared"],"picked":"Flying Knee","floor":31.0},{"not_picked":["Die Die Die","Unload"],"picked":"Envenom","floor":33.0},{"not_picked":["Quick Slash","Underhanded Strike","Flechettes"],"picked":"SKIP","floor":35.0},{"not_picked":["Cloak And Dagger","Bane"],"picked":"Well Laid Plans","floor":36.0},{"not_picked":["Dodge and Roll+1","Sucker Punch"],"picked":"Catalyst","floor":37.0},{"not_picked":["Infinite Blades","Dagger Throw"],"picked":"Deflect+1","floor":38.0},{"not_picked":["PanicButton","Finesse"],"picked":"Master of Strategy","floor":39.0},{"not_picked":["Dodge and Roll","PiercingWail"],"picked":"Poisoned Stab+1","floor":40.0},{"not_picked":["Cloak And Dagger","Prepared+1"],"picked":"Backflip+1","floor":42.0},{"not_picked":["PiercingWail+1","Deflect"],"picked":"Backflip","floor":44.0},{"not_picked":["Deadly Poison","PiercingWail"],"picked":"Caltrops","floor":45.0},{"not_picked":["Accuracy","Quick Slash"],"picked":"Footwork+1","floor":46.0},{"not_picked":["Tactician+1","Concentrate"],"picked":"Backflip+1","floor":48.0},{"not_picked":["Accuracy+1","Corpse Explosion","Unload"],"picked":"SKIP","floor":54}],"player_experience":217621,"relics_obtained":[{"floor":6.0,"key":"Whetstone"},{"floor":8.0,"key":"MawBank"},{"floor":9.0,"key":"Vajra"},{"floor":13.0,"key":"Orichalcum"},{"floor":20.0,"key":"Red Mask"},{"floor":23.0,"key":"Bag of Preparation"},{"floor":26.0,"key":"StoneCalendar"},{"floor":31.0,"key":"Snake Skull"},{"floor":40.0,"key":"Dream Catcher"},{"floor":42.0,"key":"Centennial Puzzle"},{"floor":45.0,"key":"Oddly Smooth Stone"},{"floor":54,"key":"Ornamental Fan"}],"event_choices":[{"damage_healed":0.0,"max_hp_gain":0.0,"max_hp_loss":0.0,"gold_gain":0.0,"event_name":"Big Fish","player_choice":"Box","floor":2.0,"gold_loss":0.0,"damage_taken":0.0,"relics_obtained":["Happy Flower"],"cards_obtained":["Regret"]},{"damage_healed":0.0,"max_hp_gain":0.0,"max_hp_loss":0.0,"gold_gain":0.0,"event_name":"The Cleric","player_choice":"Leave","floor":4.0,"gold_loss":0.0,"damage_taken":0.0},{"cards_removed":["Strike_G"],"damage_healed":0.0,"max_hp_gain":0.0,"max_hp_loss":0.0,"gold_gain":0.0,"event_name":"Living Wall","player_choice":"Forget","floor":14.0,"gold_loss":0.0,"damage_taken":0.0},{"damage_healed":0.0,"max_hp_gain":0.0,"max_hp_loss":35.0,"gold_gain":0.0,"event_name":"Ghosts","player_choice":"Became a Ghost","floor":19.0,"gold_loss":0.0,"damage_taken":0.0,"cards_obtained":["Ghostly","Ghostly","Ghostly","Ghostly","Ghostly"]},{"damage_healed":0.0,"max_hp_gain":0.0,"max_hp_loss":0.0,"gold_gain":0.0,"event_name":"Masked Bandits","player_choice":"Fought Bandits","floor":20.0,"gold_loss":0.0,"damage_taken":0.0},{"cards_removed":["Strike_G"],"damage_healed":0.0,"max_hp_gain":0.0,"max_hp_loss":0.0,"gold_gain":0.0,"event_name":"Designer","player_choice":"Upgrade and Remove","floor":27.0,"gold_loss":90.0,"damage_taken":0.0,"cards_upgraded":["Quick Slash"]},{"damage_healed":0.0,"max_hp_gain":0.0,"max_hp_loss":0.0,"gold_gain":0.0,"event_name":"SensoryStone","player_choice":"Memory 1","floor":39.0,"gold_loss":0.0,"damage_taken":0.0},{"damage_healed":0.0,"max_hp_gain":0.0,"max_hp_loss":0.0,"gold_gain":222.0,"event_name":"Tomb of Lord Red Mask","player_choice":"Wore Mask","floor":47.0,"gold_loss":0.0,"damage_taken":0.0}],"is_beta":false,"boss_relics":[{"not_picked":["Runic Dome","Calling Bell"],"picked":"Fusion Hammer"},{"not_picked":["Empty Cage","Black Star"],"picked":"Coffee Dripper"}],"items_purged_floors":[3,53],"is_endless":false,"potions_floor_spawned":[1,8,12,16,22,23,24,28,30,31,38,40,46,48],"ascension_level":13}