{"gold_per_floor":[118,137,147,160,160,160,188,12,59,59,70,85,95,122,122,194,194,205,205],"floor_reached":19,"playtime":696,"items_purged":[],"score":362,"play_id":"4492d194-9a2c-4ceb-a351-a034c966e1ae","local_time":"20190213122624","is_ascension_mode":true,"campfire_choices":[{"data":"Zap","floor":6.0,"key":"SMITH"},{"floor":10.0,"key":"REST"},{"data":"Leap","floor":15.0,"key":"SMITH"}],"neow_cost":"NONE","seed_source_timestamp":2949027427583756,"circlet_count":0,"master_deck":["AscendersBane","Strike_B","Strike_B","Strike_B","Defend_B","Defend_B","Defend_B","Defend_B","Zap+1","Dualcast","Ball Lightning","Leap+1","Melter","Beam Cell+1","All For One+1","Capacitor","Go for the Eyes+1","Sunder+1","Meteor Strike+1","Compile Driver+1"],"special_seed":0,"relics":["Cracked Core","NeowsBlessing","Molten Egg 2","Art of War","Omamori","Philosopher\u0027s Stone"],"potions_floor_usage":[19,19],"damage_taken":[{"damage":0.0,"enemies":"Cultist","floor":1.0,"turns":1.0},{"damage":0.0,"enemies":"Small Slimes","floor":2.0,"turns":1.0},{"damage":0.0,"enemies":"Jaw Worm","floor":3.0,"turns":1.0},{"damage":6.0,"enemies":"Looter","floor":4.0,"turns":3.0},{"damage":9.0,"enemies":"3 Sentries","floor":7.0,"turns":6.0},{"damage":0.0,"enemies":"Blue Slaver","floor":11.0,"turns":3.0},{"damage":5.0,"enemies":"Gremlin Gang","floor":12.0,"turns":3.0},{"damage":4.0,"enemies":"Red Slaver","floor":13.0,"turns":2.0},{"damage":15.0,"enemies":"Lagavulin","floor":14.0,"turns":6.0},{"damage":17.0,"enemies":"The Guardian","floor":16.0,"turns":12.0},{"damage":67.0,"enemies":"3 Byrds","floor":18.0,"turns":5.0},{"damage":21,"enemies":"Spheric Guardian","floor":19,"turns":3}],"seed_played":"-4761433556166042473","potions_obtained":[{"floor":1.0,"key":"Weak Potion"},{"floor":4.0,"key":"Block Potion"},{"floor":11.0,"key":"Fire Potion"},{"floor":14.0,"key":"Regen Potion"},{"floor":16.0,"key":"Energy Potion"},{"floor":18.0,"key":"Fruit Juice"}],"is_trial":false,"path_per_floor":["M","M","M","M","?","R","E","$","T","R","M","M","M","E","R","B",null,"M","M"],"character_chosen":"DEFECT","items_purchased":["All For One+1"],"campfire_rested":1,"item_purchase_floors":[8],"current_hp_per_floor":[64,64,64,58,58,58,49,49,49,70,70,65,61,46,46,29,61,8,0],"gold":205,"neow_bonus":"THREE_ENEMY_KILL","is_prod":false,"is_daily":false,"chose_seed":false,"campfire_upgraded":2,"win_rate":0,"timestamp":1550078784,"path_taken":["M","M","M","?","?","R","E","$","T","R","M","M","M","E","R","BOSS","M","?"],"build_version":"2019-01-23","purchased_purges":0,"victory":false,"max_hp_per_floor":[71,71,71,71,71,71,71,71,71,71,71,71,71,71,71,71,71,71,76],"card_choices":[{"not_picked":["Chill","Glacier"],"picked":"Ball Lightning","floor":1.0},{"not_picked":["Static Discharge","Tempest","Turbo"],"picked":"SKIP","floor":2.0},{"not_picked":["Beam Cell","Sweeping Beam"],"picked":"Leap","floor":3.0},{"not_picked":["Chill","Go for the Eyes"],"picked":"Melter","floor":4.0},{"not_picked":["Loop","Biased Cognition"],"picked":"Beam Cell","floor":7.0},{"not_picked":["Reprogram","BootSequence"],"picked":"Capacitor","floor":11.0},{"not_picked":["Rebound+1","Force Field"],"picked":"Go for the Eyes+1","floor":12.0},{"not_picked":["Redo","Barrage+1","Steam Power"],"picked":"SKIP","floor":13.0},{"not_picked":["Redo","Fusion"],"picked":"Sunder+1","floor":14.0},{"not_picked":["Creative AI","Amplify"],"picked":"Meteor Strike+1","floor":16.0},{"not_picked":["Sunder+1","Chaos"],"picked":"Compile Driver+1","floor":18.0}],"player_experience":934178,"relics_obtained":[{"floor":7.0,"key":"Molten Egg 2"},{"floor":9.0,"key":"Art of War"},{"floor":14.0,"key":"Omamori"}],"event_choices":[{"cards_removed":["Strike_B"],"damage_healed":0.0,"max_hp_gain":0.0,"max_hp_loss":0.0,"gold_gain":0.0,"event_name":"Wheel of Change","player_choice":"Card Removal","floor":5.0,"gold_loss":0.0,"damage_taken":0.0}],"is_beta":false,"boss_relics":[{"not_picked":["Busted Crown","Cursed Key"],"picked":"Philosopher\u0027s Stone"}],"items_purged_floors":[],"is_endless":false,"potions_floor_spawned":[1,4,11,14,16,18],"killed_by":"Spheric Guardian","ascension_level":20}