{"gold_per_floor":[218,234,20,20,120,148,148,180,180,206,226,243,243,254,254,350,350,370,370,390,390,403,403,434,434,482,482,517,531,547,563,563,665,665,683,703,703,716,727,754,754,781,793,821,867,1279,1303,1349,1361,1373,1385,1397,361,394,394],"floor_reached":56,"playtime":5578,"items_purged":["Shame"],"score":1512,"play_id":"d46be333-d510-4196-b979-24e67b31f430","local_time":"20190122132018","is_ascension_mode":true,"campfire_choices":[{"data":"Hologram","floor":7,"key":"SMITH"},{"data":"Defragment","floor":13,"key":"SMITH"},{"data":"Biased Cognition","floor":15,"key":"SMITH"},{"data":"Capacitor","floor":23,"key":"SMITH"},{"floor":27,"key":"REST"},{"data":"Go for the Eyes","floor":32,"key":"SMITH"},{"data":"Fission","floor":41,"key":"SMITH"},{"floor":49,"key":"RECALL"},{"data":"Seek","floor":52,"key":"SMITH"}],"neow_cost":"NONE","seed_source_timestamp":3199107108215662,"circlet_count":0,"master_deck":["Strike_B+1","Strike_B+1","Defend_B+1","Defend_B+1","Defend_B+1","Defend_B+1","Zap+1","Dualcast","Ball Lightning","Self Repair","Mayhem+1","Hologram+1","Ball Lightning","Cold Snap","Biased Cognition+1","Defragment+1","Cold Snap","Conserve Battery","Core Surge","Steam","Necronomicurse","Steam+1","Compile Driver","Glacier","Capacitor+1","Streamline+1","Turbo+1","Go for the Eyes+1","Conserve Battery","Rainbow","Parasite","BootSequence+1","Darkness+1","Seek+1","Fission+1","Glacier+1","Go for the Eyes","BootSequence+1","Auto Shields+1","Thinking Ahead","Dramatic Entrance","Aggregate","Go for the Eyes","Cold Snap","Biased Cognition"],"relics":["Cracked Core","Ginger","Orichalcum","Letter Opener","Runic Pyramid","Necronomicon","PreservedInsect","Ancient Tea Set","Art of War","Calling Bell","Bag of Marbles","Blue Candle","Dead Branch","Dream Catcher","MawBank","Meat on the Bone","Omamori","Old Coin","Bottled Lightning","OrangePellets","Lantern","Centennial Puzzle","Cables"],"potions_floor_usage":[2,8,18,24,31,48,55,55,55],"damage_taken":[{"damage":7,"enemies":"Small Slimes","floor":1,"turns":3},{"damage":1,"enemies":"2 Louse","floor":2,"turns":2},{"damage":20,"enemies":"Gremlin Nob","floor":6,"turns":4},{"damage":26,"enemies":"3 Sentries","floor":8,"turns":6},{"damage":7,"enemies":"Lagavulin","floor":10,"turns":6},{"damage":0,"enemies":"Cultist","floor":11,"turns":2},{"damage":4,"enemies":"Blue Slaver","floor":12,"turns":4},{"damage":0,"enemies":"Large Slime","floor":14,"turns":3},{"damage":17,"enemies":"Hexaghost","floor":16,"turns":7},{"damage":8,"enemies":"3 Byrds","floor":18,"turns":5},{"damage":0,"enemies":"Spheric Guardian","floor":20,"turns":4},{"damage":15,"enemies":"Snake Plant","floor":22,"turns":4},{"damage":19,"enemies":"Slavers","floor":24,"turns":5},{"damage":2,"enemies":"Book of Stabbing","floor":28,"turns":5},{"damage":10,"enemies":"Shelled Parasite and Fungi","floor":29,"turns":4},{"damage":0,"enemies":"Sentry and Sphere","floor":30,"turns":5},{"damage":1,"enemies":"Snake Plant","floor":31,"turns":4},{"damage":15,"enemies":"Champ","floor":33,"turns":9},{"damage":14,"enemies":"3 Shapes","floor":35,"turns":5},{"damage":3,"enemies":"Orb Walker","floor":36,"turns":4},{"damage":4,"enemies":"Spire Growth","floor":38,"turns":4},{"damage":1,"enemies":"3 Darklings","floor":39,"turns":9},{"damage":26,"enemies":"Nemesis","floor":40,"turns":5},{"damage":1,"enemies":"Giant Head","floor":42,"turns":5},{"damage":8,"enemies":"Writhing Mass","floor":44,"turns":6},{"damage":0,"enemies":"Reptomancer","floor":45,"turns":6},{"damage":0,"enemies":"Mind Bloom Boss Battle","floor":46,"turns":7},{"damage":1,"enemies":"Sphere and 2 Shapes","floor":47,"turns":4},{"damage":1,"enemies":"Nemesis","floor":48,"turns":5},{"damage":3,"enemies":"Time Eater","floor":50,"turns":15},{"damage":0,"enemies":"Shield and Spear","floor":54,"turns":3},{"damage":19,"enemies":"The Heart","floor":55,"turns":8}],"seed_played":"3892589405976993115","potions_obtained":[{"floor":2,"key":"Fruit Juice"},{"floor":6,"key":"Regen Potion"},{"floor":10,"key":"Energy Potion"},{"floor":11,"key":"Dexterity Potion"},{"floor":20,"key":"Strength Potion"},{"floor":24,"key":"AttackPotion"},{"floor":28,"key":"Block Potion"},{"floor":31,"key":"SteroidPotion"},{"floor":33,"key":"AttackPotion"},{"floor":39,"key":"Energy Potion"},{"floor":40,"key":"PowerPotion"},{"floor":48,"key":"Fruit Juice"}],"is_trial":false,"path_per_floor":["?","?","?","?","?","?","M","?"],"character_chosen":"DEFECT","items_purchased":["Mayhem","Hologram","AttackPotion","OrangePellets","Lantern","Centennial Puzzle","Thinking Ahead","Dramatic Entrance","Aggregate","Go for the Eyes","Cold Snap"],"campfire_rested":1,"item_purchase_floors":[3,3,53,53,53,53,53,53,53,53,53],"current_hp_per_floor":[68,72,72,56,56,43,43,39,39,39,46,49,49,56,56,39,80,79,63,70,70,62,62,50,50,50,74,79,76,80,80,80,72,80,80,77,77,80,80,61,61,67,67,66,73,80,80,84,84,85,85,85,85,85,73],"gold":394,"neow_bonus":"HUNDRED_GOLD","is_prod":false,"is_daily":false,"chose_seed":false,"campfire_upgraded":7,"win_rate":0,"timestamp":1548181218,"path_taken":["M","M","$","?","?","E","R","E","T","E","M","M","R","M","R","BOSS","M","?","M","?","M","R","E","?","T","R","E","M","M","M","R","BOSS","M","M","?","M","M","E","R","E","T","?","E","?","M","E","R","BOSS","R","$","E","BOSS"],"build_version":"2019-01-20","purchased_purges":1,"victory":true,"max_hp_per_floor":[75,80,80,80,80,80,80,80,80,80,80,80,80,80,80,80,80,80,80,80,80,80,80,80,80,80,80,80,80,80,80,80,80,80,80,80,80,80,80,80,80,80,80,80,80,80,80,85,85,85,85,85,85,85,85],"card_choices":[{"not_picked":["Rebound","Turbo"],"picked":"Ball Lightning","floor":1},{"not_picked":["Leap","Streamline"],"picked":"Self Repair","floor":2},{"not_picked":["Chill","Compile Driver"],"picked":"Ball Lightning","floor":6},{"not_picked":["Barrage","Fusion"],"picked":"Cold Snap","floor":8},{"not_picked":["Conserve Battery","Hello World"],"picked":"Biased Cognition","floor":10},{"not_picked":["Cold Snap","Self Repair"],"picked":"Defragment","floor":11},{"not_picked":["Ball Lightning","Turbo"],"picked":"Cold Snap","floor":12},{"not_picked":["Skim","White Noise"],"picked":"Conserve Battery","floor":14},{"not_picked":["Hyperbeam","Seek"],"picked":"Core Surge","floor":16},{"not_picked":["Static Discharge","Scrape"],"picked":"Steam","floor":18},{"not_picked":["Leap","Sweeping Beam"],"picked":"Steam+1","floor":20},{"not_picked":["Glacier","Leap"],"picked":"Capacitor","floor":22},{"not_picked":["Barrage","Compile Driver"],"picked":"Streamline+1","floor":24},{"not_picked":["Leap","Buffer"],"picked":"Turbo+1","floor":28},{"not_picked":["Streamline","Leap"],"picked":"Go for the Eyes","floor":29},{"not_picked":["Scrape+1","Rip and Tear","Genetic Algorithm"],"picked":"SKIP","floor":30},{"not_picked":["Compile Driver+1","Streamline+1"],"picked":"Conserve Battery","floor":31},{"not_picked":["Thunder Strike","Meteor Strike"],"picked":"Rainbow","floor":33},{"not_picked":["Chill+1","Conserve Battery+1"],"picked":"BootSequence+1","floor":35},{"not_picked":["Go for the Eyes","Reinforced Body"],"picked":"Darkness+1","floor":36},{"not_picked":["Reinforced Body+1","Leap"],"picked":"Seek","floor":38},{"not_picked":["Darkness+1","Redo","Gash"],"picked":"SKIP","floor":39},{"not_picked":["Gash+1","White Noise"],"picked":"Fission","floor":40},{"not_picked":["Barrage+1","Lockon","Hologram"],"picked":"SKIP","floor":42},{"not_picked":["Steam Power+1","Scrape+1"],"picked":"Glacier+1","floor":44},{"not_picked":["Consume+1","Fusion+1"],"picked":"Go for the Eyes","floor":45},{"not_picked":["Cold Snap","Rip and Tear+1"],"picked":"BootSequence+1","floor":46},{"not_picked":["Cold Snap+1","Gash+1","Aggregate"],"picked":"SKIP","floor":47},{"not_picked":["Ball Lightning","Static Discharge+1"],"picked":"Auto Shields+1","floor":48},{"not_picked":["Beam Cell","Compile Driver+1"],"picked":"Biased Cognition","floor":54}],"player_experience":4156963,"relics_obtained":[{"floor":6,"key":"Ginger"},{"floor":8,"key":"Orichalcum"},{"floor":10,"key":"Letter Opener"},{"floor":19,"key":"Necronomicon"},{"floor":24,"key":"PreservedInsect"},{"floor":26,"key":"Ancient Tea Set"},{"floor":28,"key":"Art of War"},{"floor":34,"key":"Bag of Marbles"},{"floor":34,"key":"Blue Candle"},{"floor":34,"key":"Dead Branch"},{"floor":40,"key":"Dream Catcher"},{"floor":42,"key":"MawBank"},{"floor":43,"key":"Meat on the Bone"},{"floor":45,"key":"Omamori"},{"floor":46,"key":"Old Coin"},{"floor":48,"key":"Bottled Lightning"},{"floor":54,"key":"Cables"}],"event_choices":[{"damage_healed":0,"gold_gain":0,"player_choice":"Entered Light","damage_taken":16,"max_hp_gain":0,"max_hp_loss":0,"event_name":"Shining Light","floor":4,"gold_loss":0,"cards_upgraded":["Zap","Mayhem"]},{"damage_healed":0,"gold_gain":100,"player_choice":"Pray","damage_taken":0,"max_hp_gain":0,"max_hp_loss":0,"event_name":"Golden Shrine","floor":5,"gold_loss":0},{"damage_healed":0,"gold_gain":0,"player_choice":"Obtained Book","damage_taken":16,"max_hp_gain":0,"max_hp_loss":0,"event_name":"Cursed Tome","floor":19,"gold_loss":0},{"damage_healed":0,"gold_gain":0,"cards_transformed":["Strike_B","Strike_B"],"player_choice":"Became Test Subject","damage_taken":0,"max_hp_gain":0,"max_hp_loss":0,"event_name":"Drug Dealer","floor":21,"gold_loss":0,"cards_obtained":["Compile Driver","Glacier"]},{"damage_healed":0,"gold_gain":0,"player_choice":"Simplicity","damage_taken":0,"max_hp_gain":0,"max_hp_loss":0,"event_name":"Back to Basics","floor":25,"gold_loss":0,"cards_upgraded":["Strike_B","Strike_B","Defend_B","Defend_B","Defend_B","Defend_B"]},{"cards_removed":["Normality"],"damage_healed":0,"gold_gain":0,"player_choice":"Card Removal","damage_taken":0,"max_hp_gain":0,"max_hp_loss":0,"event_name":"Wheel of Change","floor":37,"gold_loss":0},{"damage_healed":0,"gold_gain":0,"player_choice":"Fight","damage_taken":0,"max_hp_gain":0,"max_hp_loss":0,"event_name":"MindBloom","floor":46,"gold_loss":0}],"is_beta":true,"boss_relics":[{"not_picked":["Cursed Key","Fusion Hammer"],"picked":"Runic Pyramid"},{"not_picked":["Snecko Eye","FrozenCore"],"picked":"Calling Bell"}],"items_purged_floors":[53],"is_endless":false,"potions_floor_spawned":[2,6,10,11,20,24,28,31,33,39,40,48,54],"ascension_level":1}