{"gold_per_floor":[114,133,147,165,68,68,87,119,145,157,157,237,265,277,277,351,351,339,350,94,114,63,97,97,114,138,185,112,46,57,57],"floor_reached":31,"playtime":1553,"items_purged":["Strike_G","Strike_G"],"score":477,"play_id":"82671dce-1b33-49a9-849b-224b7391f913","local_time":"20190219225706","is_ascension_mode":true,"campfire_choices":[{"floor":6,"key":"REST"},{"floor":11,"key":"REST"},{"floor":15,"key":"REST"},{"floor":24,"key":"REST"}],"neow_cost":"NONE","seed_source_timestamp":214071976961785,"circlet_count":0,"master_deck":["AscendersBane","Defend_G","Defend_G","Defend_G+1","Defend_G","Defend_G","Strike_G","Strike_G","Strike_G","Survivor","Neutralize","Dagger Throw","Calculated Gamble","Acrobatics","Dodge and Roll+1","Poisoned Stab","All Out Attack","Noxious Fumes","Backflip","After Image","PiercingWail+1","Cloak And Dagger+1","Escape Plan+1","Dagger Spray","Noxious Fumes+1","Bouncing Flask","PiercingWail+1","Footwork","Quick Slash+1"],"relics":["Fusion Hammer","Art of War","War Paint","Anchor","WristBlade","Snake Skull","Smiling Mask","MawBank","Shuriken","Bronze Scales"],"potions_floor_usage":[8,16,16,23,31,31],"damage_taken":[{"damage":5,"enemies":"Jaw Worm","floor":1,"turns":5},{"damage":1,"enemies":"Small Slimes","floor":2,"turns":3},{"damage":0,"enemies":"2 Louse","floor":3,"turns":2},{"damage":26,"enemies":"Gremlin Gang","floor":4,"turns":7},{"damage":5,"enemies":"Exordium Thugs","floor":7,"turns":5},{"damage":24,"enemies":"Lagavulin","floor":8,"turns":8},{"damage":3,"enemies":"Exordium Wildlife","floor":10,"turns":3},{"damage":17,"enemies":"Gremlin Nob","floor":13,"turns":5},{"damage":0,"enemies":"Large Slime","floor":14,"turns":5},{"damage":11,"enemies":"Slime Boss","floor":16,"turns":12},{"damage":6,"enemies":"2 Thieves","floor":18,"turns":4},{"damage":0,"enemies":"3 Byrds","floor":19,"turns":6},{"damage":6,"enemies":"Centurion and Healer","floor":21,"turns":7},{"damage":2,"enemies":"Gremlin Leader","floor":23,"turns":7},{"damage":9,"enemies":"Cultist and Chosen","floor":25,"turns":6},{"damage":25,"enemies":"Book of Stabbing","floor":27,"turns":6},{"damage":8,"enemies":"Snake Plant","floor":30,"turns":5},{"damage":33,"enemies":"Slavers","floor":31,"turns":3}],"seed_played":"4769072131110200485","potions_obtained":[{"floor":2,"key":"PowerPotion"},{"floor":4,"key":"Explosive Potion"},{"floor":8,"key":"Energy Potion"},{"floor":13,"key":"PowerPotion"},{"floor":19,"key":"SkillPotion"},{"floor":21,"key":"EssenceOfSteel"},{"floor":23,"key":"FearPotion"}],"is_trial":false,"path_per_floor":["M","M","M","M","$","R","M","E","T","M","R","?","E","M","R","B",null,"M","M","$","M","$","E","R","M","T","E","?","$","M","E"],"character_chosen":"THE_SILENT","items_purchased":["Acrobatics","Snake Skull","Dagger Spray","Footwork"],"campfire_rested":4,"item_purchase_floors":[5,20,22,29],"current_hp_per_floor":[58,57,57,31,31,52,47,23,23,20,41,41,24,24,45,34,61,55,55,55,49,49,47,68,59,59,34,34,34,26,0],"gold":57,"neow_bonus":"BOSS_RELIC","is_prod":false,"is_daily":false,"chose_seed":false,"campfire_upgraded":0,"win_rate":0,"timestamp":1550645826,"path_taken":["M","M","M","M","$","R","M","E","T","M","R","?","E","M","R","BOSS","M","M","$","M","$","E","R","M","T","E","?","$","M","E"],"build_version":"2019-01-23","purchased_purges":2,"victory":false,"max_hp_per_floor":[70,70,70,70,70,70,70,70,70,70,70,70,70,70,70,70,70,70,70,70,70,70,70,70,70,70,70,70,70,70,70],"card_choices":[{"not_picked":["Deflect","Blade Dance","Prepared"],"picked":"SKIP","floor":1},{"not_picked":["Finisher","Sucker Punch"],"picked":"Dagger Throw","floor":2},{"not_picked":["Concentrate","Blade Dance"],"picked":"Calculated Gamble","floor":3},{"not_picked":["Bullet Time","Bane","Deflect"],"picked":"SKIP","floor":4},{"not_picked":["Reflex","Catalyst"],"picked":"Dodge and Roll","floor":7},{"not_picked":["Backflip","Skewer"],"picked":"Poisoned Stab","floor":8},{"not_picked":["Accuracy","Prepared"],"picked":"All Out Attack","floor":10},{"not_picked":["Setup","Choke"],"picked":"Noxious Fumes","floor":13},{"not_picked":["PiercingWail","Slice"],"picked":"Backflip","floor":14},{"not_picked":["Venomology","Grand Finale"],"picked":"After Image","floor":16},{"not_picked":["Backflip","Acrobatics"],"picked":"PiercingWail+1","floor":18},{"not_picked":["Acrobatics","Deadly Poison"],"picked":"Cloak And Dagger+1","floor":19},{"not_picked":["Backflip","Catalyst"],"picked":"Escape Plan+1","floor":21},{"not_picked":["Backflip","Underhanded Strike"],"picked":"Noxious Fumes+1","floor":23},{"not_picked":["Tactician","Distraction"],"picked":"Bouncing Flask","floor":25},{"not_picked":["Bouncing Flask","Underhanded Strike"],"picked":"PiercingWail+1","floor":27},{"not_picked":["Sucker Punch","Reflex"],"picked":"Quick Slash+1","floor":30}],"player_experience":208575,"relics_obtained":[{"floor":8,"key":"Art of War"},{"floor":9,"key":"War Paint"},{"floor":13,"key":"Anchor"},{"floor":23,"key":"Smiling Mask"},{"floor":26,"key":"MawBank"},{"floor":27,"key":"Shuriken"}],"event_choices":[{"damage_healed":0,"gold_gain":80,"player_choice":"Gained Gold","damage_taken":0,"max_hp_gain":0,"max_hp_loss":0,"event_name":"Golden Wing","floor":12,"gold_loss":0},{"damage_healed":0,"gold_gain":0,"player_choice":"Obtained Relic","damage_taken":0,"relics_obtained":["Bronze Scales"],"max_hp_gain":0,"max_hp_loss":0,"event_name":"Addict","floor":28,"gold_loss":85}],"is_beta":false,"boss_relics":[{"not_picked":["White Beast Statue","Velvet Choker"],"picked":"WristBlade"}],"items_purged_floors":[5,20],"is_endless":false,"potions_floor_spawned":[2,4,8,13,14,19,21,23],"killed_by":"Slavers","ascension_level":13}