{"gold_per_floor":[110,59,72,72,72,106,106,117,117,117,180,180,193,223,223,321,321,331,331,341,38,113,148,148,164,239,268,61,91,91,111,111,209,209,224,242,1241,1241,1256,1288,1288,1320,1347,756,766,766,777,794,794,794,794,794,24,51,51],"floor_reached":56,"playtime":4756,"items_purged":["Strike_B","Strike_B+1","Defend_B"],"score":1297,"play_id":"7276648d-479c-40d3-ad23-ee5b9f1e46ef","local_time":"20190215153251","is_ascension_mode":true,"campfire_choices":[{"data":"Coolheaded","floor":7.0,"key":"SMITH"},{"data":"Dualcast","floor":10.0,"key":"SMITH"},{"data":"Hologram","floor":12.0,"key":"SMITH"},{"data":"Doom and Gloom","floor":15.0,"key":"SMITH"},{"data":"Ball Lightning","floor":24.0,"key":"SMITH"},{"data":"Ball Lightning","floor":30.0,"key":"SMITH"},{"data":"Cold Snap","floor":32.0,"key":"SMITH"},{"data":"Strike_B","floor":46.0,"key":"PURGE"},{"floor":49.0,"key":"RECALL"},{"data":"Strike_B+1","floor":52.0,"key":"PURGE"}],"neow_cost":"NONE","seed_source_timestamp":16094818738454,"circlet_count":0,"master_deck":["Defend_B","Defend_B","Zap+1","Dualcast+1","Cold Snap+1","Ball Lightning+1","Coolheaded+1","Hologram+1","Ball Lightning+1","Hologram+1","Doom and Gloom+1","Capacitor+1","Buffer+1","Barrage+1","BootSequence+1","Conserve Battery+1","Loop+1","Loop+1","Coolheaded+1","Consume+1","Chill+1","Buffer+1","Chill+1","Recycle+1","Capacitor+1","Seek+1","Static Discharge+1","Double Energy+1","Skim+1","Loop+1","Static Discharge+1"],"special_seed":0,"relics":["Cracked Core","NeowsBlessing","Frozen Egg 2","Toxic Egg 2","Lantern","Letter Opener","Nuclear Battery","Omamori","Boot","Molten Egg 2","Singing Bowl","Runic Capacitor","PreservedInsect","Eternal Feather","Whetstone","Girya","Peace Pipe","Bronze Scales","DollysMirror","Pen Nib","Happy Flower"],"potions_floor_usage":[55,55],"damage_taken":[{"damage":0.0,"enemies":"2 Louse","floor":1.0,"turns":1.0},{"damage":0.0,"enemies":"Jaw Worm","floor":3.0,"turns":1.0},{"damage":0.0,"enemies":"Lagavulin","floor":6.0,"turns":1.0},{"damage":0.0,"enemies":"Cultist","floor":8.0,"turns":3.0},{"damage":6.0,"enemies":"3 Sentries","floor":11.0,"turns":5.0},{"damage":0.0,"enemies":"Looter","floor":13.0,"turns":2.0},{"damage":8.0,"enemies":"3 Sentries","floor":14.0,"turns":3.0},{"damage":13.0,"enemies":"The Guardian","floor":16.0,"turns":9.0},{"damage":0.0,"enemies":"Spheric Guardian","floor":18.0,"turns":3.0},{"damage":0.0,"enemies":"Chosen","floor":20.0,"turns":3.0},{"damage":8.0,"enemies":"Slavers","floor":23.0,"turns":4.0},{"damage":0.0,"enemies":"Centurion and Healer","floor":25.0,"turns":5.0},{"damage":9.0,"enemies":"Gremlin Leader","floor":27.0,"turns":6.0},{"damage":7.0,"enemies":"Slavers","floor":29.0,"turns":5.0},{"damage":0.0,"enemies":"Cultist and Chosen","floor":31.0,"turns":5.0},{"damage":17.0,"enemies":"Collector","floor":33.0,"turns":8.0},{"damage":0.0,"enemies":"3 Shapes","floor":35.0,"turns":3.0},{"damage":3.0,"enemies":"Orb Walker","floor":36.0,"turns":4.0},{"damage":31.0,"enemies":"Spire Growth","floor":39.0,"turns":4.0},{"damage":29.0,"enemies":"Reptomancer","floor":40.0,"turns":5.0},{"damage":15.0,"enemies":"Giant Head","floor":42.0,"turns":8.0},{"damage":0.0,"enemies":"3 Darklings","floor":45.0,"turns":4.0},{"damage":0.0,"enemies":"Jaw Worm Horde","floor":47.0,"turns":5.0},{"damage":0.0,"enemies":"Sphere and 2 Shapes","floor":48.0,"turns":8.0},{"damage":31.0,"enemies":"Time Eater","floor":50.0,"turns":13.0},{"damage":13.0,"enemies":"Shield and Spear","floor":54.0,"turns":8.0},{"damage":26,"enemies":"The Heart","floor":55,"turns":7}],"seed_played":"-6931351345412039510","potions_obtained":[{"floor":3.0,"key":"AttackPotion"},{"floor":6.0,"key":"Strength Potion"},{"floor":11.0,"key":"Strength Potion"},{"floor":13.0,"key":"Block Potion"},{"floor":16.0,"key":"Poison Potion"},{"floor":23.0,"key":"LiquidBronze"},{"floor":25.0,"key":"Fire Potion"},{"floor":27.0,"key":"GamblersBrew"},{"floor":35.0,"key":"Weak Potion"},{"floor":42.0,"key":"FocusPotion"}],"is_trial":false,"path_per_floor":["M","$","M","?","?","E","R","M","T","R","?","R","M","E","R","B",null,"M","?","M","$","?","E","R","M","T","E","$","E","R","M","R","B",null,"M","M","?","?","M","E","?","E","T","$","M","R","M","M","R","B",null,"R","$","E","B",null],"character_chosen":"DEFECT","items_purchased":["Ball Lightning","Loop+1","Omamori","Runic Capacitor","Peace Pipe","Seek+1","Static Discharge+1","Skim+1","Bronze Scales","DollysMirror","Static Discharge+1","Pen Nib"],"campfire_rested":0,"item_purchase_floors":[2,21,21,28,44,44,44,53,53,53,53,53],"current_hp_per_floor":[75,75,75,80,80,80,80,80,80,80,74,74,74,66,66,53,80,80,80,80,80,72,64,64,64,64,57,57,50,50,50,50,33,82,84,83,83,83,52,23,75,60,60,60,60,75,77,79,79,48,79,79,79,68,42],"gold":51,"neow_bonus":"THREE_ENEMY_KILL","is_prod":false,"is_daily":false,"chose_seed":false,"campfire_upgraded":7,"win_rate":0,"timestamp":1550241171,"path_taken":["M","$","M","?","?","E","R","M","T","R","?","R","?","E","R","BOSS","M","?","M","$","?","E","R","M","T","E","$","E","R","M","R","BOSS","M","M","?","?","M","E","?","E","T","?","M","R","M","M","R","BOSS","R","$","E","BOSS"],"build_version":"2019-01-23","purchased_purges":3,"victory":true,"max_hp_per_floor":[75,75,75,80,80,80,80,80,80,80,80,80,80,80,80,80,80,80,80,80,80,80,80,80,80,80,82,82,82,82,82,82,82,82,84,86,86,86,86,86,75,75,75,75,75,75,77,79,79,79,79,79,79,81,81],"card_choices":[{"not_picked":["Compile Driver","Barrage"],"picked":"Cold Snap","floor":1.0},{"not_picked":["Darkness","Fusion"],"picked":"Coolheaded","floor":3.0},{"not_picked":["Reboot","Beam Cell"],"picked":"Hologram","floor":6.0},{"not_picked":["Doom and Gloom","Go for the Eyes"],"picked":"Ball Lightning","floor":8.0},{"not_picked":["Steam+1","Force Field+1"],"picked":"Hologram+1","floor":11.0},{"not_picked":["Turbo+1","Heatsinks+1"],"picked":"Doom and Gloom","floor":13.0},{"not_picked":["Turbo+1","Blizzard"],"picked":"Capacitor+1","floor":14.0},{"not_picked":["Machine Learning+1","Multi-Cast+1"],"picked":"Buffer+1","floor":16.0},{"not_picked":["Stack+1","Compile Driver"],"picked":"Barrage+1","floor":18.0},{"not_picked":["Sweeping Beam+1","Heatsinks+1"],"picked":"Conserve Battery+1","floor":20.0},{"not_picked":["Beam Cell","Go for the Eyes+1"],"picked":"Loop+1","floor":23.0},{"not_picked":["Steam Power+1","Sunder"],"picked":"Coolheaded+1","floor":25.0},{"not_picked":["Conserve Battery+1","Compile Driver+1","Leap+1"],"picked":"Singing Bowl","floor":27.0},{"not_picked":["Rainbow+1","Rip and Tear+1"],"picked":"Consume+1","floor":29.0},{"not_picked":["Stack+1","Doom and Gloom+1"],"picked":"Chill+1","floor":31.0},{"not_picked":["Hyperbeam+1","Biased Cognition+1"],"picked":"Buffer+1","floor":33.0},{"not_picked":["Go for the Eyes+1","Streamline+1","Coolheaded+1"],"picked":"Singing Bowl","floor":35.0},{"not_picked":["Chaos+1","Hologram+1","Darkness+1"],"picked":"Singing Bowl","floor":36.0},{"not_picked":["Hello World+1","Leap+1"],"picked":"Chill+1","floor":39.0},{"not_picked":["Self Repair+1","Steam+1"],"picked":"Recycle+1","floor":40.0},{"not_picked":["Redo+1","Conserve Battery+1"],"picked":"Capacitor+1","floor":42.0},{"not_picked":["Ball Lightning+1","Doom and Gloom+1"],"picked":"Double Energy+1","floor":45.0},{"not_picked":["Rebound+1","Streamline+1","Aggregate+1"],"picked":"Singing Bowl","floor":47.0},{"not_picked":["Hologram+1","Rip and Tear+1","Rebound+1"],"picked":"Singing Bowl","floor":48.0},{"not_picked":["Barrage+1","Self Repair+1","Darkness+1"],"picked":"Singing Bowl","floor":54.0}],"player_experience":178150,"relics_obtained":[{"floor":6.0,"key":"Frozen Egg 2"},{"floor":9.0,"key":"Toxic Egg 2"},{"floor":14.0,"key":"Letter Opener"},{"floor":23.0,"key":"Boot"},{"floor":26.0,"key":"Molten Egg 2"},{"floor":27.0,"key":"Singing Bowl"},{"floor":29.0,"key":"PreservedInsect"},{"floor":40.0,"key":"Whetstone"},{"floor":42.0,"key":"Girya"},{"floor":54.0,"key":"Happy Flower"}],"event_choices":[{"damage_healed":0.0,"max_hp_gain":5.0,"max_hp_loss":0.0,"gold_gain":0.0,"event_name":"Big Fish","player_choice":"Donut","floor":4.0,"gold_loss":0.0,"damage_taken":0.0},{"damage_healed":0.0,"max_hp_gain":0.0,"max_hp_loss":0.0,"gold_gain":0.0,"event_name":"Living Wall","player_choice":"Grow","floor":5.0,"gold_loss":0.0,"damage_taken":0.0,"cards_upgraded":["Zap"]},{"damage_healed":0.0,"max_hp_gain":0.0,"max_hp_loss":0.0,"gold_gain":0.0,"event_name":"Dead Adventurer","player_choice":"Searched \u00273\u0027 times","floor":11.0,"gold_loss":0.0,"damage_taken":0.0,"relics_obtained":["Lantern"]},{"damage_healed":0.0,"max_hp_gain":0.0,"max_hp_loss":0.0,"gold_gain":0.0,"event_name":"The Library","player_choice":"Read","floor":19.0,"gold_loss":0.0,"damage_taken":0.0,"cards_obtained":["BootSequence"]},{"damage_healed":0.0,"max_hp_gain":0.0,"max_hp_loss":0.0,"gold_gain":75.0,"event_name":"FaceTrader","player_choice":"Touch","floor":22.0,"gold_loss":0.0,"damage_taken":8.0},{"damage_healed":0.0,"max_hp_gain":0.0,"max_hp_loss":0.0,"gold_gain":999.0,"event_name":"MindBloom","player_choice":"Gold","floor":37.0,"gold_loss":0.0,"damage_taken":0.0,"cards_obtained":["Normality","Normality"]},{"cards_removed":["Defend_B"],"damage_healed":0.0,"max_hp_gain":0.0,"max_hp_loss":0.0,"gold_gain":0.0,"event_name":"Falling","player_choice":"Removed Skill","floor":38.0,"gold_loss":0.0,"damage_taken":0.0},{"damage_healed":75.0,"max_hp_gain":0.0,"max_hp_loss":11.0,"gold_gain":0.0,"event_name":"The Moai Head","player_choice":"Heal","floor":41.0,"gold_loss":0.0,"damage_taken":0.0}],"is_beta":false,"boss_relics":[{"not_picked":["Coffee Dripper","Lizard Tail"],"picked":"Nuclear Battery"},{"not_picked":["White Beast Statue","Calling Bell"],"picked":"Eternal Feather"}],"items_purged_floors":[21,44,53],"is_endless":false,"potions_floor_spawned":[3,6,11,13,16,23,25,27,35,39,42],"ascension_level":1}