{"gold_per_floor":[115,115,131,150,150,184,205,205,232,232,259,259,5,16,16,111,111,122,22,22,22,22,22,50,60,60,77,109,129,145,145,145,245,245,260,273,273,273,79,79,114,124,174,220,220,236,265,276,276,276,276,276,67,92,92],"floor_reached":55,"playtime":2998,"items_purged":["Regret","Strike_R","Pain"],"score":1128,"play_id":"810250e6-ebfe-48d5-a792-f5c1d7df2d44","local_time":"20181115054805","is_ascension_mode":true,"campfire_choices":[{"data":"Inflame","floor":8,"key":"SMITH"},{"data":"Inflame","floor":10,"key":"SMITH"},{"data":"Armaments","floor":15,"key":"SMITH"},{"data":"True Grit","floor":23,"key":"SMITH"},{"data":"Bash","floor":32,"key":"SMITH"},{"data":"Limit Break","floor":40,"key":"SMITH"},{"data":"Discovery","floor":45,"key":"SMITH"},{"floor":49,"key":"RECALL"},{"data":"True Grit","floor":52,"key":"SMITH"}],"neow_cost":"PERCENT_DAMAGE","seed_source_timestamp":1817160055322757,"circlet_count":0,"master_deck":["Strike_R","Strike_R","Strike_R","Defend_R+1","Defend_R+1","Defend_R","Defend_R+1","Bash+1","Bandage Up","Finesse","Anger+1","Inflame+1","Headbutt","Inflame+1","True Grit","Reaper","Armaments+1","Feed","True Grit+1","Thunderclap","Whirlwind","Sword Boomerang","Reaper","Shrug It Off","True Grit+1","Limit Break+1","Sword Boomerang","Heavy Blade+1","Discovery+1","Impatience","Dark Shackles","Shrug It Off","Ghostly Armor","Pummel+1","Spot Weakness","Headbutt","Flash of Steel","Exhume"],"relics":["Burning Blood","Bronze Scales","Bottled Tornado","Odd Mushroom","War Paint","Red Skull","Gremlin Horn","Coffee Dripper","Nilry\u0027s Codex","Calipers","Paper Frog","Oddly Smooth Stone","Ancient Tea Set","Cursed Key","ClockworkSouvenir","Frozen Egg 2","Prayer Wheel","Lantern","Boot"],"potions_floor_usage":[6,20,30,55,55,55,55,55,55],"damage_taken":[{"damage":0,"enemies":"2 Louse","floor":1,"turns":4},{"damage":2,"enemies":"Small Slimes","floor":3,"turns":3},{"damage":1,"enemies":"Jaw Worm","floor":4,"turns":3},{"damage":14,"enemies":"3 Sentries","floor":6,"turns":7},{"damage":18,"enemies":"The Mushroom Lair","floor":7,"turns":4},{"damage":8,"enemies":"Lagavulin","floor":11,"turns":4},{"damage":1,"enemies":"Exordium Wildlife","floor":14,"turns":2},{"damage":26,"enemies":"Hexaghost","floor":16,"turns":8},{"damage":3,"enemies":"Chosen","floor":18,"turns":3},{"damage":28,"enemies":"Colosseum Slavers","floor":20,"turns":4},{"damage":36,"enemies":"Slavers","floor":24,"turns":4},{"damage":17,"enemies":"2 Thieves","floor":25,"turns":3},{"damage":16,"enemies":"Snake Plant","floor":27,"turns":4},{"damage":0,"enemies":"Gremlin Leader","floor":28,"turns":5},{"damage":1,"enemies":"Cultist and Chosen","floor":29,"turns":4},{"damage":0,"enemies":"Centurion and Healer","floor":30,"turns":2},{"damage":36,"enemies":"Champ","floor":33,"turns":10},{"damage":7,"enemies":"3 Darklings","floor":35,"turns":3},{"damage":2,"enemies":"3 Shapes","floor":36,"turns":5},{"damage":54,"enemies":"Nemesis","floor":41,"turns":7},{"damage":7,"enemies":"Jaw Worm Horde","floor":42,"turns":2},{"damage":45,"enemies":"2 Orb Walkers","floor":44,"turns":4},{"damage":21,"enemies":"3 Darklings","floor":46,"turns":3},{"damage":10,"enemies":"Reptomancer","floor":47,"turns":5},{"damage":25,"enemies":"Writhing Mass","floor":48,"turns":3},{"damage":89,"enemies":"Donu and Deca","floor":50,"turns":6},{"damage":93,"enemies":"Shield and Spear","floor":54,"turns":7}],"seed_played":"2210332151258887519","potions_obtained":[{"floor":1,"key":"GamblersBrew"},{"floor":6,"key":"GamblersBrew"},{"floor":7,"key":"Energy Potion"},{"floor":25,"key":"LiquidBronze"},{"floor":27,"key":"EntropicBrew"},{"floor":33,"key":"LiquidBronze"},{"floor":44,"key":"Strength Potion"}],"is_trial":false,"path_per_floor":["M","?","M","M","?","E","?","R","T","R","E","?","$","M","R","B",null,"M","$","?","?","?","R","E","M","T","M","E","M","M","?","R","B",null,"M","M","?","?","$","R","E","M","T","?","R","M","E","M","R","B",null,"R","$","E","B"],"character_chosen":"IRONCLAD","items_purchased":["Armaments","Feed","ClockworkSouvenir","Flash of Steel"],"campfire_rested":0,"item_purchase_floors":[13,13,39,53],"current_hp_per_floor":[66,50,58,67,55,51,43,43,43,43,45,45,45,50,50,50,83,83,83,65,49,49,49,59,52,52,58,86,100,103,103,103,107,107,110,113,113,103,103,103,78,89,89,81,81,109,117,98,98,69,117,117,117,91,0],"gold":92,"neow_bonus":"RANDOM_COLORLESS_2","is_prod":false,"is_daily":false,"chose_seed":false,"campfire_upgraded":8,"win_rate":0,"timestamp":1542278885,"path_taken":["M","?","M","M","?","E","?","R","T","R","E","?","$","?","R","BOSS","M","$","?","?","?","R","E","M","T","M","E","M","M","?","R","BOSS","M","M","?","?","$","R","E","M","T","?","R","M","E","M","R","BOSS","R","$","E","BOSS"],"build_version":"2018-11-14","purchased_purges":3,"victory":false,"max_hp_per_floor":[80,80,80,80,80,80,80,80,80,80,80,80,80,80,80,83,83,83,83,83,83,83,83,89,93,93,93,97,100,103,103,103,107,107,110,113,113,113,113,113,113,113,113,117,117,117,117,117,117,117,117,117,117,117,117],"card_choices":[{"not_picked":["Flex","Twin Strike"],"picked":"Anger","floor":1},{"not_picked":["Body Slam","Dark Embrace"],"picked":"Inflame","floor":3},{"not_picked":["Warcry","Rupture"],"picked":"Headbutt","floor":4},{"not_picked":["Shockwave","Anger"],"picked":"Inflame","floor":6},{"not_picked":["Twin Strike","Anger"],"picked":"True Grit","floor":7},{"not_picked":["Clash","Anger"],"picked":"Reaper","floor":11},{"not_picked":["Heavy Blade","Headbutt"],"picked":"True Grit","floor":14},{"not_picked":["Impervious","Dark Embrace"],"picked":"Feed","floor":16},{"not_picked":["Bloodletting","Body Slam+1"],"picked":"Thunderclap","floor":18},{"not_picked":["Corruption","Uppercut"],"picked":"Whirlwind","floor":24},{"not_picked":["Heavy Blade","Ghostly Armor"],"picked":"Sword Boomerang","floor":25},{"not_picked":["Warcry","Anger"],"picked":"Reaper","floor":27},{"not_picked":["Rampage","Warcry"],"picked":"Shrug It Off","floor":28},{"not_picked":["Thunderclap+1","True Grit","Rampage"],"picked":"SKIP","floor":29},{"not_picked":["Flame Barrier","Havoc"],"picked":"True Grit","floor":30},{"not_picked":["Feed","Barricade"],"picked":"Limit Break","floor":33},{"not_picked":["Sentinel","Armaments+1"],"picked":"Sword Boomerang","floor":35},{"not_picked":["True Grit","Feel No Pain+1"],"picked":"Heavy Blade+1","floor":36},{"not_picked":["Chrysalis","Impatience"],"picked":"Discovery","floor":38},{"not_picked":["HandOfGreed","Madness"],"picked":"Impatience","floor":38},{"not_picked":["HandOfGreed","Mind Blast"],"picked":"Dark Shackles","floor":38},{"not_picked":["Warcry+1","Hemokinesis"],"picked":"Shrug It Off","floor":41},{"not_picked":["Sword Boomerang","Armaments+1"],"picked":"Ghostly Armor","floor":42},{"not_picked":["Twin Strike","Headbutt"],"picked":"Pummel+1","floor":44},{"not_picked":["Combust+1","Searing Blow","Carnage"],"picked":"SKIP","floor":46},{"not_picked":["Perfected Strike","Flex","Rampage"],"picked":"SKIP","floor":46},{"not_picked":["Pommel Strike","Sword Boomerang+1"],"picked":"Spot Weakness","floor":47},{"not_picked":["Impervious","Metallicize+1"],"picked":"Headbutt","floor":48},{"not_picked":["Rampage+1","Pommel Strike","Cleave"],"picked":"SKIP","floor":48},{"not_picked":["Twin Strike","Anger+1"],"picked":"Exhume","floor":54}],"player_experience":3423796,"relics_obtained":[{"floor":6,"key":"Bottled Tornado"},{"floor":7,"key":"Odd Mushroom"},{"floor":9,"key":"War Paint"},{"floor":11,"key":"Red Skull"},{"floor":21,"key":"Nilry\u0027s Codex"},{"floor":24,"key":"Calipers"},{"floor":26,"key":"Paper Frog"},{"floor":28,"key":"Oddly Smooth Stone"},{"floor":41,"key":"Frozen Egg 2"},{"floor":44,"key":"Prayer Wheel"},{"floor":47,"key":"Lantern"},{"floor":54,"key":"Boot"}],"event_choices":[{"damage_healed":0,"gold_gain":0,"player_choice":"Entered Light","damage_taken":16,"max_hp_gain":0,"max_hp_loss":0,"event_name":"Shining Light","floor":2,"gold_loss":0,"cards_upgraded":["Anger","Defend_R"]},{"damage_healed":0,"gold_gain":0,"player_choice":"Success","damage_taken":12,"relics_obtained":["Bronze Scales"],"max_hp_gain":0,"max_hp_loss":0,"event_name":"Scrap Ooze","floor":5,"gold_loss":0},{"damage_healed":0,"gold_gain":0,"player_choice":"Fought Mushrooms","damage_taken":0,"max_hp_gain":0,"max_hp_loss":0,"event_name":"Mushrooms","floor":7,"gold_loss":0},{"damage_healed":0,"gold_gain":0,"player_choice":"Box","damage_taken":0,"relics_obtained":["Gremlin Horn"],"max_hp_gain":0,"max_hp_loss":0,"event_name":"Big Fish","floor":12,"gold_loss":0,"cards_obtained":["Regret"]},{"damage_healed":0,"gold_gain":0,"player_choice":"Fight","damage_taken":0,"max_hp_gain":0,"max_hp_loss":0,"event_name":"Colosseum","floor":20,"gold_loss":0},{"damage_healed":0,"gold_gain":0,"player_choice":"Fled From Nobs","damage_taken":0,"max_hp_gain":0,"max_hp_loss":0,"event_name":"Colosseum","floor":20,"gold_loss":0},{"damage_healed":0,"gold_gain":0,"player_choice":"Obtained Book","damage_taken":16,"max_hp_gain":0,"max_hp_loss":0,"event_name":"Cursed Tome","floor":21,"gold_loss":0},{"cards_removed":["Strike_R"],"damage_healed":0,"gold_gain":0,"player_choice":"Elegance","damage_taken":0,"max_hp_gain":0,"max_hp_loss":0,"event_name":"Back to Basics","floor":22,"gold_loss":0},{"damage_healed":0,"gold_gain":0,"player_choice":"Opened","damage_taken":0,"relics_obtained":["Ancient Tea Set"],"max_hp_gain":0,"max_hp_loss":0,"event_name":"The Mausoleum","floor":31,"gold_loss":0},{"cards_removed":["Feed"],"damage_healed":0,"gold_gain":0,"player_choice":"Removed Attack","damage_taken":0,"max_hp_gain":0,"max_hp_loss":0,"event_name":"Falling","floor":37,"gold_loss":0},{"damage_healed":0,"gold_gain":0,"player_choice":"Memory 3","damage_taken":10,"max_hp_gain":0,"max_hp_loss":0,"event_name":"SensoryStone","floor":38,"gold_loss":0},{"damage_healed":0,"gold_gain":0,"player_choice":"Fight","damage_taken":0,"max_hp_gain":0,"max_hp_loss":0,"event_name":"Mysterious Sphere","floor":44,"gold_loss":0}],"is_beta":true,"boss_relics":[{"not_picked":["Mark of Pain","Snecko Eye"],"picked":"Coffee Dripper"},{"not_picked":["Empty Cage","White Beast Statue"],"picked":"Cursed Key"}],"items_purged_floors":[13,19,53],"is_endless":false,"potions_floor_spawned":[1,6,7,20,25,27,33,41,44,46],"killed_by":"The Heart","ascension_level":1}