{"gold_per_floor":[113,127,127,127,127,158,171,171,195,195,226,242,242,22,22,94,94,105,105,30,49,67,67,394,394,418,256,256,273,284,209,209,282,282,300,300,319,419,439,439,439,439,464,464,492,503,503,30,30,30],"floor_reached":50,"playtime":2171,"items_purged":["Strike_B","Strike_B"],"score":1142,"play_id":"70e4b913-db53-46c0-ae94-8f27d574a6a5","local_time":"20190126012537","is_ascension_mode":true,"campfire_choices":[{"data":"Fission","floor":8.0,"key":"SMITH"},{"floor":10.0,"key":"REST"},{"data":"Defragment","floor":15.0,"key":"SMITH"},{"data":"Undo","floor":23.0,"key":"SMITH"},{"floor":25.0,"key":"REST"},{"data":"Seek","floor":28.0,"key":"SMITH"},{"floor":32.0,"key":"REST"},{"floor":40.0,"key":"RECALL"},{"data":"Biased Cognition","floor":44.0,"key":"SMITH"},{"floor":49,"key":"REST"}],"neow_cost":"NONE","seed_source_timestamp":0,"circlet_count":0,"master_deck":["AscendersBane","Defend_B","Defend_B+1","Defend_B+1","Zap","Dualcast","Steam","Sunder+1","Defragment+1","Fission+1","Creative AI","Undo+1","Ball Lightning","Reboot","Conserve Battery","Defragment+1","Undo","Seek+1","Undo","Biased Cognition+1","Stack+1","Aggregate","Force Field","Rip and Tear"],"special_seed":0,"relics":["Cracked Core","Pen Nib","Centennial Puzzle","Regal Pillow","PreservedInsect","Thread and Needle","Omamori","Snecko Eye","Old Coin","DataDisk","Lantern","Busted Crown","FossilizedHelix","Bag of Marbles","Blood Vial","Anchor"],"potions_floor_usage":[45,45,50],"damage_taken":[{"damage":0.0,"enemies":"2 Louse","floor":1.0,"turns":4.0},{"damage":5.0,"enemies":"Small Slimes","floor":2.0,"turns":3.0},{"damage":22.0,"enemies":"Lagavulin","floor":6.0,"turns":5.0},{"damage":0.0,"enemies":"Cultist","floor":7.0,"turns":2.0},{"damage":1.0,"enemies":"Gremlin Nob","floor":11.0,"turns":3.0},{"damage":0.0,"enemies":"Red Slaver","floor":12.0,"turns":3.0},{"damage":4.0,"enemies":"The Guardian","floor":16.0,"turns":11.0},{"damage":0.0,"enemies":"Spheric Guardian","floor":18.0,"turns":4.0},{"damage":11.0,"enemies":"2 Thieves","floor":21.0,"turns":3.0},{"damage":18.0,"enemies":"Snake Plant","floor":22.0,"turns":4.0},{"damage":31.0,"enemies":"Book of Stabbing","floor":24.0,"turns":4.0},{"damage":6.0,"enemies":"Centurion and Healer","floor":29.0,"turns":5.0},{"damage":20.0,"enemies":"Chosen and Byrds","floor":30.0,"turns":6.0},{"damage":23.0,"enemies":"Collector","floor":33.0,"turns":9.0},{"damage":0.0,"enemies":"Orb Walker","floor":35.0,"turns":2.0},{"damage":7.0,"enemies":"3 Shapes","floor":37.0,"turns":4.0},{"damage":0.0,"enemies":"Mind Bloom Boss Battle","floor":38.0,"turns":8.0},{"damage":0.0,"enemies":"Sphere and 2 Shapes","floor":39.0,"turns":4.0},{"damage":0,"enemies":"Giant Head","floor":45,"turns":6},{"damage":49,"enemies":"4 Shapes","floor":46,"turns":6},{"damage":59,"enemies":"Donu and Deca","floor":50,"turns":7}],"seed_played":"6951564736283195606","potions_obtained":[{"floor":2.0,"key":"EssenceOfSteel"},{"floor":6.0,"key":"SkillPotion"},{"floor":11.0,"key":"Poison Potion"},{"floor":18.0,"key":"Fire Potion"},{"floor":29.0,"key":"PowerPotion"},{"floor":30.0,"key":"Strength Potion"},{"floor":38.0,"key":"PowerPotion"},{"floor":39.0,"key":"PowerPotion"}],"is_trial":false,"path_per_floor":["M","M","?","?","?","E","M","R","T","R","E","M","?","$","R","B",null,"M","?","$","M","M","R","E","R","T","$","R","M","M","?","R","B",null,"M","?","M","?","M","R","?","T","T","R","E","M","?","$","R","B"],"character_chosen":"DEFECT","items_purchased":["Omamori","Ball Lightning","Lantern","Anchor","Force Field","LiquidBronze","Rip and Tear"],"campfire_rested":4,"item_purchase_floors":[14,14,27,48,48,48,48],"current_hp_per_floor":[64,59,59,54,33,11,11,11,11,47,46,46,39,39,39,35,62,62,62,62,51,33,33,2,38,38,38,38,32,12,12,48,25,60,60,60,53,53,53,53,67,67,67,67,67,20,20,20,56,0],"gold":30,"neow_bonus":"RANDOM_COMMON_RELIC","is_prod":false,"is_daily":false,"chose_seed":false,"campfire_upgraded":5,"win_rate":0,"timestamp":1548433537,"path_taken":["M","M","?","?","?","E","M","R","T","R","E","M","?","?","R","BOSS","M","?","?","M","M","R","E","R","T","$","R","?","M","?","R","BOSS","M","?","M","?","M","R","?","?","T","R","E","M","?","$","R","BOSS"],"build_version":"2019-01-23","purchased_purges":2,"victory":false,"max_hp_per_floor":[71,71,71,71,71,71,71,71,71,71,71,71,71,71,71,71,71,71,71,71,71,71,71,71,71,71,71,71,71,71,71,71,71,71,71,71,71,71,71,71,71,71,71,71,71,71,71,71,71,71],"card_choices":[{"not_picked":["Cold Snap","Force Field"],"picked":"Steam","floor":1.0},{"not_picked":["Double Energy","Redo"],"picked":"Sunder","floor":2.0},{"not_picked":["Barrage","Chaos"],"picked":"Defragment","floor":6.0},{"not_picked":["Consume","Darkness"],"picked":"Fission","floor":7.0},{"not_picked":["Amplify","Ball Lightning"],"picked":"Creative AI","floor":11.0},{"not_picked":["Rip and Tear","Sweeping Beam"],"picked":"Undo","floor":12.0},{"not_picked":["Hyperbeam","Multi-Cast"],"picked":"Reboot","floor":16.0},{"not_picked":["BootSequence","Cold Snap"],"picked":"Conserve Battery","floor":18.0},{"not_picked":["Redo","Streamline","Barrage"],"picked":"SKIP","floor":21.0},{"not_picked":["Hologram+1","Steam Power"],"picked":"Undo","floor":22.0},{"not_picked":["Rebound+1","Streamline"],"picked":"Seek","floor":24.0},{"not_picked":["Go for the Eyes","BootSequence+1"],"picked":"Undo","floor":29.0},{"not_picked":["Loop","Scrape","Barrage"],"picked":"SKIP","floor":30.0},{"not_picked":["Multi-Cast","Fission"],"picked":"Biased Cognition","floor":33.0},{"not_picked":["Rebound"],"picked":"SKIP","floor":35.0},{"not_picked":["Hologram"],"picked":"SKIP","floor":37.0},{"not_picked":[],"picked":"Stack+1","floor":39.0},{"not_picked":["Static Discharge"],"picked":"SKIP","floor":45},{"not_picked":[],"picked":"Aggregate","floor":46}],"player_experience":1076381,"relics_obtained":[{"floor":6.0,"key":"Regal Pillow"},{"floor":9.0,"key":"PreservedInsect"},{"floor":11.0,"key":"Thread and Needle"},{"floor":24.0,"key":"Old Coin"},{"floor":26.0,"key":"DataDisk"},{"floor":38.0,"key":"FossilizedHelix"},{"floor":43.0,"key":"Bag of Marbles"},{"floor":45,"key":"Blood Vial"}],"event_choices":[{"damage_healed":0.0,"max_hp_gain":0.0,"max_hp_loss":0.0,"gold_gain":0.0,"event_name":"Living Wall","player_choice":"Grow","floor":3.0,"gold_loss":0.0,"damage_taken":0.0,"cards_upgraded":["Sunder"]},{"damage_healed":0.0,"max_hp_gain":0.0,"max_hp_loss":0.0,"gold_gain":0.0,"event_name":"Scrap Ooze","player_choice":"Success","floor":4.0,"gold_loss":0.0,"damage_taken":5.0,"relics_obtained":["Centennial Puzzle"]},{"damage_healed":0.0,"max_hp_gain":0.0,"max_hp_loss":0.0,"gold_gain":0.0,"event_name":"Shining Light","player_choice":"Entered Light","floor":5.0,"gold_loss":0.0,"damage_taken":21.0,"cards_upgraded":["Defend_B","Defend_B"]},{"cards_removed":["Strike_B"],"damage_healed":0.0,"max_hp_gain":0.0,"max_hp_loss":0.0,"gold_gain":0.0,"event_name":"Golden Wing","player_choice":"Card Removal","floor":13.0,"gold_loss":0.0,"damage_taken":7.0},{"damage_healed":0.0,"max_hp_gain":0.0,"max_hp_loss":0.0,"gold_gain":0.0,"event_name":"Duplicator","player_choice":"Copied","floor":19.0,"gold_loss":0.0,"damage_taken":0.0,"cards_obtained":["Defragment"]},{"cards_removed":["Defend_B"],"damage_healed":0.0,"max_hp_gain":0.0,"max_hp_loss":0.0,"gold_gain":0.0,"event_name":"Beggar","player_choice":"Gave Gold","floor":31.0,"gold_loss":75.0,"damage_taken":0.0},{"damage_healed":0.0,"max_hp_gain":0.0,"max_hp_loss":0.0,"gold_gain":0.0,"event_name":"Mysterious Sphere","player_choice":"Ignored","floor":36.0,"gold_loss":0.0,"damage_taken":0.0},{"damage_healed":0.0,"max_hp_gain":0.0,"max_hp_loss":0.0,"gold_gain":0.0,"event_name":"MindBloom","player_choice":"Fight","floor":38.0,"gold_loss":0.0,"damage_taken":0.0},{"damage_healed":14.0,"max_hp_gain":0.0,"max_hp_loss":0.0,"gold_gain":0.0,"event_name":"Winding Halls","player_choice":"Writhe","floor":41.0,"gold_loss":0.0,"damage_taken":0.0,"cards_obtained":["Writhe"]},{"cards_removed":["Strike_B"],"damage_healed":0,"gold_gain":0,"player_choice":"Removed Attack","damage_taken":0,"max_hp_gain":0,"max_hp_loss":0,"event_name":"Falling","floor":47,"gold_loss":0}],"is_beta":false,"boss_relics":[{"not_picked":["White Beast Statue","FrozenCore"],"picked":"Snecko Eye"},{"not_picked":["Nuclear Battery","Tiny House"],"picked":"Busted Crown"}],"items_purged_floors":[20,48],"is_endless":false,"potions_floor_spawned":[2,6,11,18,22,29,30,38,39],"killed_by":"Donu and Deca","ascension_level":20}