{"gold_per_floor":[113,113,125,75,0,0,20,39,39,39,57,91,91,111,111,234,234,247,247,272,286,56,87,87,87],"floor_reached":25,"playtime":1270,"items_purged":["Strike_R"],"score":223,"play_id":"38712444-12a1-4a92-919a-6f1f80db3180","local_time":"20190212145511","is_ascension_mode":false,"campfire_choices":[{"data":"Pommel Strike","floor":6,"key":"SMITH"},{"data":"Cleave","floor":15,"key":"SMITH"},{"data":"Disarm","floor":24,"key":"SMITH"}],"neow_cost":"NONE","seed_source_timestamp":56127759600767,"circlet_count":0,"master_deck":["Strike_R","Strike_R","Strike_R","Defend_R","Defend_R+1","Defend_R","Defend_R","Bash","Disarm+1","Pommel Strike+1","Twin Strike","Shrug It Off","Cleave+1","Metallicize","Uppercut","Immolate","Rampage","Shrug It Off","Iron Wave","Headbutt","Battle Trance","Hemokinesis+1","Armaments","Disarm+1"],"relics":["Burning Blood","Self Forming Clay","Orichalcum","Bag of Marbles","Golden Idol","Orrery","Vajra","Boot"],"potions_floor_usage":[12,16,21],"damage_taken":[{"damage":6,"enemies":"Cultist","floor":1,"turns":3},{"damage":5,"enemies":"Small Slimes","floor":3,"turns":3},{"damage":8,"enemies":"Jaw Worm","floor":7,"turns":5},{"damage":0,"enemies":"Large Slime","floor":8,"turns":5},{"damage":5,"enemies":"2 Fungi Beasts","floor":11,"turns":5},{"damage":9,"enemies":"3 Sentries","floor":12,"turns":3},{"damage":4,"enemies":"Looter","floor":14,"turns":3},{"damage":40,"enemies":"Slime Boss","floor":16,"turns":13},{"damage":11,"enemies":"2 Thieves","floor":18,"turns":4},{"damage":8,"enemies":"3 Byrds","floor":20,"turns":6},{"damage":12,"enemies":"Snake Plant","floor":21,"turns":4},{"damage":34,"enemies":"Slavers","floor":23,"turns":5},{"damage":48,"enemies":"Gremlin Leader","floor":25,"turns":6}],"seed_played":"6957798553272615876","potions_obtained":[{"floor":1,"key":"AttackPotion"},{"floor":3,"key":"Block Potion"},{"floor":14,"key":"FearPotion"},{"floor":20,"key":"Fire Potion"},{"floor":21,"key":"SpeedPotion"}],"is_trial":false,"path_per_floor":["M","T","M","?","$","R","M","M","T","?","M","E","?","M","R","B",null,"M","?","M","M","$","E","R","E"],"character_chosen":"IRONCLAD","items_purchased":["Vajra","Disarm"],"campfire_rested":0,"item_purchase_floors":[22,22],"current_hp_per_floor":[88,88,88,88,88,88,86,88,88,70,71,68,46,48,48,14,88,83,83,81,75,75,47,47,0],"gold":87,"neow_bonus":"TEN_PERCENT_HP_BONUS","is_prod":false,"is_daily":false,"chose_seed":false,"campfire_upgraded":3,"win_rate":0,"timestamp":1549979711,"path_taken":["M","?","M","?","?","R","M","M","T","?","M","E","?","M","R","BOSS","M","?","M","M","$","E","R","E"],"build_version":"2019-01-23","purchased_purges":1,"victory":false,"max_hp_per_floor":[88,88,88,88,88,88,88,88,88,88,88,88,88,88,88,88,88,88,88,88,88,88,88,88,88],"card_choices":[{"not_picked":["Shrug It Off","Bloodletting"],"picked":"Disarm","floor":1},{"not_picked":["Wild Strike","Armaments"],"picked":"Pommel Strike","floor":3},{"not_picked":["Sever Soul","Iron Wave"],"picked":"Twin Strike","floor":7},{"not_picked":["Heavy Blade","Sever Soul"],"picked":"Shrug It Off","floor":8},{"not_picked":["Clothesline","Body Slam"],"picked":"Cleave","floor":11},{"not_picked":["Double Tap","Warcry"],"picked":"Metallicize","floor":12},{"not_picked":["Burning Pact","Reckless Charge"],"picked":"Uppercut","floor":14},{"not_picked":["Fiend Fire","Brutality"],"picked":"Immolate","floor":16},{"not_picked":["Sword Boomerang","Immolate"],"picked":"Rampage","floor":17},{"not_picked":["Entrench","Power Through"],"picked":"Shrug It Off","floor":17},{"not_picked":["Seeing Red","Shrug It Off"],"picked":"Iron Wave","floor":17},{"not_picked":["Bloodletting","Shrug It Off"],"picked":"Headbutt","floor":17},{"not_picked":["Wild Strike","Shrug It Off","Body Slam"],"picked":"SKIP","floor":18},{"not_picked":["Iron Wave","Shrug It Off+1"],"picked":"Hemokinesis+1","floor":20},{"not_picked":["Whirlwind","Burning Pact"],"picked":"Armaments","floor":21},{"not_picked":["Evolve","Thunderclap","Cleave"],"picked":"SKIP","floor":23}],"player_experience":145189,"relics_obtained":[{"floor":2,"key":"Self Forming Clay"},{"floor":9,"key":"Orichalcum"},{"floor":12,"key":"Bag of Marbles"},{"floor":23,"key":"Boot"}],"event_choices":[{"cards_removed":["Strike_R"],"damage_healed":0,"gold_gain":0,"player_choice":"Card Removal","damage_taken":0,"max_hp_gain":0,"max_hp_loss":0,"event_name":"The Cleric","floor":4,"gold_loss":50},{"damage_healed":0,"gold_gain":0,"player_choice":"Entered Light","damage_taken":18,"max_hp_gain":0,"max_hp_loss":0,"event_name":"Shining Light","floor":10,"gold_loss":0,"cards_upgraded":["Disarm","Defend_R"]},{"damage_healed":0,"gold_gain":0,"player_choice":"Take Damage","damage_taken":22,"relics_obtained":["Golden Idol"],"max_hp_gain":0,"max_hp_loss":0,"event_name":"Golden Idol","floor":13,"gold_loss":0},{"damage_healed":0,"gold_gain":0,"player_choice":"Read","damage_taken":0,"max_hp_gain":0,"max_hp_loss":0,"event_name":"The Library","floor":19,"gold_loss":0,"cards_obtained":["Battle Trance"]}],"is_beta":false,"boss_relics":[{"not_picked":["Fusion Hammer","Eternal Feather"],"picked":"Orrery"}],"items_purged_floors":[5],"is_endless":false,"potions_floor_spawned":[1,3,14,20,21],"killed_by":"Gremlin Leader","ascension_level":0}