{"gold_per_floor":[115,115,128,140,159,159],"floor_reached":6,"playtime":254,"items_purged":[],"score":63,"play_id":"00bacfd1-438c-4f8e-a0a3-550cc76764e3","local_time":"20190222093917","is_ascension_mode":true,"campfire_choices":[],"neow_cost":"NONE","seed_source_timestamp":834808078311474,"circlet_count":0,"master_deck":["AscendersBane","Defend_G","Defend_G","Defend_G","Defend_G","Defend_G","Strike_G","Strike_G","Strike_G","Strike_G","Strike_G","Survivor","Neutralize","Poisoned Stab","Quick Slash","PiercingWail","Deflect","PiercingWail","Quick Slash"],"relics":["Orrery"],"potions_floor_usage":[5],"damage_taken":[{"damage":13,"enemies":"Jaw Worm","floor":1,"turns":4},{"damage":10,"enemies":"Cultist","floor":3,"turns":5},{"damage":0,"enemies":"Small Slimes","floor":4,"turns":3},{"damage":8,"enemies":"3 Louse","floor":5,"turns":3},{"damage":63,"enemies":"Gremlin Nob","floor":6,"turns":5}],"seed_played":"3373813540975918858","potions_obtained":[{"floor":3,"key":"Explosive Potion"}],"is_trial":false,"path_per_floor":["M","?","M","M","M","E"],"character_chosen":"THE_SILENT","items_purchased":[],"campfire_rested":0,"item_purchase_floors":[],"current_hp_per_floor":[50,50,40,40,32,0],"gold":159,"neow_bonus":"BOSS_RELIC","is_prod":false,"is_daily":false,"chose_seed":false,"campfire_upgraded":0,"win_rate":0,"timestamp":1550857157,"path_taken":["M","?","M","M","M","E"],"build_version":"2019-01-23","purchased_purges":0,"victory":false,"max_hp_per_floor":[70,70,70,70,70,70],"card_choices":[{"not_picked":["Dagger Throw","Acrobatics"],"picked":"Poisoned Stab","floor":0},{"not_picked":["Sucker Punch","Terror"],"picked":"Quick Slash","floor":0},{"not_picked":["Deflect","Dodge and Roll"],"picked":"PiercingWail","floor":0},{"not_picked":["Outmaneuver","Acrobatics"],"picked":"Deflect","floor":0},{"not_picked":["Heel Hook","Eviscerate","Outmaneuver"],"picked":"SKIP","floor":1},{"not_picked":["Prepared","Masterful Stab"],"picked":"PiercingWail","floor":3},{"not_picked":["Prepared","PiercingWail"],"picked":"Quick Slash","floor":4},{"not_picked":["Choke","PiercingWail","Riddle With Holes"],"picked":"SKIP","floor":5}],"player_experience":217367,"relics_obtained":[],"event_choices":[{"damage_healed":0,"gold_gain":0,"player_choice":"Ignored","damage_taken":0,"max_hp_gain":0,"max_hp_loss":0,"event_name":"Liars Game","floor":2,"gold_loss":0}],"is_beta":false,"boss_relics":[],"items_purged_floors":[],"is_endless":false,"potions_floor_spawned":[3],"killed_by":"Gremlin Nob","ascension_level":13}