{"gold_per_floor":[113,133,133,283,57,57,69,95,151,176,176,209,209,224,224,298,298,318,243,257,257,49,49,81,81,81,96,11,11,11,38,38,115,115,130,74,0,13,30,30,61,61,61,78,98,116,131,131,131,131,131],"floor_reached":52,"playtime":1987,"items_purged":["Doubt"],"score":1876,"play_id":"391a9fe9-7094-4930-9257-a05cd26b3843","local_time":"20190130102944","is_ascension_mode":true,"campfire_choices":[{"data":"Uppercut","floor":6.0,"key":"SMITH"},{"data":"Armaments","floor":11.0,"key":"SMITH"},{"data":"Uppercut","floor":13.0,"key":"SMITH"},{"data":"Demon Form","floor":15.0,"key":"SMITH"},{"data":"Shrug It Off","floor":23.0,"key":"SMITH"},{"floor":25.0,"key":"REST"},{"data":"Double Tap","floor":32.0,"key":"SMITH"},{"floor":40,"key":"REST"},{"floor":42,"key":"REST"},{"data":"Pommel Strike","floor":49,"key":"SMITH"}],"neow_cost":"NONE","seed_source_timestamp":1731083609368642,"circlet_count":0,"master_deck":["AscendersBane","Strike_R","Strike_R","Defend_R","Defend_R","Defend_R","Defend_R","Bash","Uppercut+1","Uppercut+1","Immolate+1","Double Tap+1","Iron Wave","Armaments+1","Demon Form+1","Anger","Offering","Shrug It Off+1","Wild Strike","Immolate","Shrug It Off","Pommel Strike+1","Entrench+1","Heavy Blade+1","Limit Break+1","Dual Wield+1","Shrug It Off+1","Flame Barrier+1","Inflame","Shockwave+1","Flame Barrier+1"],"special_seed":0,"relics":["Burning Blood","NeowsBlessing","Pen Nib","Tiny Chest","Pantograph","Self Forming Clay","Runic Dome","Oddly Smooth Stone","Mummified Hand","Toxic Egg 2","Orichalcum","Ancient Tea Set","Bag of Marbles","Snecko Eye","Red Mask","Prayer Wheel","Darkstone Periapt"],"potions_floor_usage":[51,51],"damage_taken":[{"damage":0.0,"enemies":"Cultist","floor":1.0,"turns":1.0},{"damage":0.0,"enemies":"Jaw Worm","floor":2.0,"turns":1.0},{"damage":0.0,"enemies":"2 Louse","floor":7.0,"turns":1.0},{"damage":25.0,"enemies":"Lagavulin","floor":8.0,"turns":5.0},{"damage":1.0,"enemies":"Gremlin Nob","floor":10.0,"turns":3.0},{"damage":32.0,"enemies":"Lagavulin","floor":12.0,"turns":6.0},{"damage":4.0,"enemies":"Blue Slaver","floor":14.0,"turns":4.0},{"damage":27.0,"enemies":"Hexaghost","floor":16.0,"turns":6.0},{"damage":15.0,"enemies":"2 Thieves","floor":18.0,"turns":3.0},{"damage":16.0,"enemies":"Shell Parasite","floor":20.0,"turns":2.0},{"damage":30.0,"enemies":"Slavers","floor":24.0,"turns":4.0},{"damage":6.0,"enemies":"Cultist and Chosen","floor":27.0,"turns":3.0},{"damage":24.0,"enemies":"Book of Stabbing","floor":31.0,"turns":4.0},{"damage":37.0,"enemies":"Collector","floor":33.0,"turns":5.0},{"damage":16.0,"enemies":"Orb Walker","floor":35.0,"turns":4.0},{"damage":27,"enemies":"3 Darklings","floor":38,"turns":3},{"damage":6,"enemies":"Jaw Worm Horde","floor":39,"turns":3},{"damage":24,"enemies":"Nemesis","floor":41,"turns":5},{"damage":0,"enemies":"Sphere and 2 Shapes","floor":44,"turns":1},{"damage":6,"enemies":"Spire Growth","floor":45,"turns":3},{"damage":0,"enemies":"3 Darklings","floor":46,"turns":2},{"damage":0,"enemies":"Transient","floor":47,"turns":6},{"damage":36,"enemies":"Donu and Deca","floor":50,"turns":6},{"damage":41,"enemies":"Awakened One","floor":51,"turns":10}],"seed_played":"580170027326088246","potions_obtained":[{"floor":7.0,"key":"Strength Potion"},{"floor":14.0,"key":"Explosive Potion"},{"floor":16.0,"key":"SpeedPotion"},{"floor":24.0,"key":"Ancient Potion"},{"floor":27.0,"key":"Energy Potion"},{"floor":31.0,"key":"PowerPotion"},{"floor":41,"key":"Weak Potion"},{"floor":44,"key":"AttackPotion"}],"is_trial":false,"path_per_floor":["M","M","?","?","$","R","M","E","T","E","R","E","R","M","R","B",null,"M","?","M","?","$","R","E","R","T","M","?","T","?","E","R","B",null,"M","$","?","M","M","R","E","R","T","M","M","M","M","?","R","B","B",null],"character_chosen":"IRONCLAD","items_purchased":["Immolate","Oddly Smooth Stone","Shrug It Off","Shrug It Off+1"],"campfire_rested":3,"item_purchase_floors":[5,22,22,36],"current_hp_per_floor":[74,75,75,75,75,75,75,56,56,61,61,35,35,37,37,41,67,58,58,48,48,48,48,24,46,46,46,46,46,46,28,28,22,62,52,52,52,31,31,53,35,57,57,63,63,69,75,75,75,45,35],"gold":131,"neow_bonus":"THREE_ENEMY_KILL","is_prod":false,"is_daily":false,"chose_seed":false,"campfire_upgraded":7,"win_rate":0,"timestamp":1548862184,"path_taken":["M","?","?","?","$","R","M","E","T","E","R","E","R","M","R","BOSS","M","?","M","?","$","R","E","R","T","M","?","?","?","E","R","BOSS","M","$","?","M","M","R","E","R","T","M","M","M","M","?","R","BOSS","BOSS"],"build_version":"2019-01-23","purchased_purges":1,"victory":true,"max_hp_per_floor":[75,75,75,75,75,75,75,75,75,75,75,75,75,75,75,75,75,75,75,75,75,75,75,75,75,75,75,75,75,75,75,75,75,75,75,75,75,75,75,75,75,75,75,75,75,75,75,75,75,75,75],"card_choices":[{"not_picked":["Clash","Shrug It Off"],"picked":"Uppercut","floor":1.0},{"not_picked":["Clash","Flex"],"picked":"Uppercut","floor":2.0},{"not_picked":["Body Slam","Headbutt"],"picked":"Double Tap","floor":7.0},{"not_picked":["Exhume","Body Slam"],"picked":"Iron Wave","floor":8.0},{"not_picked":["Cleave","Warcry"],"picked":"Armaments","floor":10.0},{"not_picked":["Wild Strike","Armaments"],"picked":"Demon Form","floor":12.0},{"not_picked":["Havoc","True Grit"],"picked":"Anger","floor":14.0},{"not_picked":["Exhume","Demon Form"],"picked":"Offering","floor":16.0},{"not_picked":["Havoc","Clash","Clothesline"],"picked":"SKIP","floor":18.0},{"not_picked":["Hemokinesis","Cleave"],"picked":"Shrug It Off","floor":20.0},{"not_picked":["Perfected Strike","Rupture"],"picked":"Pommel Strike","floor":24.0},{"not_picked":["Flex+1","Bloodletting+1"],"picked":"Entrench+1","floor":27.0},{"not_picked":["Headbutt","Ghostly Armor+1"],"picked":"Heavy Blade+1","floor":31.0},{"not_picked":["Bludgeon","Dark Embrace"],"picked":"Limit Break+1","floor":33.0},{"not_picked":["Combust","Burning Pact+1"],"picked":"Dual Wield+1","floor":35.0},{"not_picked":["Feel No Pain","Infernal Blade+1"],"picked":"Flame Barrier+1","floor":38},{"not_picked":["Pummel","Warcry+1","Havoc+1"],"picked":"SKIP","floor":39},{"not_picked":["Thunderclap","Anger","Cleave"],"picked":"SKIP","floor":41},{"not_picked":["Havoc+1","Twin Strike"],"picked":"Inflame","floor":44},{"not_picked":["Headbutt","Havoc+1","Warcry+1"],"picked":"SKIP","floor":44},{"not_picked":["Brutality","Clothesline","Fire Breathing"],"picked":"SKIP","floor":45},{"not_picked":["Blood for Blood","Flex+1","Spot Weakness+1"],"picked":"SKIP","floor":45},{"not_picked":["Wild Strike","Iron Wave"],"picked":"Shockwave+1","floor":46},{"not_picked":["Pommel Strike+1","Iron Wave"],"picked":"Flame Barrier+1","floor":46},{"not_picked":["Sentinel+1","Spot Weakness+1","Infernal Blade+1"],"picked":"SKIP","floor":47},{"not_picked":["Headbutt+1","Clash+1","Warcry+1"],"picked":"SKIP","floor":47}],"player_experience":841888,"relics_obtained":[{"floor":8.0,"key":"Pen Nib"},{"floor":9.0,"key":"Tiny Chest"},{"floor":10.0,"key":"Pantograph"},{"floor":12.0,"key":"Self Forming Clay"},{"floor":24.0,"key":"Mummified Hand"},{"floor":26.0,"key":"Toxic Egg 2"},{"floor":29.0,"key":"Ancient Tea Set"},{"floor":31.0,"key":"Bag of Marbles"},{"floor":41,"key":"Prayer Wheel"},{"floor":43,"key":"Darkstone Periapt"}],"event_choices":[{"damage_healed":0.0,"max_hp_gain":0.0,"max_hp_loss":0.0,"gold_gain":0.0,"event_name":"The Cleric","player_choice":"Leave","floor":3.0,"gold_loss":0.0,"damage_taken":0.0},{"damage_healed":0.0,"max_hp_gain":0.0,"max_hp_loss":0.0,"gold_gain":150.0,"event_name":"Liars Game","player_choice":"AGREE","floor":4.0,"gold_loss":0.0,"damage_taken":0.0,"cards_obtained":["Doubt"]},{"cards_removed":["Strike_R"],"damage_healed":0.0,"max_hp_gain":0.0,"max_hp_loss":0.0,"gold_gain":0.0,"event_name":"Beggar","player_choice":"Gave Gold","floor":19.0,"gold_loss":75.0,"damage_taken":0.0},{"damage_healed":0.0,"max_hp_gain":0.0,"max_hp_loss":0.0,"gold_gain":0.0,"cards_transformed":["Strike_R","Strike_R"],"event_name":"Drug Dealer","player_choice":"Became Test Subject","floor":21.0,"gold_loss":0.0,"damage_taken":0.0,"cards_obtained":["Wild Strike","Immolate"]},{"damage_healed":0.0,"max_hp_gain":0.0,"max_hp_loss":0.0,"gold_gain":0.0,"event_name":"Addict","player_choice":"Obtained Relic","floor":28.0,"gold_loss":85.0,"damage_taken":0.0,"relics_obtained":["Orichalcum"]},{"damage_healed":0.0,"max_hp_gain":0.0,"max_hp_loss":0.0,"gold_gain":0.0,"event_name":"The Mausoleum","player_choice":"Ignored","floor":30.0,"gold_loss":0.0,"damage_taken":0.0},{"damage_healed":0.0,"max_hp_gain":0.0,"max_hp_loss":0.0,"gold_gain":0.0,"event_name":"Tomb of Lord Red Mask","player_choice":"Paid","floor":37.0,"gold_loss":74.0,"damage_taken":0.0,"relics_obtained":["Red Mask"]},{"damage_healed":0,"gold_gain":0,"player_choice":"Forge","damage_taken":0,"max_hp_gain":0,"max_hp_loss":0,"event_name":"Accursed Blacksmith","floor":48,"gold_loss":0,"cards_upgraded":["Immolate"]}],"is_beta":false,"boss_relics":[{"not_picked":["Tiny House","Runic Pyramid"],"picked":"Runic Dome"},{"not_picked":["Black Blood","Philosopher\u0027s Stone"],"picked":"Snecko Eye"}],"items_purged_floors":[5],"is_endless":false,"potions_floor_spawned":[7,14,16,24,27,31,41,44],"ascension_level":20}