{"gold_per_floor":[119,119,134,58,71,103,103,137,137,137,165,184,214,5,5,100,100,118,4,4,4,14,39,39,66,66,66,85,85,102,131,131,232,232,250,264,277,291,311,336,15,44,113,123,123,223,258,273,273,273,273,273,5,39,39],"floor_reached":56,"playtime":4708,"items_purged":["Pain","Writhe"],"score":1871,"play_id":"911f848f-4d05-44e3-9278-275db4156d0a","local_time":"20190216035948","is_ascension_mode":true,"campfire_choices":[{"floor":7,"key":"REST"},{"floor":10,"key":"REST"},{"data":"Defragment","floor":15,"key":"SMITH"},{"data":"Ghostly","floor":29,"key":"SMITH"},{"data":"Ghostly","floor":32,"key":"SMITH"},{"floor":45,"key":"RECALL"},{"data":"Ghostly","floor":49,"key":"SMITH"},{"data":"Ghostly","floor":52,"key":"SMITH"}],"neow_cost":"NONE","seed_source_timestamp":5326012161243922,"circlet_count":0,"master_deck":["Strike_B","Strike_B","Strike_B","Strike_B","Defend_B","Defend_B","Defend_B","Defend_B","Zap","Dualcast","Streamline","Rebound","Sweeping Beam","Defragment+1","Coolheaded","Hologram+1","Doom and Gloom+1","Leap","Loop+1","Go for the Eyes+1","Machine Learning+1","Auto Shields+1","Self Repair+1","Ghostly+1","Ghostly+1","Ghostly+1","Ghostly+1","Ghostly+1","White Noise+1","Coolheaded+1","Capacitor+1","Storm+1","Steam+1","Darkness+1","Coolheaded+1","Fission+1","Chaos+1","Force Field+1","Glacier+1","Parasite","Stack+1","Amplify+1","Cold Snap+1","Capacitor+1","Heatsinks+1","Consume+1","Turbo+1","Conserve Battery+1","Capacitor+1","Loop+1","Redo+1","Double Energy+1","White Noise+1","Heatsinks+1","Leap+1","Go for the Eyes+1"],"relics":["Black Star","WarpedTongs","Blue Candle","The Courier","Art of War","Bird Faced Urn","Pocketwatch","Frozen Egg 2","Molten Egg 2","Bag of Preparation","MawBank","Juzu Bracelet","Lee\u0027s Waffle","Runic Dome","Enchiridion","Toxic Egg 2","Sundial","War Paint","Regal Pillow","Anchor","Mercury Hourglass","Turnip","Vajra","Runic Pyramid","Dream Catcher","Dodecahedron","Bronze Scales","Centennial Puzzle","Incense Burner","Pen Nib","Emotion Chip","Orichalcum","Boot","Ornamental Fan"],"potions_floor_usage":[8,25,55,55,55],"damage_taken":[{"damage":1,"enemies":"Cultist","floor":1,"turns":4},{"damage":5,"enemies":"Small Slimes","floor":3,"turns":3},{"damage":1,"enemies":"2 Louse","floor":5,"turns":3},{"damage":25,"enemies":"Gremlin Nob","floor":6,"turns":4},{"damage":29,"enemies":"3 Sentries","floor":8,"turns":8},{"damage":26,"enemies":"Gremlin Nob","floor":11,"turns":4},{"damage":9,"enemies":"2 Fungi Beasts","floor":12,"turns":3},{"damage":1,"enemies":"Lagavulin","floor":13,"turns":6},{"damage":1,"enemies":"Slime Boss","floor":16,"turns":5},{"damage":3,"enemies":"Spheric Guardian","floor":18,"turns":4},{"damage":0,"enemies":"Chosen","floor":22,"turns":6},{"damage":0,"enemies":"Slavers","floor":23,"turns":8},{"damage":6,"enemies":"Gremlin Leader","floor":25,"turns":8},{"damage":0,"enemies":"Centurion and Healer","floor":28,"turns":3},{"damage":1,"enemies":"Chosen and Byrds","floor":30,"turns":4},{"damage":1,"enemies":"Book of Stabbing","floor":31,"turns":3},{"damage":0,"enemies":"Collector","floor":33,"turns":8},{"damage":1,"enemies":"Orb Walker","floor":35,"turns":4},{"damage":1,"enemies":"3 Darklings","floor":36,"turns":4},{"damage":1,"enemies":"Maw","floor":37,"turns":6},{"damage":1,"enemies":"Writhing Mass","floor":38,"turns":5},{"damage":3,"enemies":"Spire Growth","floor":39,"turns":3},{"damage":2,"enemies":"Reptomancer","floor":40,"turns":4},{"damage":1,"enemies":"Nemesis","floor":42,"turns":5},{"damage":1,"enemies":"3 Darklings","floor":44,"turns":1},{"damage":0,"enemies":"Mind Bloom Boss Battle","floor":46,"turns":3},{"damage":1,"enemies":"Giant Head","floor":47,"turns":6},{"damage":1,"enemies":"Sphere and 2 Shapes","floor":48,"turns":2},{"damage":0,"enemies":"Time Eater","floor":50,"turns":7},{"damage":0,"enemies":"Shield and Spear","floor":54,"turns":4},{"damage":0,"enemies":"The Heart","floor":55,"turns":5}],"seed_played":"-6189855916115894661","potions_obtained":[{"floor":6,"key":"GamblersBrew"},{"floor":11,"key":"Explosive Potion"},{"floor":12,"key":"Swift Potion"},{"floor":13,"key":"Weak Potion"},{"floor":30,"key":"Swift Potion"},{"floor":35,"key":"LiquidBronze"},{"floor":46,"key":"FocusPotion"},{"floor":47,"key":"PowerPotion"}],"is_trial":false,"path_per_floor":["M","?","M","?","M","E","R","E","T","R","E","M","E","$","R","B",null,"M","$","?","?","M","E","?","E","T","?","M","R","M","E","R","B",null,"M","M","M","M","M","E","$","E","T","M","R","?","E","M","R","B",null,"R","$","E","B",null],"character_chosen":"DEFECT","items_purchased":["Lee\u0027s Waffle","Loop+1","Go for the Eyes+1","Self Repair+1","Capacitor+1","Heatsinks+1","Consume+1","Turbo+1","Conserve Battery+1","Orichalcum","White Noise+1","Heatsinks+1","Leap+1"],"campfire_rested":2,"item_purchase_floors":[14,14,14,19,41,41,41,41,41,53,53,53,53],"current_hp_per_floor":[74,74,69,69,68,43,65,36,36,58,34,27,28,82,82,82,82,80,80,41,25,41,41,41,41,41,41,41,41,41,41,41,41,41,41,41,41,41,41,41,41,41,41,41,41,41,41,41,41,41,41,41,41,41,41],"gold":39,"neow_bonus":"BOSS_RELIC","is_prod":false,"is_daily":false,"chose_seed":false,"campfire_upgraded":5,"win_rate":0,"timestamp":1550307588,"path_taken":["M","?","?","?","M","E","R","E","T","R","E","M","E","$","R","BOSS","M","?","?","?","M","E","?","E","T","?","M","R","M","E","R","BOSS","M","M","M","M","M","E","$","E","T","M","R","?","E","M","R","BOSS","R","$","E","BOSS"],"build_version":"2019-02-06","purchased_purges":2,"victory":true,"max_hp_per_floor":[75,75,75,75,75,75,75,75,75,75,75,75,75,82,82,82,82,82,82,41,41,41,41,41,41,41,41,41,41,41,41,41,41,41,41,41,41,41,41,41,41,41,41,41,41,41,41,41,41,41,41,41,41,41,41],"card_choices":[{"not_picked":["Turbo","Leap"],"picked":"Streamline","floor":1},{"not_picked":["Steam Power","Recycle"],"picked":"Rebound","floor":3},{"not_picked":["Heatsinks","Reprogram"],"picked":"Sweeping Beam","floor":5},{"not_picked":["Hyperbeam","Go for the Eyes"],"picked":"Defragment","floor":6},{"not_picked":["Compile Driver","Doom and Gloom"],"picked":"Coolheaded","floor":8},{"not_picked":["Rebound","Heatsinks+1"],"picked":"Hologram","floor":11},{"not_picked":["Double Energy","Stack"],"picked":"Doom and Gloom+1","floor":12},{"not_picked":["Rebound+1","Genetic Algorithm"],"picked":"Leap","floor":13},{"not_picked":["Buffer+1","Seek"],"picked":"Machine Learning+1","floor":16},{"not_picked":["Steam","Sweeping Beam+1"],"picked":"Auto Shields+1","floor":18},{"not_picked":["Leap","Tempest+1"],"picked":"White Noise+1","floor":22},{"not_picked":["Recycle","Machine Learning+1"],"picked":"Coolheaded","floor":23},{"not_picked":["Turbo+1","Reprogram+1"],"picked":"Capacitor+1","floor":25},{"not_picked":["Redo+1","Barrage+1"],"picked":"Steam+1","floor":28},{"not_picked":["Skim+1","Cold Snap+1"],"picked":"Darkness+1","floor":30},{"not_picked":["Beam Cell+1","Aggregate+1"],"picked":"Coolheaded+1","floor":31},{"not_picked":["Rainbow+1","Core Surge+1"],"picked":"Fission+1","floor":33},{"not_picked":["Turbo+1","Go for the Eyes+1"],"picked":"Chaos+1","floor":35},{"not_picked":["Redo+1","Lockon+1"],"picked":"Force Field+1","floor":36},{"not_picked":["Gash+1","Coolheaded+1"],"picked":"Glacier+1","floor":37},{"not_picked":["Steam+1","Rebound+1"],"picked":"Stack+1","floor":38},{"not_picked":["Beam Cell+1","Ball Lightning+1"],"picked":"Amplify+1","floor":39},{"not_picked":["Rebound+1","Turbo+1"],"picked":"Cold Snap+1","floor":40},{"not_picked":["Barrage+1","Cold Snap+1"],"picked":"Capacitor+1","floor":42},{"not_picked":["Heatsinks+1","Conserve Battery+1"],"picked":"Loop+1","floor":44},{"not_picked":["Compile Driver+1","Skim+1"],"picked":"Redo+1","floor":46},{"not_picked":["Static Discharge+1","BootSequence+1"],"picked":"Double Energy+1","floor":47},{"not_picked":["Steam+1","Ball Lightning+1","Aggregate+1"],"picked":"SKIP","floor":48},{"not_picked":["Turbo+1","Ball Lightning+1"],"picked":"Go for the Eyes+1","floor":54}],"player_experience":4543641,"relics_obtained":[{"floor":6,"key":"The Courier"},{"floor":6,"key":"Art of War"},{"floor":8,"key":"Bird Faced Urn"},{"floor":8,"key":"Pocketwatch"},{"floor":9,"key":"Frozen Egg 2"},{"floor":11,"key":"Molten Egg 2"},{"floor":11,"key":"Bag of Preparation"},{"floor":13,"key":"MawBank"},{"floor":13,"key":"Juzu Bracelet"},{"floor":21,"key":"Enchiridion"},{"floor":23,"key":"Toxic Egg 2"},{"floor":23,"key":"Sundial"},{"floor":25,"key":"Regal Pillow"},{"floor":25,"key":"Anchor"},{"floor":26,"key":"Mercury Hourglass"},{"floor":31,"key":"Turnip"},{"floor":31,"key":"Vajra"},{"floor":40,"key":"Dream Catcher"},{"floor":40,"key":"Dodecahedron"},{"floor":42,"key":"Bronze Scales"},{"floor":42,"key":"Centennial Puzzle"},{"floor":46,"key":"Incense Burner"},{"floor":47,"key":"Pen Nib"},{"floor":47,"key":"Emotion Chip"},{"floor":54,"key":"Boot"},{"floor":54,"key":"Ornamental Fan"}],"event_choices":[{"damage_healed":0,"gold_gain":0,"player_choice":"Rummage","damage_taken":0,"relics_obtained":["WarpedTongs"],"max_hp_gain":0,"max_hp_loss":0,"event_name":"Accursed Blacksmith","floor":2,"gold_loss":0,"cards_obtained":["Pain"]},{"damage_healed":0,"gold_gain":0,"player_choice":"Paid Gold","damage_taken":0,"relics_obtained":["Blue Candle"],"max_hp_gain":0,"max_hp_loss":0,"event_name":"WeMeetAgain","floor":4,"gold_loss":76},{"damage_healed":0,"gold_gain":0,"player_choice":"Became a Ghost","damage_taken":0,"max_hp_gain":0,"max_hp_loss":41,"event_name":"Ghosts","floor":20,"gold_loss":0,"cards_obtained":["Ghostly","Ghostly","Ghostly","Ghostly","Ghostly"]},{"damage_healed":0,"gold_gain":0,"player_choice":"Obtained Book","damage_taken":16,"max_hp_gain":0,"max_hp_loss":0,"event_name":"Cursed Tome","floor":21,"gold_loss":0},{"damage_healed":0,"gold_gain":0,"player_choice":"Opened","damage_taken":0,"relics_obtained":["War Paint"],"max_hp_gain":0,"max_hp_loss":0,"event_name":"The Mausoleum","floor":24,"gold_loss":0,"cards_obtained":["Writhe"]},{"damage_healed":0,"gold_gain":0,"player_choice":"Read","damage_taken":0,"max_hp_gain":0,"max_hp_loss":0,"event_name":"The Library","floor":27,"gold_loss":0,"cards_obtained":["Storm"]},{"damage_healed":0,"gold_gain":0,"player_choice":"Fight","damage_taken":0,"max_hp_gain":0,"max_hp_loss":0,"event_name":"MindBloom","floor":46,"gold_loss":0}],"is_beta":true,"boss_relics":[{"not_picked":["Philosopher\u0027s Stone","Pandora\u0027s Box"],"picked":"Runic Dome"},{"not_picked":["Sozu","Snecko Eye"],"picked":"Runic Pyramid"}],"items_purged_floors":[19,41],"is_endless":false,"potions_floor_spawned":[6,11,12,13,16,18,22,30,33,35,37,44,46,47,54],"ascension_level":1}