{"gold_per_floor":[111,128,128,128,0,30,30,50,50,50,50,65,65,82,82,161,161,171,189,28,28,28],"floor_reached":22,"playtime":519,"items_purged":["Defend_B"],"score":368,"play_id":"9000ddb2-d84f-4e1d-b50f-da0168509d75","local_time":"20190222225248","is_ascension_mode":true,"campfire_choices":[{"floor":7,"key":"REST"},{"floor":10,"key":"REST"},{"data":"Zap","floor":13,"key":"SMITH"},{"data":"Genetic Algorithm","floor":15,"key":"SMITH"}],"neow_cost":"NONE","seed_source_timestamp":31070989826000,"circlet_count":0,"master_deck":["AscendersBane","Strike_B","Strike_B+1","Strike_B","Defend_B","Defend_B","Defend_B+1","Zap+1","Dualcast","Ball Lightning","Cold Snap","Genetic Algorithm+1","Ball Lightning","Biased Cognition","Hologram+1","Defragment"],"relics":["Cracked Core","Nunchaku","Ice Cream","Philosopher\u0027s Stone","Vajra"],"potions_floor_usage":[6,16,19,22],"damage_taken":[{"damage":2,"enemies":"Cultist","floor":1,"turns":4},{"damage":9,"enemies":"Jaw Worm","floor":2,"turns":4},{"damage":24,"enemies":"3 Sentries","floor":6,"turns":8},{"damage":0,"enemies":"Small Slimes","floor":8,"turns":2},{"damage":0,"enemies":"Exordium Wildlife","floor":12,"turns":2},{"damage":0,"enemies":"Large Slime","floor":14,"turns":4},{"damage":12,"enemies":"Slime Boss","floor":16,"turns":8},{"damage":24,"enemies":"2 Thieves","floor":18,"turns":4},{"damage":16,"enemies":"Shell Parasite","floor":19,"turns":4},{"damage":9,"enemies":"Shelled Parasite and Fungi","floor":22,"turns":1}],"seed_played":"6898046563465033628","potions_obtained":[{"floor":2,"key":"Block Potion"},{"floor":14,"key":"PowerPotion"},{"floor":16,"key":"Poison Potion"},{"floor":19,"key":"SpeedPotion"}],"is_trial":false,"path_per_floor":["M","M","?","?","$","E","R","M","T","R","?","M","R","M","R","B",null,"M","M","$","?","M"],"character_chosen":"DEFECT","items_purchased":["Cold Snap","Vajra"],"campfire_rested":2,"item_purchase_floors":[5,20],"current_hp_per_floor":[69,60,37,30,30,6,29,29,29,52,52,52,52,52,52,40,69,45,29,29,7,0],"gold":28,"neow_bonus":"TEN_PERCENT_HP_BONUS","is_prod":false,"is_daily":false,"chose_seed":false,"campfire_upgraded":2,"win_rate":0,"timestamp":1550868768,"path_taken":["M","M","?","?","$","E","R","M","T","R","?","M","R","M","R","BOSS","M","M","$","?","M"],"build_version":"2019-01-23","purchased_purges":1,"victory":false,"max_hp_per_floor":[78,78,78,78,78,78,78,78,78,78,78,78,78,78,78,78,78,78,78,78,83,83],"card_choices":[{"not_picked":["Beam Cell","Coolheaded"],"picked":"Ball Lightning","floor":1},{"not_picked":["Leap","Sweeping Beam","Tempest"],"picked":"SKIP","floor":2},{"not_picked":["Darkness","Beam Cell"],"picked":"Genetic Algorithm","floor":6},{"not_picked":["Loop","Hologram"],"picked":"Ball Lightning","floor":8},{"not_picked":["Stack","Amplify","Turbo"],"picked":"SKIP","floor":12},{"not_picked":["Stack","Amplify","Turbo"],"picked":"SKIP","floor":12},{"not_picked":["Heatsinks","Barrage","Streamline"],"picked":"SKIP","floor":14},{"not_picked":["Meteor Strike","Thunder Strike"],"picked":"Biased Cognition","floor":16},{"not_picked":["Undo","Beam Cell"],"picked":"Hologram+1","floor":18},{"not_picked":["Steam+1","Stack"],"picked":"Defragment","floor":19}],"player_experience":887472,"relics_obtained":[{"floor":6,"key":"Nunchaku"},{"floor":9,"key":"Ice Cream"}],"event_choices":[{"damage_healed":0,"gold_gain":0,"player_choice":"Entered Light","damage_taken":23,"max_hp_gain":0,"max_hp_loss":0,"event_name":"Shining Light","floor":3,"gold_loss":0,"cards_upgraded":["Strike_B","Defend_B"]},{"cards_removed":["Strike_B"],"damage_healed":0,"gold_gain":0,"player_choice":"Card Removal","damage_taken":7,"max_hp_gain":0,"max_hp_loss":0,"event_name":"Golden Wing","floor":4,"gold_loss":0},{"damage_healed":0,"gold_gain":0,"player_choice":"Ignored","damage_taken":0,"max_hp_gain":0,"max_hp_loss":0,"event_name":"Liars Game","floor":11,"gold_loss":0},{"damage_healed":0,"gold_gain":0,"player_choice":"Shed Blood","damage_taken":27,"max_hp_gain":5,"max_hp_loss":0,"event_name":"Forgotten Altar","floor":21,"gold_loss":0}],"is_beta":false,"boss_relics":[{"not_picked":["Orrery","Inserter"],"picked":"Philosopher\u0027s Stone"}],"items_purged_floors":[5],"is_endless":false,"potions_floor_spawned":[2,14,16,19],"killed_by":"Shelled Parasite and Fungi","ascension_level":20}