{"gold_per_floor":[217,232,246,196,196,196,271,285,285,317,1,29,29,64,64,165,165,177,177,190,204,204],"floor_reached":22,"playtime":1829,"items_purged":[],"score":265,"play_id":"df16a254-321f-49bf-866b-9d8aabbc29f7","local_time":"20190215143920","is_ascension_mode":true,"campfire_choices":[{"data":"Neutralize","floor":6,"key":"SMITH"},{"data":"Backflip","floor":13,"key":"SMITH"},{"data":"Well Laid Plans","floor":15,"key":"SMITH"}],"neow_cost":"NONE","seed_source_timestamp":16567665533100,"circlet_count":0,"master_deck":["Defend_G","Defend_G","Defend_G","Defend_G","Strike_G","Strike_G","Strike_G","Strike_G","Strike_G","Survivor","Neutralize+1","Dagger Throw","Backflip+1","Crippling Poison","Well Laid Plans+1","Crippling Poison","Noxious Fumes","Flying Knee+1","Burning Pact","Machine Learning","Cleave+1","Blur","Turbo+1","Leap"],"relics":["Ring of the Snake","PreservedInsect","Molten Egg 2","Bag of Marbles","PrismaticShard","Shuriken","Centennial Puzzle","Philosopher\u0027s Stone"],"potions_floor_usage":[16,16],"damage_taken":[{"damage":0,"enemies":"Cultist","floor":1,"turns":6},{"damage":0,"enemies":"2 Louse","floor":2,"turns":3},{"damage":0,"enemies":"Jaw Worm","floor":3,"turns":4},{"damage":0,"enemies":"Looter","floor":8,"turns":4},{"damage":11,"enemies":"3 Sentries","floor":10,"turns":9},{"damage":6,"enemies":"Lagavulin","floor":12,"turns":10},{"damage":6,"enemies":"3 Sentries","floor":14,"turns":4},{"damage":18,"enemies":"Slime Boss","floor":16,"turns":10},{"damage":0,"enemies":"Chosen","floor":18,"turns":5},{"damage":12,"enemies":"2 Thieves","floor":20,"turns":5},{"damage":20,"enemies":"Shelled Parasite and Fungi","floor":21,"turns":7},{"damage":11,"enemies":"Centurion and Healer","floor":22,"turns":2}],"seed_played":"3355908602414605958","potions_obtained":[{"floor":3,"key":"SteroidPotion"},{"floor":10,"key":"Block Potion"},{"floor":18,"key":"Swift Potion"}],"is_trial":false,"path_per_floor":["M","M","M","?","T","R","?","M","T","E","$","E","R","E","R","B",null,"M","?","M","M","M"],"character_chosen":"THE_SILENT","items_purchased":["PrismaticShard","Noxious Fumes","Block Potion"],"campfire_rested":0,"item_purchase_floors":[11,11,11],"current_hp_per_floor":[63,63,63,63,63,63,52,52,52,41,41,35,35,29,29,11,55,55,55,43,23,12],"gold":204,"neow_bonus":"HUNDRED_GOLD","is_prod":false,"is_daily":false,"chose_seed":false,"campfire_upgraded":3,"win_rate":0,"timestamp":1550237960,"path_taken":["M","M","?","?","?","R","?","M","T","E","$","E","R","E","R","BOSS","M","?","?","M","?"],"build_version":"2019-01-23","purchased_purges":0,"victory":false,"max_hp_per_floor":[70,70,70,70,70,70,70,70,70,70,70,70,70,70,70,70,70,70,70,70,70,70],"card_choices":[{"not_picked":["Prepared","Outmaneuver"],"picked":"Dagger Throw","floor":1},{"not_picked":["Escape Plan","Underhanded Strike"],"picked":"Backflip","floor":2},{"not_picked":["Catalyst","Blade Dance"],"picked":"Crippling Poison","floor":3},{"not_picked":["Flying Knee","Crippling Poison"],"picked":"Well Laid Plans","floor":8},{"not_picked":["Eviscerate+1","Venomology"],"picked":"Crippling Poison","floor":10},{"not_picked":["Tempest","Stack"],"picked":"Flying Knee+1","floor":12},{"not_picked":["Streamline+1","Outmaneuver"],"picked":"Burning Pact","floor":14},{"not_picked":["Transmutation","Rainbow"],"picked":"Machine Learning","floor":16},{"not_picked":["Defragment","Dagger Throw+1"],"picked":"Cleave+1","floor":18},{"not_picked":["PanicButton+1","Clothesline+1"],"picked":"Turbo+1","floor":20},{"not_picked":["Beam Cell+1","Masterful Stab+1"],"picked":"Leap","floor":21}],"player_experience":181269,"relics_obtained":[{"floor":5,"key":"PreservedInsect"},{"floor":9,"key":"Molten Egg 2"},{"floor":10,"key":"Bag of Marbles"},{"floor":12,"key":"Shuriken"},{"floor":14,"key":"Centennial Puzzle"}],"event_choices":[{"cards_removed":["Defend_G"],"damage_healed":0,"gold_gain":0,"player_choice":"Card Removal","damage_taken":0,"max_hp_gain":0,"max_hp_loss":0,"event_name":"The Cleric","floor":4,"gold_loss":50},{"damage_healed":0,"gold_gain":75,"player_choice":"Gather Gold","damage_taken":11,"max_hp_gain":0,"max_hp_loss":0,"event_name":"World of Goop","floor":7,"gold_loss":0},{"damage_healed":0,"gold_gain":0,"player_choice":"1 cards matched","damage_taken":0,"max_hp_gain":0,"max_hp_loss":0,"event_name":"Match and Keep!","floor":19,"gold_loss":0,"cards_obtained":["Blur"]}],"is_beta":false,"boss_relics":[{"not_picked":["Runic Dome","WristBlade"],"picked":"Philosopher\u0027s Stone"}],"items_purged_floors":[],"is_endless":false,"potions_floor_spawned":[3,10,14,18],"killed_by":"Centurion and Healer","ascension_level":6}