{"gold_per_floor":[111,123,123,48,48,48,68,103,103,103,136,150,150,173,173,173],"floor_reached":16,"playtime":5070,"items_purged":[],"score":215,"play_id":"c1fbc5c7-2118-4b14-82b9-828421aa0027","local_time":"20190104172211","is_ascension_mode":true,"campfire_choices":[{"data":"Zap","floor":6,"key":"SMITH"},{"floor":10,"key":"REST"},{"data":"Steam","floor":13,"key":"SMITH"},{"data":"Dualcast","floor":15,"key":"SMITH"}],"neow_cost":"NONE","seed_source_timestamp":165930557016485,"circlet_count":0,"master_deck":["AscendersBane","Strike_B","Strike_B","Defend_B","Defend_B","Defend_B","Defend_B","Zap+1","Dualcast+1","Ball Lightning","Self Repair","Stack","Steam+1","Sweeping Beam","Conserve Battery","Ball Lightning"],"relics":["Cracked Core","Golden Idol","Bag of Marbles","Mummified Hand","Juzu Bracelet"],"potions_floor_usage":[8,16],"damage_taken":[{"damage":4,"enemies":"Small Slimes","floor":1,"turns":4},{"damage":2,"enemies":"Jaw Worm","floor":2,"turns":3},{"damage":2,"enemies":"2 Louse","floor":7,"turns":3},{"damage":32,"enemies":"Gremlin Nob","floor":8,"turns":4},{"damage":18,"enemies":"Lagavulin","floor":11,"turns":8},{"damage":11,"enemies":"2 Fungi Beasts","floor":12,"turns":3},{"damage":0,"enemies":"Large Slime","floor":14,"turns":5},{"damage":26,"enemies":"Hexaghost","floor":16,"turns":9}],"seed_played":"-6559178274464842383","potions_obtained":[{"floor":7,"key":"Fire Potion"},{"floor":11,"key":"Energy Potion"},{"floor":12,"key":"SteroidPotion"}],"is_trial":false,"path_per_floor":["M","M","?","?","?","R","M","E","T","R","E","M","R","M","R","B"],"character_chosen":"DEFECT","items_purchased":[],"campfire_rested":1,"item_purchase_floors":[],"current_hp_per_floor":[67,65,38,38,31,31,36,11,11,34,23,19,19,26,26,0],"gold":173,"neow_bonus":"TEN_PERCENT_HP_BONUS","is_prod":false,"is_daily":false,"chose_seed":false,"campfire_upgraded":3,"win_rate":0,"timestamp":1546590131,"path_taken":["M","M","?","?","?","R","M","E","T","R","E","M","R","M","R","BOSS"],"build_version":"2019-01-03v3","purchased_purges":0,"victory":false,"max_hp_per_floor":[78,78,78,78,78,78,78,78,78,78,78,78,78,78,78,78],"card_choices":[{"not_picked":["Coolheaded","Steam"],"picked":"Ball Lightning","floor":1},{"not_picked":["Hello World","Leap"],"picked":"Self Repair","floor":2},{"not_picked":["Compile Driver","Fusion"],"picked":"Stack","floor":7},{"not_picked":["Gash","Rebound"],"picked":"Steam","floor":8},{"not_picked":["Blizzard","Gash"],"picked":"Sweeping Beam","floor":11},{"not_picked":["Beam Cell","Meteor Strike"],"picked":"Conserve Battery","floor":12},{"not_picked":["Static Discharge","Reprogram"],"picked":"Ball Lightning","floor":14}],"player_experience":1001451,"relics_obtained":[{"floor":8,"key":"Bag of Marbles"},{"floor":9,"key":"Mummified Hand"},{"floor":11,"key":"Juzu Bracelet"}],"event_choices":[{"damage_healed":0,"gold_gain":0,"player_choice":"Take Damage","damage_taken":27,"relics_obtained":["Golden Idol"],"max_hp_gain":0,"max_hp_loss":0,"event_name":"Golden Idol","floor":3,"gold_loss":0},{"cards_removed":["Strike_B"],"damage_healed":0,"gold_gain":0,"player_choice":"Card Removal","damage_taken":0,"max_hp_gain":0,"max_hp_loss":0,"event_name":"The Cleric","floor":4,"gold_loss":75},{"cards_removed":["Strike_B"],"damage_healed":0,"gold_gain":0,"player_choice":"Card Removal","damage_taken":7,"max_hp_gain":0,"max_hp_loss":0,"event_name":"Golden Wing","floor":5,"gold_loss":0}],"is_beta":false,"boss_relics":[],"items_purged_floors":[],"is_endless":false,"potions_floor_spawned":[7,11,12],"killed_by":"Hexaghost","ascension_level":19}