{"gold_per_floor":[359,359,138,17,17,44,44,63,88,118,130,162,237,272,272,369,369,387,24,24,24,39,74,74,99,99,131,148,148,159,159,159,264,264,282,282,24,24,35,65,65,96,96,96,126,138,157,175,175,175,175,175,32,57,57],"floor_reached":56,"playtime":3355,"items_purged":["Defend_R","Defend_R"],"score":1551,"play_id":"2c96ba5d-adf3-4fa9-a55b-4d8b9f22c7f3","local_time":"20190210050745","is_ascension_mode":true,"campfire_choices":[{"data":"Armaments","floor":7,"key":"SMITH"},{"data":"Perfected Strike","floor":15,"key":"SMITH"},{"data":"Metallicize","floor":24,"key":"SMITH"},{"data":"Barricade","floor":29,"key":"SMITH"},{"data":"Shockwave","floor":32,"key":"SMITH"},{"floor":41,"key":"RECALL"},{"data":"Bludgeon","floor":44,"key":"SMITH"},{"data":"Discovery","floor":49,"key":"SMITH"},{"data":"Discovery","floor":52,"key":"SMITH"}],"neow_cost":"PERCENT_DAMAGE","seed_source_timestamp":4813132120779541,"circlet_count":0,"master_deck":["Strike_R","Strike_R","Strike_R","Strike_R","Strike_R","Defend_R","Defend_R","Bash","Headbutt","Mayhem+1","Shrug It Off","Shrug It Off","Armaments+1","Shrug It Off","Perfected Strike+1","Metallicize+1","Thunderclap","Double Tap+1","Bludgeon+1","Iron Wave+1","Shrug It Off","Battle Trance+1","Shrug It Off+1","Barricade+1","Shockwave+1","Cleave+1","Mayhem+1","Immolate+1","Shrug It Off","Discovery+1","Discovery+1","Body Slam+1","True Grit+1","Rage+1","Warcry+1","Impervious+1","Ghostly Armor+1"],"relics":["Burning Blood","Meat on the Bone","Oddly Smooth Stone","Omamori","Matryoshka","Bronze Scales","White Beast Statue","Gremlin Horn","Sundial","Mummified Hand","PreservedInsect","Lantern","War Paint","Molten Egg 2","Mercury Hourglass","Coffee Dripper","Toxic Egg 2","Singing Bowl","Boot","Happy Flower","Regal Pillow","Bag of Preparation","Red Skull"],"potions_floor_usage":[10,14,18,25,25,33,42,50,55,55,55],"damage_taken":[{"damage":1,"enemies":"2 Louse","floor":1,"turns":3},{"damage":8,"enemies":"3 Sentries","floor":6,"turns":10},{"damage":0,"enemies":"Cultist","floor":8,"turns":3},{"damage":15,"enemies":"Gremlin Nob","floor":10,"turns":4},{"damage":0,"enemies":"Small Slimes","floor":11,"turns":4},{"damage":9,"enemies":"Lagavulin","floor":12,"turns":5},{"damage":11,"enemies":"Gremlin Nob","floor":14,"turns":5},{"damage":21,"enemies":"Slime Boss","floor":16,"turns":9},{"damage":10,"enemies":"Chosen","floor":18,"turns":4},{"damage":2,"enemies":"Spheric Guardian","floor":22,"turns":3},{"damage":0,"enemies":"Book of Stabbing","floor":23,"turns":6},{"damage":4,"enemies":"Slavers","floor":25,"turns":3},{"damage":0,"enemies":"Gremlin Leader","floor":27,"turns":4},{"damage":0,"enemies":"Centurion and Healer","floor":28,"turns":6},{"damage":7,"enemies":"Snake Plant","floor":30,"turns":4},{"damage":0,"enemies":"Champ","floor":33,"turns":11},{"damage":0,"enemies":"3 Darklings","floor":35,"turns":3},{"damage":0,"enemies":"3 Shapes","floor":39,"turns":5},{"damage":0,"enemies":"Giant Head","floor":40,"turns":6},{"damage":29,"enemies":"Nemesis","floor":42,"turns":5},{"damage":0,"enemies":"Reptomancer","floor":45,"turns":3},{"damage":0,"enemies":"Jaw Worm Horde","floor":46,"turns":2},{"damage":0,"enemies":"Transient","floor":47,"turns":5},{"damage":7,"enemies":"Maw","floor":48,"turns":5},{"damage":23,"enemies":"Time Eater","floor":50,"turns":10},{"damage":55,"enemies":"Shield and Spear","floor":54,"turns":6},{"damage":17,"enemies":"The Heart","floor":55,"turns":7}],"seed_played":"-756835510992295592","potions_obtained":[{"floor":2,"key":"Ancient Potion"},{"floor":2,"key":"Weak Potion"},{"floor":2,"key":"GamblersBrew"},{"floor":12,"key":"Block Potion"},{"floor":14,"key":"Swift Potion"},{"floor":18,"key":"Fire Potion"},{"floor":22,"key":"Explosive Potion"},{"floor":23,"key":"Fire Potion"},{"floor":25,"key":"SpeedPotion"},{"floor":27,"key":"Energy Potion"},{"floor":28,"key":"Ancient Potion"},{"floor":33,"key":"SteroidPotion"},{"floor":35,"key":"Swift Potion"},{"floor":39,"key":"PowerPotion"},{"floor":42,"key":"PowerPotion"},{"floor":54,"key":"PowerPotion"}],"is_trial":false,"path_per_floor":["M","?","$","$","?","E","R","M","T","E","M","E","?","E","R","B",null,"M","$","?","?","M","E","R","E","T","E","M","R","M","?","R","B",null,"M","?","$","?","M","E","R","E","T","R","E","M","M","M","R","B",null,"R","$","E","B",null],"character_chosen":"IRONCLAD","items_purchased":["Mayhem","Shrug It Off","Shrug It Off","Gremlin Horn","Shrug It Off","Toxic Egg 2","Bag of Preparation"],"campfire_rested":0,"item_purchase_floors":[3,3,4,19,19,37,53],"current_hp_per_floor":[61,61,61,61,61,59,59,65,65,56,62,59,48,55,55,52,80,76,76,76,76,80,80,80,80,80,80,80,80,79,79,79,80,80,80,70,70,70,76,80,80,57,57,57,65,73,79,78,78,61,84,84,84,47,48],"gold":57,"neow_bonus":"TWO_FIFTY_GOLD","is_prod":false,"is_daily":false,"chose_seed":false,"campfire_upgraded":8,"win_rate":0,"timestamp":1549793265,"path_taken":["M","?","?","$","?","E","R","?","T","E","M","E","?","E","R","BOSS","M","$","?","?","M","E","R","E","T","E","M","R","?","?","R","BOSS","M","?","$","?","M","E","R","E","T","R","E","M","?","M","R","BOSS","R","$","E","BOSS"],"build_version":"2019-02-06","purchased_purges":2,"victory":true,"max_hp_per_floor":[80,80,80,80,80,80,80,80,80,80,80,80,80,80,80,80,80,80,80,80,80,80,80,80,80,80,80,80,80,80,80,80,80,80,80,80,80,80,80,80,80,80,80,80,82,84,84,84,84,84,84,84,84,84,84],"card_choices":[{"not_picked":["Heavy Blade","Sentinel"],"picked":"Headbutt","floor":1},{"not_picked":["Blood for Blood","Cleave"],"picked":"Armaments","floor":6},{"not_picked":["Rage","Ghostly Armor"],"picked":"Shrug It Off","floor":8},{"not_picked":["Sentinel","True Grit"],"picked":"Perfected Strike","floor":10},{"not_picked":["Shrug It Off","Warcry"],"picked":"Metallicize","floor":11},{"not_picked":["Body Slam","Sever Soul"],"picked":"Thunderclap","floor":12},{"not_picked":["Headbutt","Intimidate"],"picked":"Double Tap","floor":14},{"not_picked":["Juggernaut","Dark Embrace"],"picked":"Bludgeon","floor":16},{"not_picked":["Anger","Thunderclap"],"picked":"Iron Wave+1","floor":18},{"not_picked":["Clothesline","Fire Breathing"],"picked":"Battle Trance+1","floor":22},{"not_picked":["Thunderclap","Iron Wave"],"picked":"Shrug It Off","floor":23},{"not_picked":["Armaments","Feel No Pain","Hemokinesis"],"picked":"SKIP","floor":25},{"not_picked":["Dual Wield","Clash+1"],"picked":"Barricade","floor":27},{"not_picked":["Flame Barrier","Evolve+1"],"picked":"Shockwave","floor":28},{"not_picked":["Rage","True Grit"],"picked":"Cleave+1","floor":30},{"not_picked":["Brutality","Berserk"],"picked":"Immolate+1","floor":33},{"not_picked":["Sword Boomerang+1","Blood for Blood+1"],"picked":"Shrug It Off","floor":35},{"not_picked":["Swift Strike+1","Enlightenment"],"picked":"Discovery","floor":36},{"not_picked":["Blind","Panacea"],"picked":"Discovery","floor":36},{"not_picked":["Rampage+1","Perfected Strike+1"],"picked":"Body Slam+1","floor":39},{"not_picked":["Feel No Pain+1","Intimidate+1"],"picked":"True Grit+1","floor":40},{"not_picked":["Pummel+1","Bloodletting+1"],"picked":"Rage+1","floor":42},{"not_picked":["Heavy Blade+1","Spot Weakness+1","Pommel Strike+1"],"picked":"Singing Bowl","floor":45},{"not_picked":["Wild Strike+1","Armaments+1","Twin Strike+1"],"picked":"Singing Bowl","floor":46},{"not_picked":["Sever Soul+1","Cleave+1"],"picked":"Warcry+1","floor":47},{"not_picked":["Whirlwind+1","Intimidate+1"],"picked":"Impervious+1","floor":48},{"not_picked":["Reckless Charge+1","Armaments+1"],"picked":"Ghostly Armor+1","floor":54}],"player_experience":4455824,"relics_obtained":[{"floor":6,"key":"Meat on the Bone"},{"floor":9,"key":"Oddly Smooth Stone"},{"floor":10,"key":"Omamori"},{"floor":12,"key":"Matryoshka"},{"floor":14,"key":"Bronze Scales"},{"floor":23,"key":"PreservedInsect"},{"floor":25,"key":"Lantern"},{"floor":26,"key":"War Paint"},{"floor":26,"key":"Molten Egg 2"},{"floor":27,"key":"Mercury Hourglass"},{"floor":40,"key":"Singing Bowl"},{"floor":42,"key":"Boot"},{"floor":43,"key":"Happy Flower"},{"floor":45,"key":"Regal Pillow"},{"floor":54,"key":"Red Skull"}],"event_choices":[{"damage_healed":0,"gold_gain":0,"player_choice":"Got Potions","damage_taken":0,"max_hp_gain":0,"max_hp_loss":0,"event_name":"Lab","floor":2,"gold_loss":0},{"damage_healed":0,"gold_gain":0,"player_choice":"Upgraded","damage_taken":0,"max_hp_gain":0,"max_hp_loss":0,"event_name":"Upgrade Shrine","floor":5,"gold_loss":0,"cards_upgraded":["Mayhem"]},{"damage_healed":0,"gold_gain":75,"player_choice":"Gather Gold","damage_taken":11,"max_hp_gain":0,"max_hp_loss":0,"event_name":"World of Goop","floor":13,"gold_loss":0},{"damage_healed":0,"gold_gain":0,"player_choice":"Stole Relic","damage_taken":0,"relics_obtained":["Sundial"],"max_hp_gain":0,"max_hp_loss":0,"event_name":"Addict","floor":20,"gold_loss":0,"cards_obtained":["Shame"]},{"damage_healed":0,"gold_gain":0,"player_choice":"Gave Potion","damage_taken":0,"relics_obtained":["Mummified Hand"],"max_hp_gain":0,"max_hp_loss":0,"event_name":"WeMeetAgain","floor":21,"gold_loss":0},{"damage_healed":0,"gold_gain":0,"player_choice":"Copied","damage_taken":0,"max_hp_gain":0,"max_hp_loss":0,"event_name":"Duplicator","floor":31,"gold_loss":0,"cards_obtained":["Mayhem"]},{"damage_healed":0,"gold_gain":0,"player_choice":"Memory 3","damage_taken":10,"max_hp_gain":0,"max_hp_loss":0,"event_name":"SensoryStone","floor":36,"gold_loss":0},{"damage_healed":0,"gold_gain":0,"player_choice":"Ignored","damage_taken":0,"max_hp_gain":0,"max_hp_loss":0,"event_name":"SecretPortal","floor":38,"gold_loss":0}],"is_beta":true,"boss_relics":[{"not_picked":["Pandora\u0027s Box","Empty Cage"],"picked":"White Beast Statue"},{"not_picked":["Black Blood","Lizard Tail"],"picked":"Coffee Dripper"}],"items_purged_floors":[4,19],"is_endless":false,"potions_floor_spawned":[6,12,14,18,22,23,25,27,28,30,33,35,39,40,42,45,46,47,48,54],"ascension_level":1}