{"gold_per_floor":[111,36,46,46,46,46,75,87,111,111,111,111,111,136,136,227,227,246,246,265,180,219,259,259,302,302,302,169,180,105,124,124,199,199,212,434,33,33,133,159,159,79,79,79,99,131,131,6,6,6,6,6,6,6,31,31],"floor_reached":57,"playtime":2316,"items_purged":["Strike_G","Strike_G","Writhe"],"score":2755,"play_id":"10d67f53-302e-4c20-9a82-06a79d060362","local_time":"20190220015735","is_ascension_mode":true,"campfire_choices":[{"data":"Footwork","floor":6.0,"key":"SMITH"},{"data":"Neutralize","floor":13.0,"key":"SMITH"},{"data":"Bouncing Flask","floor":15.0,"key":"SMITH"},{"floor":24.0,"key":"REST"},{"floor":32.0,"key":"REST"},{"data":"Bane","floor":41.0,"key":"SMITH"},{"floor":44.0,"key":"RECALL"},{"data":"Bane","floor":49.0,"key":"SMITH"},{"data":"Strike_G","floor":53.0,"key":"PURGE"}],"neow_cost":"NONE","seed_source_timestamp":87533179275800,"circlet_count":0,"master_deck":["AscendersBane","Defend_G","Defend_G","Defend_G","Strike_G","Survivor","Neutralize+1","Bouncing Flask+1","Footwork+1","Leg Sweep+1","Dagger Spray","Bane+1","Burst+1","PiercingWail+1","Dodge and Roll+1","Corpse Explosion+1","Doppelganger+1","Deadly Poison+1","Burst+1","Crippling Poison+1","Deadly Poison+1","Adrenaline+1","Bane+1","Catalyst+1","Bane+1","Malaise+1","After Image"],"special_seed":0,"relics":["Peace Pipe","Toxic Egg 2","Juzu Bracelet","PreservedInsect","Bloody Idol","Snecko Eye","Nloth\u0027s Gift","Pen Nib","Red Mask","Ancient Tea Set","Darkstone Periapt","Singing Bowl","Cursed Key","Bag of Preparation","Incense Burner","Prayer Wheel","Happy Flower","Gremlin Horn"],"potions_floor_usage":[56,56],"damage_taken":[{"damage":9.0,"enemies":"Jaw Worm","floor":1.0,"turns":7.0},{"damage":5.0,"enemies":"Small Slimes","floor":3.0,"turns":4.0},{"damage":11.0,"enemies":"Lagavulin","floor":7.0,"turns":6.0},{"damage":0.0,"enemies":"Cultist","floor":8.0,"turns":4.0},{"damage":0.0,"enemies":"Looter","floor":14.0,"turns":3.0},{"damage":13.0,"enemies":"The Guardian","floor":16.0,"turns":10.0},{"damage":0.0,"enemies":"Spheric Guardian","floor":18.0,"turns":4.0},{"damage":0.0,"enemies":"Chosen","floor":20.0,"turns":3.0},{"damage":32.0,"enemies":"Masked Bandits","floor":22.0,"turns":6.0},{"damage":28.0,"enemies":"Gremlin Leader","floor":23.0,"turns":6.0},{"damage":0.0,"enemies":"Book of Stabbing","floor":25.0,"turns":5.0},{"damage":0.0,"enemies":"Snecko","floor":29.0,"turns":5.0},{"damage":14.0,"enemies":"Shelled Parasite and Fungi","floor":31.0,"turns":5.0},{"damage":2.0,"enemies":"Collector","floor":33.0,"turns":7.0},{"damage":0.0,"enemies":"3 Darklings","floor":35.0,"turns":3.0},{"damage":12.0,"enemies":"Mind Bloom Boss Battle","floor":39.0,"turns":7.0},{"damage":13.0,"enemies":"Giant Head","floor":40.0,"turns":7.0},{"damage":4.0,"enemies":"Orb Walker","floor":45.0,"turns":3.0},{"damage":1.0,"enemies":"Nemesis","floor":46.0,"turns":5.0},{"damage":17.0,"enemies":"Donu and Deca","floor":50.0,"turns":4.0},{"damage":28.0,"enemies":"Awakened One","floor":51.0,"turns":15.0},{"damage":51.0,"enemies":"Shield and Spear","floor":55.0,"turns":6.0},{"damage":11,"enemies":"The Heart","floor":56,"turns":9}],"seed_played":"1099943973962392844","potions_obtained":[{"floor":1.0,"key":"LiquidBronze"},{"floor":10.0,"key":"GhostInAJar"},{"floor":10.0,"key":"SneckoOil"},{"floor":16.0,"key":"Regen Potion"},{"floor":23.0,"key":"AttackPotion"},{"floor":25.0,"key":"Strength Potion"},{"floor":31.0,"key":"GhostInAJar"}],"is_trial":false,"path_per_floor":["M","?","M","T","?","R","E","M","T","?","?","?","R","M","R","B",null,"M","?","M","?","?","E","R","E","T","?","$","M","?","M","R","B",null,"M","?","$","?","?","E","R","$","T","R","M","E","?","$","R","B","B",null,"R","$","E","B",null],"character_chosen":"THE_SILENT","items_purchased":["Deadly Poison+1","Bag of Preparation","Deadly Poison+1","GhostInAJar","Catalyst+1"],"campfire_rested":2,"item_purchase_floors":[28,37,37,37,42],"current_hp_per_floor":[56,56,51,51,33,33,22,22,22,22,22,22,22,22,22,9,56,56,56,56,56,39,11,32,32,32,32,32,39,39,32,54,57,71,76,76,76,76,69,61,61,61,67,67,70,74,74,74,74,57,29,67,67,67,21,10],"gold":31,"neow_bonus":"TEN_PERCENT_HP_BONUS","is_prod":false,"is_daily":false,"chose_seed":false,"campfire_upgraded":5,"win_rate":0,"timestamp":1550595455,"path_taken":["M","?","M","?","?","R","E","M","T","?","?","?","R","M","R","BOSS","M","?","M","?","?","E","R","E","T","?","?","M","?","M","R","BOSS","M","?","$","?","?","E","R","?","T","R","M","E","?","$","R","BOSS","BOSS","R","$","E","BOSS"],"build_version":"2019-01-23","purchased_purges":3,"victory":true,"max_hp_per_floor":[72,72,72,72,72,72,72,72,72,72,72,72,72,72,72,72,72,72,72,72,72,72,72,72,72,72,72,72,74,74,76,76,76,76,76,76,76,76,76,76,76,76,82,82,84,84,80,80,80,80,80,80,80,80,80,80],"card_choices":[{"not_picked":["Crippling Poison","Blade Dance"],"picked":"Bouncing Flask","floor":1.0},{"not_picked":["Flying Knee","Underhanded Strike"],"picked":"Footwork","floor":3.0},{"not_picked":["Backflip+1","Tools of the Trade"],"picked":"Leg Sweep+1","floor":7.0},{"not_picked":["Expertise+1","Endless Agony"],"picked":"Dagger Spray","floor":8.0},{"not_picked":["Predator","Quick Slash"],"picked":"Bane","floor":14.0},{"not_picked":["Adrenaline+1","Night Terror+1"],"picked":"Burst+1","floor":16.0},{"not_picked":["Poisoned Stab","Blade Dance+1","Slice"],"picked":"SKIP","floor":18.0},{"not_picked":["Well Laid Plans","Expertise+1"],"picked":"PiercingWail+1","floor":20.0},{"not_picked":["Quick Slash","Outmaneuver+1"],"picked":"Dodge and Roll+1","floor":22.0},{"not_picked":["Setup+1","Escape Plan+1"],"picked":"Corpse Explosion+1","floor":23.0},{"not_picked":["Skewer","Bullet Time+1"],"picked":"Doppelganger+1","floor":25.0},{"not_picked":["Flechettes","Dagger Throw","Blade Dance+1"],"picked":"Singing Bowl","floor":29.0},{"not_picked":["Slice","Flechettes","Flying Knee"],"picked":"Singing Bowl","floor":31.0},{"not_picked":["Bullet Time+1","Unload"],"picked":"Burst+1","floor":33.0},{"not_picked":["Caltrops+1","Underhanded Strike"],"picked":"Crippling Poison+1","floor":35.0},{"not_picked":["Acrobatics+1","Underhanded Strike+1"],"picked":"Adrenaline+1","floor":39.0},{"not_picked":["Deflect+1","Dagger Throw"],"picked":"Bane","floor":40.0},{"not_picked":["Accuracy","All Out Attack"],"picked":"Bane+1","floor":45.0},{"not_picked":["Endless Agony","Predator","Sucker Punch"],"picked":"Singing Bowl","floor":45.0},{"not_picked":["Wraith Form v2","Poisoned Stab"],"picked":"Malaise+1","floor":46.0},{"not_picked":["Poisoned Stab+1","Burst+1"],"picked":"After Image","floor":55.0}],"player_experience":1141830,"relics_obtained":[{"floor":4.0,"key":"Peace Pipe"},{"floor":7.0,"key":"Juzu Bracelet"},{"floor":9.0,"key":"PreservedInsect"},{"floor":22.0,"key":"Red Mask"},{"floor":23.0,"key":"Ancient Tea Set"},{"floor":25.0,"key":"Darkstone Periapt"},{"floor":26.0,"key":"Singing Bowl"},{"floor":39.0,"key":"Incense Burner"},{"floor":40.0,"key":"Prayer Wheel"},{"floor":46.0,"key":"Happy Flower"},{"floor":55.0,"key":"Gremlin Horn"}],"event_choices":[{"cards_removed":["Strike_G"],"damage_healed":0.0,"max_hp_gain":0.0,"max_hp_loss":0.0,"gold_gain":0.0,"event_name":"The Cleric","player_choice":"Card Removal","floor":2.0,"gold_loss":75.0,"damage_taken":0.0},{"damage_healed":0.0,"max_hp_gain":0.0,"max_hp_loss":0.0,"gold_gain":0.0,"event_name":"Scrap Ooze","player_choice":"Success","floor":5.0,"gold_loss":0.0,"damage_taken":18.0,"relics_obtained":["Toxic Egg 2"]},{"damage_healed":0.0,"max_hp_gain":0.0,"max_hp_loss":0.0,"gold_gain":0.0,"event_name":"Lab","player_choice":"Got Potions","floor":10.0,"gold_loss":0.0,"damage_taken":0.0},{"cards_removed":["Defend_G"],"damage_healed":0.0,"max_hp_gain":0.0,"max_hp_loss":0.0,"gold_gain":0.0,"event_name":"Living Wall","player_choice":"Forget","floor":11.0,"gold_loss":0.0,"damage_taken":0.0},{"damage_healed":0.0,"max_hp_gain":0.0,"max_hp_loss":0.0,"gold_gain":0.0,"event_name":"Golden Idol","player_choice":"Take Wound","floor":12.0,"gold_loss":0.0,"damage_taken":0.0,"relics_obtained":["Golden Idol"],"cards_obtained":["Injury"]},{"damage_healed":0.0,"max_hp_gain":0.0,"max_hp_loss":0.0,"gold_gain":0.0,"event_name":"N\u0027loth","player_choice":"Traded Relic","floor":19.0,"relics_lost":["Ring of the Snake"],"gold_loss":0.0,"damage_taken":0.0,"relics_obtained":["Nloth\u0027s Gift"]},{"damage_healed":0.0,"max_hp_gain":0.0,"max_hp_loss":0.0,"gold_gain":0.0,"event_name":"Addict","player_choice":"Obtained Relic","floor":21.0,"gold_loss":85.0,"damage_taken":0.0,"relics_obtained":["Pen Nib"]},{"damage_healed":0.0,"max_hp_gain":0.0,"max_hp_loss":0.0,"gold_gain":0.0,"event_name":"Masked Bandits","player_choice":"Fought Bandits","floor":22.0,"gold_loss":0.0,"damage_taken":0.0},{"damage_healed":0.0,"max_hp_gain":0.0,"max_hp_loss":0.0,"gold_gain":0.0,"event_name":"Forgotten Altar","player_choice":"Gave Idol","floor":27.0,"relics_lost":["Golden Idol"],"gold_loss":0.0,"damage_taken":0.0,"relics_obtained":["Bloody Idol"]},{"cards_removed":["Injury"],"damage_healed":0.0,"max_hp_gain":0.0,"max_hp_loss":0.0,"gold_gain":0.0,"event_name":"Beggar","player_choice":"Gave Gold","floor":30.0,"gold_loss":75.0,"damage_taken":0.0},{"damage_healed":0.0,"max_hp_gain":0.0,"max_hp_loss":0.0,"gold_gain":222.0,"event_name":"Tomb of Lord Red Mask","player_choice":"Wore Mask","floor":36.0,"gold_loss":0.0,"damage_taken":0.0},{"cards_removed":["Defend_G"],"damage_healed":0.0,"max_hp_gain":0.0,"max_hp_loss":0.0,"gold_gain":0.0,"event_name":"Falling","player_choice":"Removed Skill","floor":38.0,"gold_loss":0.0,"damage_taken":0.0},{"damage_healed":0.0,"max_hp_gain":0.0,"max_hp_loss":0.0,"gold_gain":0.0,"event_name":"MindBloom","player_choice":"Fight","floor":39.0,"gold_loss":0.0,"damage_taken":0.0},{"damage_healed":0.0,"max_hp_gain":0.0,"max_hp_loss":4.0,"gold_gain":0.0,"event_name":"Winding Halls","player_choice":"Max HP","floor":47.0,"gold_loss":0.0,"damage_taken":0.0}],"is_beta":false,"boss_relics":[{"not_picked":["Ectoplasm","WristBlade"],"picked":"Snecko Eye"},{"not_picked":["HoveringKite","Calling Bell"],"picked":"Cursed Key"}],"items_purged_floors":[28,37,48],"is_endless":false,"potions_floor_spawned":[1,16,23,25,31,39,46],"ascension_level":20}