{"gold_per_floor":[110,110,56,69,69,69,100,100,124,141,161,161,180,212,212,212],"floor_reached":16,"playtime":575,"items_purged":[],"score":270,"play_id":"2e26c91c-f6e5-486f-8b99-8346c0111e10","local_time":"20190211205118","is_ascension_mode":true,"campfire_choices":[{"data":"Neutralize","floor":6.0,"key":"SMITH"},{"data":"Deadly Poison","floor":8.0,"key":"SMITH"},{"data":"Crippling Poison","floor":12.0,"key":"SMITH"},{"floor":15.0,"key":"REST"}],"neow_cost":"NONE","seed_source_timestamp":2806656026641062,"circlet_count":0,"master_deck":["AscendersBane","Defend_G","Defend_G","Defend_G","Defend_G+1","Defend_G","Strike_G","Strike_G","Strike_G","Strike_G","Strike_G","Survivor+1","Neutralize+1","Footwork","Cloak And Dagger","Deadly Poison+1","Dash","Dodge and Roll","Crippling Poison+1","PiercingWail","Poisoned Stab"],"special_seed":0,"relics":["Ring of the Snake","NeowsBlessing","War Paint","Matryoshka","Blood Vial","Smiling Mask","Centennial Puzzle","Incense Burner"],"potions_floor_usage":[16],"damage_taken":[{"damage":0.0,"enemies":"Cultist","floor":1.0,"turns":1.0},{"damage":0.0,"enemies":"2 Louse","floor":4.0,"turns":1.0},{"damage":0.0,"enemies":"Lagavulin","floor":7.0,"turns":3.0},{"damage":0.0,"enemies":"Jaw Worm","floor":10.0,"turns":4.0},{"damage":0.0,"enemies":"3 Louse","floor":11.0,"turns":4.0},{"damage":4.0,"enemies":"Exordium Thugs","floor":13.0,"turns":7.0},{"damage":48.0,"enemies":"Gremlin Nob","floor":14.0,"turns":5.0},{"damage":31,"enemies":"Slime Boss","floor":16,"turns":9}],"seed_played":"-2083261926403954258","potions_obtained":[{"floor":1.0,"key":"Fire Potion"},{"floor":7.0,"key":"Strength Potion"}],"is_trial":false,"path_per_floor":["M","?","$","M","?","R","E","R","T","M","M","R","M","E","R","B"],"character_chosen":"THE_SILENT","items_purchased":["Cloak And Dagger"],"campfire_rested":1,"item_purchase_floors":[3],"current_hp_per_floor":[59,54,54,54,54,54,54,54,54,56,58,58,56,10,29,0],"gold":212,"neow_bonus":"THREE_ENEMY_KILL","is_prod":false,"is_daily":false,"chose_seed":false,"campfire_upgraded":3,"win_rate":0,"timestamp":1549936278,"path_taken":["M","?","$","M","?","R","E","R","T","M","M","R","?","E","R","BOSS"],"build_version":"2019-01-23","purchased_purges":0,"victory":false,"max_hp_per_floor":[66,66,66,66,66,66,66,66,66,66,66,66,66,66,66,66],"card_choices":[{"not_picked":["Concentrate","Flechettes"],"picked":"Footwork","floor":1.0},{"not_picked":["Prepared","Cloak And Dagger"],"picked":"Deadly Poison","floor":4.0},{"not_picked":["Dodge and Roll","Blur"],"picked":"Dash","floor":7.0},{"not_picked":["Blade Dance","Slice"],"picked":"Dodge and Roll","floor":10.0},{"not_picked":["Slice","Backflip"],"picked":"Crippling Poison","floor":11.0},{"not_picked":["Backflip","Deadly Poison"],"picked":"PiercingWail","floor":13.0},{"not_picked":["Bane","Expertise"],"picked":"Poisoned Stab","floor":14.0}],"player_experience":927652,"relics_obtained":[{"floor":5.0,"key":"Matryoshka"},{"floor":7.0,"key":"Blood Vial"},{"floor":9.0,"key":"Smiling Mask"},{"floor":9.0,"key":"Centennial Puzzle"},{"floor":14.0,"key":"Incense Burner"}],"event_choices":[{"damage_healed":0.0,"max_hp_gain":0.0,"max_hp_loss":0.0,"gold_gain":0.0,"event_name":"Scrap Ooze","player_choice":"Success","floor":2.0,"gold_loss":0.0,"damage_taken":5.0,"relics_obtained":["War Paint"]},{"damage_healed":0.0,"max_hp_gain":0.0,"max_hp_loss":0.0,"gold_gain":0.0,"event_name":"Wheel of Change","player_choice":"Relic","floor":5.0,"gold_loss":0.0,"damage_taken":0.0}],"is_beta":false,"boss_relics":[],"items_purged_floors":[],"is_endless":false,"potions_floor_spawned":[1,7,10,13],"killed_by":"Slime Boss","ascension_level":20}