{"gold_per_floor":[113,128,128,128,88,119,133,162,162,162,162,175,186,113,113,113],"floor_reached":16,"playtime":794,"items_purged":["Regret"],"score":126,"play_id":"d871fab6-ba47-434a-9aa6-a207c1f2967b","local_time":"20190121183147","is_ascension_mode":true,"campfire_choices":[{"floor":15,"key":"REST"}],"neow_cost":"CURSE","seed_source_timestamp":544831766947325,"circlet_count":0,"master_deck":["Strike_R","Strike_R","Strike_R","Strike_R","Defend_R","Defend_R","Defend_R","Bash","Dual Wield","Power Through","Armaments+1","Flex","Shrug It Off","Headbutt","Inflame","Berserk","Warcry"],"relics":["Burning Blood","Potion Belt","Gremlin Horn","Smiling Mask","Juzu Bracelet"],"potions_floor_usage":[6,6,6,8,8,8,11,11,13],"damage_taken":[{"damage":9,"enemies":"2 Louse","floor":1,"turns":4},{"damage":21,"enemies":"Jaw Worm","floor":2,"turns":4},{"damage":27,"enemies":"Lagavulin","floor":6,"turns":5},{"damage":17,"enemies":"Cultist","floor":7,"turns":5},{"damage":8,"enemies":"Gremlin Nob","floor":8,"turns":3},{"damage":15,"enemies":"Lagavulin","floor":11,"turns":5},{"damage":19,"enemies":"Exordium Thugs","floor":12,"turns":7},{"damage":2,"enemies":"Large Slime","floor":13,"turns":6},{"damage":0,"enemies":"Slime Boss","floor":16,"turns":3}],"seed_played":"1909400907609687123","potions_obtained":[{"floor":5,"key":"SmokeBomb"},{"floor":5,"key":"Strength Potion"},{"floor":5,"key":"EntropicBrew"},{"floor":6,"key":"Energy Potion"},{"floor":8,"key":"Regen Potion"}],"is_trial":false,"path_per_floor":["M","M","?","?","?","E","M","E","T","?","E","M","M","$","R","B"],"character_chosen":"IRONCLAD","items_purchased":["Warcry"],"campfire_rested":1,"item_purchase_floors":[14],"current_hp_per_floor":[77,62,55,55,55,34,23,21,21,21,24,11,15,15,39,39],"gold":113,"neow_bonus":"TRANSFORM_TWO_CARDS","is_prod":false,"is_daily":false,"chose_seed":false,"campfire_upgraded":0,"win_rate":0,"timestamp":1548117107,"path_taken":["M","M","?","?","?","E","M","E","T","?","E","M","M","?","R","BOSS"],"build_version":"2018-11-15","purchased_purges":1,"victory":false,"max_hp_per_floor":[80,80,80,80,80,80,80,80,80,80,80,80,80,80,80,80],"card_choices":[{"not_picked":["Perfected Strike","Combust"],"picked":"Armaments","floor":1},{"not_picked":["Twin Strike","Warcry"],"picked":"Flex","floor":2},{"not_picked":["Body Slam","Impervious"],"picked":"Shrug It Off","floor":6},{"not_picked":["Twin Strike","Bloodletting"],"picked":"Headbutt","floor":7},{"not_picked":["Havoc","Thunderclap","Clothesline"],"picked":"SKIP","floor":8},{"not_picked":["Sword Boomerang","Warcry"],"picked":"Inflame","floor":12},{"not_picked":["Clothesline","Pommel Strike"],"picked":"Berserk","floor":13}],"player_experience":304598,"relics_obtained":[{"floor":6,"key":"Gremlin Horn"},{"floor":8,"key":"Smiling Mask"},{"floor":9,"key":"Juzu Bracelet"}],"event_choices":[{"cards_removed":["Pain"],"damage_healed":0,"gold_gain":0,"player_choice":"Card Removal","damage_taken":7,"max_hp_gain":0,"max_hp_loss":0,"event_name":"Golden Wing","floor":3,"gold_loss":0},{"damage_healed":0,"gold_gain":0,"player_choice":"Box","damage_taken":0,"relics_obtained":["Potion Belt"],"max_hp_gain":0,"max_hp_loss":0,"event_name":"Big Fish","floor":4,"gold_loss":0,"cards_obtained":["Regret"]},{"damage_healed":0,"gold_gain":0,"player_choice":"Bought 3 Potions","damage_taken":0,"max_hp_gain":0,"max_hp_loss":0,"event_name":"The Woman in Blue","floor":5,"gold_loss":0},{"damage_healed":0,"gold_gain":0,"player_choice":"Upgraded","damage_taken":0,"max_hp_gain":0,"max_hp_loss":0,"event_name":"Upgrade Shrine","floor":10,"gold_loss":0,"cards_upgraded":["Armaments"]}],"is_beta":false,"boss_relics":[],"items_purged_floors":[14],"is_endless":false,"potions_floor_spawned":[6,8],"killed_by":"Slime Boss","ascension_level":1}