{"gold_per_floor":[114,58,77,152,172,172,201,201,201,32,32,62,62],"floor_reached":13,"playtime":365,"items_purged":[],"score":182,"play_id":"639b03f6-2199-40ea-89b7-61254d5fe462","local_time":"20190220003743","is_ascension_mode":true,"campfire_choices":[{"data":"Neutralize","floor":6.0,"key":"SMITH"},{"floor":8.0,"key":"REST"}],"neow_cost":"NONE","seed_source_timestamp":85512160756800,"circlet_count":0,"master_deck":["AscendersBane","Defend_G","Defend_G","Defend_G","Defend_G","Defend_G","Strike_G","Strike_G","Strike_G","Strike_G","Strike_G","Survivor","Neutralize+1","Accuracy","Blade Dance","Well Laid Plans","Footwork","PiercingWail"],"special_seed":0,"relics":["Ring of the Snake","Paper Crane","Orichalcum","Oddly Smooth Stone","Regal Pillow","Ancient Tea Set"],"potions_floor_usage":[12],"damage_taken":[{"damage":12.0,"enemies":"Cultist","floor":1.0,"turns":6.0},{"damage":2.0,"enemies":"Jaw Worm","floor":3.0,"turns":6.0},{"damage":0.0,"enemies":"Small Slimes","floor":5.0,"turns":2.0},{"damage":38.0,"enemies":"Gremlin Nob","floor":7.0,"turns":6.0},{"damage":21,"enemies":"3 Sentries","floor":12,"turns":13},{"damage":2,"enemies":"Gremlin Gang","floor":13,"turns":1}],"seed_played":"9031035589545730512","potions_obtained":[{"floor":3.0,"key":"Ancient Potion"},{"floor":7.0,"key":"Dexterity Potion"}],"is_trial":false,"path_per_floor":["M","$","M","?","M","R","E","R","T","$","?","E","M"],"character_chosen":"THE_SILENT","items_purchased":["AttackPotion","Oddly Smooth Stone"],"campfire_rested":1,"item_purchase_floors":[2,10],"current_hp_per_floor":[53,53,51,40,40,40,2,23,23,23,23,2,0],"gold":62,"neow_bonus":"TEN_PERCENT_HP_BONUS","is_prod":false,"is_daily":false,"chose_seed":false,"campfire_upgraded":1,"win_rate":0,"timestamp":1550590663,"path_taken":["M","?","?","?","M","R","E","R","T","$","?","E","M"],"build_version":"2019-01-23","purchased_purges":0,"victory":false,"max_hp_per_floor":[72,72,72,72,72,72,72,72,72,72,72,72,72],"card_choices":[{"not_picked":["Acrobatics","Underhanded Strike"],"picked":"Accuracy","floor":1.0},{"not_picked":["Tactician","Dagger Throw"],"picked":"Blade Dance","floor":3.0},{"not_picked":["Outmaneuver","Sucker Punch"],"picked":"Well Laid Plans","floor":5.0},{"not_picked":["PiercingWail","Flechettes"],"picked":"Footwork","floor":7.0},{"not_picked":["Concentrate","Dodge and Roll"],"picked":"PiercingWail","floor":12}],"player_experience":1140224,"relics_obtained":[{"floor":7.0,"key":"Paper Crane"},{"floor":9.0,"key":"Orichalcum"},{"floor":12,"key":"Ancient Tea Set"}],"event_choices":[{"damage_healed":0.0,"max_hp_gain":0.0,"max_hp_loss":0.0,"gold_gain":75.0,"event_name":"World of Goop","player_choice":"Gather Gold","floor":4.0,"gold_loss":0.0,"damage_taken":11.0},{"damage_healed":0,"gold_gain":0,"player_choice":"Searched \u00271\u0027 times","damage_taken":0,"relics_obtained":["Regal Pillow"],"max_hp_gain":0,"max_hp_loss":0,"event_name":"Dead Adventurer","floor":11,"gold_loss":0}],"is_beta":false,"boss_relics":[],"items_purged_floors":[],"is_endless":false,"potions_floor_spawned":[3,7],"killed_by":"Gremlin Gang","ascension_level":20}