{"gold_per_floor":[359,359,371,446,74,99,112,146,173,199,213,213,227,246,246,349,349,304,304,304,304,304,304,304,304,304,304,229,229,229,229,229,229,229,229,229,58,58,58,58,58,58,58,58,58,58,58,58,58,58,58,58,6,6,6],"floor_reached":56,"playtime":4319,"items_purged":["Strike_B","Strike_B+1"],"score":1449,"play_id":"1c4d835f-ad6b-4562-85b6-5e6da695a347","local_time":"20181230174438","is_ascension_mode":true,"campfire_choices":[{"data":"Chaos","floor":12,"key":"SMITH"},{"data":"Darkness","floor":15,"key":"SMITH"},{"floor":24,"key":"REST"},{"floor":27,"key":"REST"},{"data":"Creative AI","floor":29,"key":"SMITH"},{"data":"Storm","floor":32,"key":"SMITH"},{"data":"Biased Cognition","floor":40,"key":"SMITH"},{"floor":46,"key":"RECALL"},{"data":"Machine Learning","floor":49,"key":"SMITH"},{"floor":52,"key":"DIG"}],"neow_cost":"TEN_PERCENT_HP_LOSS","seed_source_timestamp":1229317764028917,"circlet_count":0,"master_deck":["Strike_B+1","Defend_B+1","Defend_B+1","Defend_B+1","Defend_B+1","Zap","Dualcast","Chaos+1","Steam","Glacier","Core Surge","Cold Snap","Storm+1","Sweeping Beam","Undo","Ball Lightning","Darkness+1","Creative AI+1","Reinforced Body+1","Steam+1","Leap","Loop+1","Coolheaded+1","Biased Cognition+1","Coolheaded+1","FTL","Heatsinks","Stack","BootSequence+1","Machine Learning+1"],"relics":["Cracked Core","Blood Vial","Art of War","Strawberry","Shovel","Ectoplasm","Nilry\u0027s Codex","Old Coin","DataDisk","Pen Nib","Runic Dome","FossilizedHelix","Lantern","Oddly Smooth Stone","Mango","Pear","Torii"],"potions_floor_usage":[6,6,10,14,16,18,18,20,25,41,41,55,55,55],"damage_taken":[{"damage":1,"enemies":"Jaw Worm","floor":1,"turns":4},{"damage":0,"enemies":"Cultist","floor":3,"turns":3},{"damage":13,"enemies":"Gremlin Nob","floor":6,"turns":5},{"damage":0,"enemies":"2 Louse","floor":7,"turns":3},{"damage":2,"enemies":"3 Sentries","floor":8,"turns":12},{"damage":0,"enemies":"Lagavulin","floor":10,"turns":12},{"damage":0,"enemies":"Blue Slaver","floor":11,"turns":4},{"damage":3,"enemies":"Large Slime","floor":13,"turns":6},{"damage":6,"enemies":"2 Fungi Beasts","floor":14,"turns":3},{"damage":26,"enemies":"Hexaghost","floor":16,"turns":10},{"damage":7,"enemies":"2 Thieves","floor":18,"turns":3},{"damage":0,"enemies":"Chosen","floor":20,"turns":5},{"damage":0,"enemies":"Centurion and Healer","floor":22,"turns":8},{"damage":8,"enemies":"Gremlin Leader","floor":23,"turns":6},{"damage":39,"enemies":"Slavers","floor":25,"turns":7},{"damage":1,"enemies":"Chosen and Byrds","floor":31,"turns":6},{"damage":0,"enemies":"Automaton","floor":33,"turns":9},{"damage":0,"enemies":"3 Darklings","floor":35,"turns":5},{"damage":0,"enemies":"3 Shapes","floor":38,"turns":3},{"damage":21,"enemies":"Reptomancer","floor":41,"turns":6},{"damage":0,"enemies":"Jaw Worm Horde","floor":42,"turns":2},{"damage":0,"enemies":"Giant Head","floor":44,"turns":9},{"damage":6,"enemies":"Sphere and 2 Shapes","floor":47,"turns":4},{"damage":24,"enemies":"Mind Bloom Boss Battle","floor":48,"turns":5},{"damage":0,"enemies":"Time Eater","floor":50,"turns":12},{"damage":7,"enemies":"Shield and Spear","floor":54,"turns":6},{"damage":55,"enemies":"The Heart","floor":55,"turns":11}],"seed_played":"-6889805107044914773","potions_obtained":[{"floor":2,"key":"FearPotion"},{"floor":2,"key":"SneckoOil"},{"floor":2,"key":"EssenceOfSteel"},{"floor":3,"key":"Weak Potion"},{"floor":6,"key":"Strength Potion"},{"floor":8,"key":"FearPotion"},{"floor":11,"key":"Weak Potion"},{"floor":14,"key":"Explosive Potion"},{"floor":16,"key":"Poison Potion"},{"floor":18,"key":"SkillPotion"},{"floor":31,"key":"SteroidPotion"},{"floor":38,"key":"Strength Potion"},{"floor":44,"key":"FocusPotion"}],"is_trial":false,"path_per_floor":["M","?","M","?","$","E","M","E","T","E","M","R","M","M","R","B",null,"M","?","M","?","M","E","R","E","T","R","?","R","?","M","R","B",null,"M","?","$","M","?","R","E","M","T","E","$","R","M","?","R","B",null,"R","$","E","B",null],"character_chosen":"DEFECT","items_purchased":["Glacier","Core Surge","Blood Vial","Regen Potion","Swift Potion"],"campfire_rested":2,"item_purchase_floors":[5,5,5,37,53],"current_hp_per_floor":[67,67,67,56,56,45,47,54,54,56,58,58,57,53,53,29,75,68,52,54,54,56,50,72,35,35,57,57,57,57,58,58,60,75,75,71,71,71,71,71,64,66,66,68,68,68,64,56,56,58,85,95,95,88,35],"gold":6,"neow_bonus":"TWO_FIFTY_GOLD","is_prod":false,"is_daily":false,"chose_seed":false,"campfire_upgraded":6,"win_rate":0,"timestamp":1546209878,"path_taken":["M","?","?","?","$","E","M","E","T","E","M","R","M","M","R","BOSS","M","?","M","?","M","E","R","E","T","R","?","R","?","M","R","BOSS","M","?","$","M","?","R","E","M","T","E","?","R","M","?","R","BOSS","R","$","E","BOSS"],"build_version":"2018-12-25","purchased_purges":2,"victory":true,"max_hp_per_floor":[68,68,68,68,68,68,68,75,75,75,75,75,75,75,75,75,75,75,75,75,75,75,75,75,75,75,75,75,75,75,75,75,75,75,75,71,71,71,71,71,71,71,71,71,71,71,71,85,85,85,85,95,95,95,95],"card_choices":[{"not_picked":["Turbo","Double Energy"],"picked":"Chaos","floor":1},{"not_picked":["Beam Cell","Recycle"],"picked":"Steam","floor":3},{"not_picked":["Skim","Double Energy"],"picked":"Cold Snap","floor":6},{"not_picked":["Leap","Cold Snap"],"picked":"Storm","floor":7},{"not_picked":["Beam Cell","Lockon","Fusion"],"picked":"SKIP","floor":8},{"not_picked":["Conserve Battery","Hyperbeam"],"picked":"Sweeping Beam","floor":10},{"not_picked":["Barrage","Cold Snap"],"picked":"Undo","floor":11},{"not_picked":["Steam","Go for the Eyes"],"picked":"Ball Lightning","floor":13},{"not_picked":["Chaos","Beam Cell"],"picked":"Darkness","floor":14},{"not_picked":["Thunder Strike","Fission"],"picked":"Creative AI","floor":16},{"not_picked":["Fusion","Coolheaded"],"picked":"Reinforced Body+1","floor":18},{"not_picked":["Reprogram","Barrage"],"picked":"Steam+1","floor":20},{"not_picked":["Beam Cell","Redo+1","Ball Lightning"],"picked":"SKIP","floor":22},{"not_picked":["Go for the Eyes","Reprogram+1"],"picked":"Leap","floor":23},{"not_picked":["FTL+1","Rebound"],"picked":"Loop+1","floor":25},{"not_picked":["Redo","Steam Power"],"picked":"Coolheaded+1","floor":31},{"not_picked":["Meteor Strike","Fission"],"picked":"Biased Cognition","floor":33},{"not_picked":["Turbo","Blizzard+1","Rebound+1"],"picked":"SKIP","floor":35},{"not_picked":["Compile Driver","Stack+1"],"picked":"Coolheaded+1","floor":38},{"not_picked":["Compile Driver+1","Rip and Tear+1"],"picked":"FTL","floor":41},{"not_picked":["Go for the Eyes+1","Streamline"],"picked":"Heatsinks","floor":42},{"not_picked":["Steam","Self Repair"],"picked":"Stack","floor":44},{"not_picked":["Storm","Streamline+1"],"picked":"BootSequence+1","floor":47},{"not_picked":["BootSequence+1","Conserve Battery+1"],"picked":"Machine Learning","floor":48},{"not_picked":["Lockon","Stack","Rebound+1"],"picked":"SKIP","floor":54}],"player_experience":3935272,"relics_obtained":[{"floor":6,"key":"Art of War"},{"floor":8,"key":"Strawberry"},{"floor":10,"key":"Shovel"},{"floor":19,"key":"Nilry\u0027s Codex"},{"floor":23,"key":"Old Coin"},{"floor":25,"key":"DataDisk"},{"floor":26,"key":"Pen Nib"},{"floor":41,"key":"FossilizedHelix"},{"floor":43,"key":"Lantern"},{"floor":44,"key":"Oddly Smooth Stone"},{"floor":48,"key":"Mango"},{"floor":52,"key":"Pear"},{"floor":54,"key":"Torii"}],"event_choices":[{"damage_healed":0,"gold_gain":0,"player_choice":"Got Potions","damage_taken":0,"max_hp_gain":0,"max_hp_loss":0,"event_name":"Lab","floor":2,"gold_loss":0},{"damage_healed":0,"gold_gain":75,"player_choice":"Gather Gold","damage_taken":11,"max_hp_gain":0,"max_hp_loss":0,"event_name":"World of Goop","floor":4,"gold_loss":0},{"damage_healed":0,"gold_gain":0,"player_choice":"Obtained Book","damage_taken":16,"max_hp_gain":0,"max_hp_loss":0,"event_name":"Cursed Tome","floor":19,"gold_loss":0},{"damage_healed":0,"gold_gain":0,"player_choice":"Simplicity","damage_taken":0,"max_hp_gain":0,"max_hp_loss":0,"event_name":"Back to Basics","floor":21,"gold_loss":0,"cards_upgraded":["Strike_B","Strike_B","Strike_B","Defend_B","Defend_B","Defend_B","Defend_B"]},{"cards_removed":["Strike_B"],"damage_healed":0,"gold_gain":0,"player_choice":"Gave Gold","damage_taken":0,"max_hp_gain":0,"max_hp_loss":0,"event_name":"Beggar","floor":28,"gold_loss":75},{"damage_healed":0,"gold_gain":99,"player_choice":"Stole From Cult","damage_taken":0,"max_hp_gain":0,"max_hp_loss":0,"event_name":"Nest","floor":30,"gold_loss":0},{"damage_healed":0,"gold_gain":0,"player_choice":"Max HP","damage_taken":0,"max_hp_gain":0,"max_hp_loss":4,"event_name":"Winding Halls","floor":36,"gold_loss":0},{"damage_healed":0,"gold_gain":0,"player_choice":"Ignored","damage_taken":0,"max_hp_gain":0,"max_hp_loss":0,"event_name":"Mysterious Sphere","floor":39,"gold_loss":0},{"damage_healed":0,"gold_gain":0,"player_choice":"Fight","damage_taken":0,"max_hp_gain":0,"max_hp_loss":0,"event_name":"MindBloom","floor":48,"gold_loss":0}],"is_beta":true,"boss_relics":[{"not_picked":["Orrery","Eternal Feather"],"picked":"Ectoplasm"},{"not_picked":["FrozenCore","Cursed Key"],"picked":"Runic Dome"}],"items_purged_floors":[5,37],"is_endless":false,"potions_floor_spawned":[3,6,8,11,14,16,18,31,38,44],"ascension_level":1}