{"gold_per_floor":[110,285,59,59,35,35,68,85,85,120,120,154,154,165,165,261,261,276,276,296,296,67,98,23,23,23,33,33,68,87,104,104,203,203,216,316,329,329,343,374,392,392],"floor_reached":42,"playtime":2212,"items_purged":["Doubt"],"score":614,"play_id":"d325317f-4207-4718-abaf-c15bf5412293","local_time":"20190218001900","is_ascension_mode":true,"campfire_choices":[{"data":"Infinite Blades","floor":6.0,"key":"SMITH"},{"data":"Poisoned Stab","floor":11.0,"key":"SMITH"},{"data":"Neutralize","floor":13.0,"key":"SMITH"},{"data":"Slice","floor":15.0,"key":"SMITH"},{"data":"Accuracy","floor":25.0,"key":"SMITH"},{"floor":28.0,"key":"REST"},{"data":"After Image","floor":32.0,"key":"SMITH"}],"neow_cost":"NONE","seed_source_timestamp":0,"circlet_count":0,"master_deck":["Defend_G+1","Defend_G+1","Defend_G+1","Defend_G+1","Defend_G+1","Strike_G+1","Strike_G+1","Strike_G+1","Strike_G+1","Survivor","Neutralize+1","Infinite Blades+1","Slice+1","Poisoned Stab+1","PiercingWail","Dash+1","Dagger Throw+1","Heel Hook+1","After Image+1","Infinite Blades","Accuracy+1","Terror","Dagger Spray+1","Cloak And Dagger+1","Blade Dance","Footwork+1","Burst","Dagger Spray+1","Backstab+1","Escape Plan","Finisher+1","Cloak And Dagger+1"],"special_seed":0,"relics":["Ring of the Snake","NeowsBlessing","Omamori","Strawberry","Ninja Scroll","WingedGreaves","Molten Egg 2","Blue Candle","WristBlade","Bag of Marbles","Frozen Egg 2","Paper Crane","Bottled Tornado","Runic Pyramid","Gremlin Horn"],"potions_floor_usage":[41,42],"damage_taken":[{"damage":0.0,"enemies":"2 Louse","floor":1.0,"turns":1.0},{"damage":0.0,"enemies":"Gremlin Nob","floor":7.0,"turns":1.0},{"damage":0.0,"enemies":"Jaw Worm","floor":8.0,"turns":1.0},{"damage":10.0,"enemies":"3 Sentries","floor":10.0,"turns":6.0},{"damage":13.0,"enemies":"Gremlin Nob","floor":12.0,"turns":4.0},{"damage":0.0,"enemies":"Small Slimes","floor":14.0,"turns":2.0},{"damage":35.0,"enemies":"Hexaghost","floor":16.0,"turns":10.0},{"damage":14.0,"enemies":"2 Thieves","floor":18.0,"turns":3.0},{"damage":6.0,"enemies":"Spheric Guardian","floor":20.0,"turns":3.0},{"damage":26.0,"enemies":"Slavers","floor":23.0,"turns":5.0},{"damage":0.0,"enemies":"Chosen and Byrds","floor":27.0,"turns":4.0},{"damage":0.0,"enemies":"Gremlin Leader","floor":29.0,"turns":2.0},{"damage":5.0,"enemies":"Snake Plant","floor":30.0,"turns":3.0},{"damage":5.0,"enemies":"Centurion and Healer","floor":31.0,"turns":3.0},{"damage":18.0,"enemies":"Collector","floor":33.0,"turns":6.0},{"damage":21.0,"enemies":"3 Darklings","floor":35.0,"turns":3.0},{"damage":7.0,"enemies":"Orb Walker","floor":37.0,"turns":2.0},{"damage":0.0,"enemies":"Jaw Worm Horde","floor":39.0,"turns":1.0},{"damage":44.0,"enemies":"Reptomancer","floor":40.0,"turns":6.0},{"damage":7,"enemies":"4 Shapes","floor":41,"turns":2},{"damage":47,"enemies":"Nemesis","floor":42,"turns":2}],"seed_played":"-5334146270922239324","potions_obtained":[{"floor":1.0,"key":"Energy Potion"},{"floor":8.0,"key":"Fire Potion"},{"floor":12.0,"key":"SpeedPotion"},{"floor":23.0,"key":"SteroidPotion"},{"floor":27.0,"key":"Regen Potion"},{"floor":30.0,"key":"LiquidBronze"},{"floor":31.0,"key":"Strength Potion"},{"floor":38.0,"key":"SneckoOil"},{"floor":38.0,"key":"SkillPotion"},{"floor":38.0,"key":"FairyPotion"},{"floor":39.0,"key":"GhostInAJar"},{"floor":41,"key":"Ancient Potion"}],"is_trial":false,"path_per_floor":["M","?","$","?","$","R","E","M","T","E","R","E","R","M","R","B",null,"M","?","M","?","$","E","?","R","T","M","R","E","M","M","R","B",null,"M","?","M","?","M","E","M","E"],"character_chosen":"THE_SILENT","items_purchased":["Omamori","Slice","Accuracy","Bag of Marbles"],"campfire_rested":1,"item_purchase_floors":[3,5,22,22],"current_hp_per_floor":[70,70,70,59,59,59,59,59,59,49,49,36,36,36,36,1,77,63,49,43,43,43,17,17,17,17,17,41,41,36,40,40,22,82,61,61,54,54,54,10,3,0],"gold":392,"neow_bonus":"THREE_ENEMY_KILL","is_prod":false,"is_daily":false,"chose_seed":false,"campfire_upgraded":6,"win_rate":0,"timestamp":1550477940,"path_taken":["M","?","$","?","?","R","E","M","T","E","R","E","R","M","R","BOSS","M","?","M","?","$","E","?","R","T","M","R","E","M","M","R","BOSS","M","?","?","?","?","E","M","E"],"build_version":"2019-01-23","purchased_purges":1,"victory":false,"max_hp_per_floor":[70,70,70,77,77,77,77,77,77,77,77,77,77,77,77,77,77,77,82,82,82,82,82,82,82,82,82,82,82,82,82,82,82,82,82,82,82,82,82,82,82,82],"card_choices":[{"not_picked":["Distraction","Backflip"],"picked":"Infinite Blades","floor":1.0},{"not_picked":["Flying Knee","Blur"],"picked":"Poisoned Stab","floor":7.0},{"not_picked":["Eviscerate","Leg Sweep"],"picked":"PiercingWail","floor":8.0},{"not_picked":["Quick Slash","Dagger Spray"],"picked":"Dash","floor":10.0},{"not_picked":["Tools of the Trade","Bane+1"],"picked":"Dagger Throw+1","floor":12.0},{"not_picked":["Backflip","Calculated Gamble"],"picked":"Heel Hook+1","floor":14.0},{"not_picked":["Burst","Venomology"],"picked":"After Image","floor":16.0},{"not_picked":["Sucker Punch+1","Dagger Throw+1","Backflip"],"picked":"SKIP","floor":18.0},{"not_picked":["Deflect","Cloak And Dagger"],"picked":"Infinite Blades","floor":20.0},{"not_picked":["Prepared","Glass Knife+1"],"picked":"Terror","floor":23.0},{"not_picked":["Acrobatics","Bane+1"],"picked":"Dagger Spray+1","floor":27.0},{"not_picked":["Night Terror","Flying Knee+1"],"picked":"Cloak And Dagger+1","floor":29.0},{"not_picked":["Outmaneuver+1","Setup"],"picked":"Blade Dance","floor":30.0},{"not_picked":["Dagger Spray+1","Quick Slash+1"],"picked":"Footwork+1","floor":31.0},{"not_picked":["Unload+1","Adrenaline"],"picked":"Burst","floor":33.0},{"not_picked":["Flying Knee+1","Dagger Throw+1"],"picked":"Dagger Spray+1","floor":35.0},{"not_picked":["Cloak And Dagger","Caltrops+1"],"picked":"Backstab+1","floor":37.0},{"not_picked":["Sucker Punch+1","Eviscerate+1"],"picked":"Escape Plan","floor":39.0},{"not_picked":["Deflect+1","Bane+1"],"picked":"Finisher+1","floor":40.0},{"not_picked":["Tactician+1","Noxious Fumes+1"],"picked":"Cloak And Dagger+1","floor":41}],"player_experience":175817,"relics_obtained":[{"floor":7.0,"key":"Ninja Scroll"},{"floor":9.0,"key":"WingedGreaves"},{"floor":10.0,"key":"Molten Egg 2"},{"floor":12.0,"key":"Blue Candle"},{"floor":23.0,"key":"Frozen Egg 2"},{"floor":26.0,"key":"Paper Crane"},{"floor":29.0,"key":"Bottled Tornado"},{"floor":40.0,"key":"Gremlin Horn"}],"event_choices":[{"damage_healed":0.0,"max_hp_gain":0.0,"max_hp_loss":0.0,"gold_gain":175.0,"event_name":"Liars Game","player_choice":"AGREE","floor":2.0,"gold_loss":0.0,"damage_taken":0.0,"cards_obtained":["Doubt"]},{"damage_healed":0.0,"max_hp_gain":0.0,"max_hp_loss":0.0,"gold_gain":0.0,"event_name":"Scrap Ooze","player_choice":"Success","floor":4.0,"gold_loss":0.0,"damage_taken":18.0,"relics_obtained":["Strawberry"]},{"damage_healed":0.0,"max_hp_gain":5.0,"max_hp_loss":0.0,"gold_gain":0.0,"event_name":"Forgotten Altar","player_choice":"Shed Blood","floor":19.0,"gold_loss":0.0,"damage_taken":19.0},{"damage_healed":0.0,"max_hp_gain":0.0,"max_hp_loss":0.0,"gold_gain":0.0,"event_name":"Back to Basics","player_choice":"Simplicity","floor":21.0,"gold_loss":0.0,"damage_taken":0.0,"cards_upgraded":["Defend_G","Defend_G","Defend_G","Defend_G","Defend_G","Strike_G","Strike_G","Strike_G","Strike_G","Strike_G"]},{"cards_removed":["Strike_G"],"damage_healed":0.0,"max_hp_gain":0.0,"max_hp_loss":0.0,"gold_gain":0.0,"event_name":"Beggar","player_choice":"Gave Gold","floor":24.0,"gold_loss":75.0,"damage_taken":0.0},{"damage_healed":0.0,"max_hp_gain":0.0,"max_hp_loss":0.0,"gold_gain":100.0,"event_name":"Golden Shrine","player_choice":"Pray","floor":36.0,"gold_loss":0.0,"damage_taken":0.0},{"damage_healed":0.0,"max_hp_gain":0.0,"max_hp_loss":0.0,"gold_gain":0.0,"event_name":"Lab","player_choice":"Got Potions","floor":38.0,"gold_loss":0.0,"damage_taken":0.0}],"is_beta":false,"boss_relics":[{"not_picked":["HoveringKite","Runic Dome"],"picked":"WristBlade"},{"not_picked":["Fusion Hammer","Tiny House"],"picked":"Runic Pyramid"}],"items_purged_floors":[3],"is_endless":false,"potions_floor_spawned":[1,8,12,23,27,30,31,39,41],"killed_by":"Nemesis","ascension_level":3}