{"gold_per_floor":[363,377,377,395,412,412,430,430,453,472,504,520,540,559,559,631,631,646,214,196,196],"floor_reached":21,"playtime":749,"items_purged":[],"score":318,"play_id":"1c3b99cf-5f51-486a-adc4-116f6a236ddb","local_time":"20181205173358","is_ascension_mode":true,"campfire_choices":[{"data":"Zap","floor":6.0,"key":"SMITH"},{"data":"Streamline","floor":8.0,"key":"SMITH"},{"floor":15,"key":"REST"}],"neow_cost":"PERCENT_DAMAGE","seed_source_timestamp":0,"circlet_count":0,"master_deck":["AscendersBane","Strike_B","Strike_B","Strike_B","Strike_B","Defend_B","Defend_B","Defend_B","Defend_B","Zap+1","Dualcast","Redo","White Noise","Streamline+1","Rainbow","Melter","Stack","Loop","Stack","Machine Learning","Multi-Cast","Hologram","Ball Lightning"],"special_seed":0,"relics":["Cracked Core","Regal Pillow","Bag of Marbles","Inserter","Tiny Chest","Ice Cream"],"potions_floor_usage":[16,20],"damage_taken":[{"damage":0.0,"enemies":"Small Slimes","floor":1.0,"turns":3.0},{"damage":1.0,"enemies":"Cultist","floor":2.0,"turns":3.0},{"damage":0.0,"enemies":"Jaw Worm","floor":4.0,"turns":3.0},{"damage":7.0,"enemies":"Looter","floor":5.0,"turns":4.0},{"damage":9.0,"enemies":"3 Louse","floor":7.0,"turns":3.0},{"damage":28.0,"enemies":"Exordium Wildlife","floor":10.0,"turns":5.0},{"damage":13.0,"enemies":"Gremlin Nob","floor":11.0,"turns":3.0},{"damage":0,"enemies":"Exordium Thugs","floor":12,"turns":4},{"damage":8,"enemies":"3 Louse","floor":13,"turns":3},{"damage":0,"enemies":"2 Fungi Beasts","floor":14,"turns":2},{"damage":6,"enemies":"Slime Boss","floor":16,"turns":7},{"damage":24,"enemies":"Shell Parasite","floor":18,"turns":7},{"damage":17,"enemies":"2 Thieves","floor":20,"turns":4},{"damage":32,"enemies":"Snecko","floor":21,"turns":4}],"seed_played":"-5872302298240569942","potions_obtained":[{"floor":1.0,"key":"PowerPotion"},{"floor":2.0,"key":"PowerPotion"},{"floor":11.0,"key":"Block Potion"},{"floor":18,"key":"Energy Potion"}],"is_trial":false,"path_per_floor":["M","M","?","M","M","R","M","R","T","M","E","M","M","M","R","B",null,"M","$","M","M"],"character_chosen":"DEFECT","items_purchased":["Tiny Chest","Ice Cream"],"campfire_rested":1,"item_purchase_floors":[19,19],"current_hp_per_floor":[46,45,71,71,64,64,55,55,55,27,14,14,6,6,42,36,62,38,38,21,0],"gold":196,"neow_bonus":"TWO_FIFTY_GOLD","is_prod":false,"is_daily":false,"chose_seed":false,"campfire_upgraded":2,"win_rate":0,"timestamp":1543998838,"path_taken":["M","M","?","?","M","R","M","R","T","M","E","M","M","?","R","BOSS","M","$","M","M"],"build_version":"2018-11-15","purchased_purges":0,"victory":false,"max_hp_per_floor":[71,71,71,71,71,71,71,71,71,71,71,71,71,71,71,71,71,71,71,71,71],"card_choices":[{"not_picked":["Turbo","Go for the Eyes"],"picked":"Melter","floor":1.0},{"not_picked":["Sweeping Beam","Leap"],"picked":"Redo","floor":2.0},{"not_picked":["Rebound","Loop"],"picked":"White Noise","floor":4.0},{"not_picked":["Beam Cell","Redo"],"picked":"Streamline","floor":5.0},{"not_picked":["Melter","Compile Driver"],"picked":"Rainbow","floor":7.0},{"not_picked":["Aggregate","Sweeping Beam"],"picked":"Melter","floor":10.0},{"not_picked":["Gash","Turbo"],"picked":"Stack","floor":11.0},{"not_picked":["Coolheaded","Rebound"],"picked":"Loop","floor":12},{"not_picked":["Turbo","Fusion"],"picked":"Stack","floor":13},{"not_picked":["Recycle","Coolheaded"],"picked":"Machine Learning","floor":14},{"not_picked":["Meteor Strike","Thunder Strike"],"picked":"Multi-Cast","floor":16},{"not_picked":["Compile Driver","Turbo"],"picked":"Hologram","floor":18},{"not_picked":["Turbo+1","Cold Snap"],"picked":"Ball Lightning","floor":20}],"player_experience":936219,"relics_obtained":[{"floor":9.0,"key":"Regal Pillow"},{"floor":11.0,"key":"Bag of Marbles"}],"event_choices":[{"cards_removed":["Melter"],"damage_healed":26.0,"max_hp_gain":0.0,"max_hp_loss":0.0,"gold_gain":0.0,"event_name":"Bonfire Elementals","player_choice":"Offered Uncommon","floor":3.0,"gold_loss":0.0,"damage_taken":0.0}],"is_beta":false,"boss_relics":[{"not_picked":["Cursed Key","Orrery"],"picked":"Inserter"}],"items_purged_floors":[],"is_endless":false,"potions_floor_spawned":[1,2,4,7,11,12,14,18],"killed_by":"Snecko","ascension_level":14}