{"gold_per_floor":[116,116,132,145,165,199,199,211,211,211,386,406,406,423,423,520,520,533,552,552,14,29,29,56,56],"floor_reached":25,"playtime":1225,"items_purged":["Doubt"],"score":306,"play_id":"14b03250-4204-4904-b4b2-43fb40774152","local_time":"20190213132153","is_ascension_mode":true,"campfire_choices":[{"floor":7,"key":"REST"},{"data":"Bouncing Flask","floor":13,"key":"SMITH"},{"floor":15,"key":"REST"},{"data":"Neutralize","floor":23,"key":"SMITH"}],"neow_cost":"NONE","seed_source_timestamp":69587277410228,"circlet_count":0,"master_deck":["Defend_G","Defend_G","Defend_G","Defend_G","Defend_G","Strike_G","Strike_G","Strike_G","Strike_G","Strike_G","Survivor","Neutralize+1","Poisoned Stab","Poisoned Stab","Bouncing Flask+1","Dagger Spray","Caltrops","Dagger Throw","Caltrops+1","A Thousand Cuts+1","Footwork+1","Writhe","Noxious Fumes+1","PiercingWail","Escape Plan"],"relics":["Ring of the Snake","Regal Pillow","Sundial","Letter Opener","Frozen Egg 2","Velvet Choker","Darkstone Periapt","Lee\u0027s Waffle","Anchor","Strawberry"],"potions_floor_usage":[6,12,22,24,24],"damage_taken":[{"damage":4,"enemies":"Jaw Worm","floor":1,"turns":6},{"damage":11,"enemies":"Small Slimes","floor":3,"turns":4},{"damage":5,"enemies":"2 Louse","floor":4,"turns":3},{"damage":5,"enemies":"Large Slime","floor":5,"turns":5},{"damage":39,"enemies":"3 Sentries","floor":6,"turns":7},{"damage":0,"enemies":"Exordium Wildlife","floor":8,"turns":3},{"damage":13,"enemies":"Red Slaver","floor":12,"turns":4},{"damage":2,"enemies":"Looter","floor":14,"turns":4},{"damage":25,"enemies":"Hexaghost","floor":16,"turns":7},{"damage":25,"enemies":"2 Thieves","floor":18,"turns":4},{"damage":23,"enemies":"Shell Parasite","floor":19,"turns":5},{"damage":33,"enemies":"Cultist and Chosen","floor":22,"turns":7},{"damage":42,"enemies":"Gremlin Leader","floor":24,"turns":7},{"damage":20,"enemies":"3 Cultists","floor":25,"turns":3}],"seed_played":"4598224877383386852","potions_obtained":[{"floor":3,"key":"Swift Potion"},{"floor":8,"key":"Energy Potion"},{"floor":14,"key":"SteroidPotion"},{"floor":16,"key":"EssenceOfSteel"},{"floor":19,"key":"Swift Potion"}],"is_trial":false,"path_per_floor":["M","?","M","M","M","E","R","M","T","?","?","M","R","M","R","B",null,"M","M","?","$","M","R","E","M"],"character_chosen":"THE_SILENT","items_purchased":["Noxious Fumes+1","PiercingWail","Lee\u0027s Waffle","Anchor"],"campfire_rested":2,"item_purchase_floors":[21,21,21,21],"current_hp_per_floor":[66,66,55,50,45,6,42,42,42,35,35,22,22,20,56,31,60,35,12,18,83,50,50,15,0],"gold":56,"neow_bonus":"RANDOM_COMMON_RELIC","is_prod":false,"is_daily":false,"chose_seed":false,"campfire_upgraded":2,"win_rate":0,"timestamp":1550092913,"path_taken":["M","?","M","M","M","E","R","M","T","?","?","M","R","M","R","BOSS","M","M","?","$","M","R","E","M"],"build_version":"2019-01-23","purchased_purges":1,"victory":false,"max_hp_per_floor":[70,70,70,70,70,70,70,70,70,70,70,70,70,70,70,70,70,70,70,76,83,83,83,90,90],"card_choices":[{"not_picked":["Outmaneuver","Prepared"],"picked":"Poisoned Stab","floor":1},{"not_picked":["Outmaneuver","Masterful Stab"],"picked":"Poisoned Stab","floor":3},{"not_picked":["Prepared","Accuracy"],"picked":"Bouncing Flask","floor":4},{"not_picked":["Calculated Gamble","Prepared"],"picked":"Dagger Spray","floor":5},{"not_picked":["Choke","Dagger Spray","Distraction"],"picked":"SKIP","floor":6},{"not_picked":["Prepared","Cloak And Dagger"],"picked":"Caltrops","floor":8},{"not_picked":["Finisher","Dodge and Roll"],"picked":"Dagger Throw","floor":12},{"not_picked":["Bullet Time","All Out Attack"],"picked":"Caltrops+1","floor":14},{"not_picked":["Venomology","Phantasmal Killer"],"picked":"A Thousand Cuts+1","floor":16},{"not_picked":["Poisoned Stab","Dash"],"picked":"Footwork+1","floor":18},{"not_picked":["Choke+1","Concentrate","Underhanded Strike"],"picked":"SKIP","floor":19},{"not_picked":["Blur","PiercingWail+1"],"picked":"Escape Plan","floor":22},{"not_picked":["A Thousand Cuts+1","Endless Agony","Dagger Throw+1"],"picked":"SKIP","floor":24}],"player_experience":134902,"relics_obtained":[{"floor":6,"key":"Letter Opener"},{"floor":9,"key":"Frozen Egg 2"},{"floor":24,"key":"Strawberry"}],"event_choices":[{"damage_healed":0,"gold_gain":0,"player_choice":"Box","damage_taken":0,"relics_obtained":["Sundial"],"max_hp_gain":0,"max_hp_loss":0,"event_name":"Big Fish","floor":2,"gold_loss":0,"cards_obtained":["Regret"]},{"cards_removed":["Regret"],"damage_healed":0,"gold_gain":0,"player_choice":"Card Removal","damage_taken":7,"max_hp_gain":0,"max_hp_loss":0,"event_name":"Golden Wing","floor":10,"gold_loss":0},{"damage_healed":0,"gold_gain":175,"player_choice":"AGREE","damage_taken":0,"max_hp_gain":0,"max_hp_loss":0,"event_name":"Liars Game","floor":11,"gold_loss":0,"cards_obtained":["Doubt"]},{"damage_healed":0,"gold_gain":0,"player_choice":"Opened","damage_taken":0,"relics_obtained":["Darkstone Periapt"],"max_hp_gain":0,"max_hp_loss":0,"event_name":"The Mausoleum","floor":20,"gold_loss":0,"cards_obtained":["Writhe"]}],"is_beta":false,"boss_relics":[{"not_picked":["Coffee Dripper","Pandora\u0027s Box"],"picked":"Velvet Choker"}],"items_purged_floors":[21],"is_endless":false,"potions_floor_spawned":[3,8,14,16,19],"killed_by":"3 Cultists","ascension_level":5}