{"gold_per_floor":[119,194,204,204,215,215,242,242,288,288],"floor_reached":10,"playtime":239,"items_purged":[],"score":132,"play_id":"c106d423-37ba-4ac4-a8cd-e2ede2ebe8ba","local_time":"20190212180625","is_ascension_mode":true,"campfire_choices":[{"data":"Neutralize","floor":6.0,"key":"SMITH"},{"data":"Sucker Punch","floor":8,"key":"SMITH"}],"neow_cost":"NONE","seed_source_timestamp":1831667518782269,"circlet_count":0,"master_deck":["AscendersBane","Defend_G","Defend_G","Defend_G","Defend_G","Defend_G","Strike_G","Strike_G","Strike_G","Strike_G","Strike_G","Survivor","Neutralize+1","Bouncing Flask","Dagger Spray","Sucker Punch+1"],"special_seed":0,"relics":["Ring of the Snake","Centennial Puzzle","Pen Nib"],"potions_floor_usage":[7,10],"damage_taken":[{"damage":0.0,"enemies":"2 Louse","floor":1.0,"turns":3.0},{"damage":4.0,"enemies":"Jaw Worm","floor":3.0,"turns":3.0},{"damage":1.0,"enemies":"Cultist","floor":5.0,"turns":4.0},{"damage":26,"enemies":"Gremlin Nob","floor":7,"turns":4},{"damage":30,"enemies":"3 Sentries","floor":10,"turns":6}],"seed_played":"8437250574292986019","potions_obtained":[{"floor":3.0,"key":"Poison Potion"},{"floor":7,"key":"Strength Potion"}],"is_trial":false,"path_per_floor":["M","?","M","?","M","R","E","R","T","E"],"character_chosen":"THE_SILENT","items_purchased":[],"campfire_rested":0,"item_purchase_floors":[],"current_hp_per_floor":[65,54,50,55,54,54,28,28,28,0],"gold":288,"neow_bonus":"TEN_PERCENT_HP_BONUS","is_prod":false,"is_daily":false,"chose_seed":false,"campfire_upgraded":2,"win_rate":0,"timestamp":1549962385,"path_taken":["M","?","M","?","M","R","E","R","T","E"],"build_version":"2019-01-23","purchased_purges":0,"victory":false,"max_hp_per_floor":[72,72,72,77,77,77,77,77,77,77],"card_choices":[{"not_picked":["Dagger Throw","Prepared"],"picked":"Bouncing Flask","floor":1.0},{"not_picked":["Eviscerate","Dagger Throw"],"picked":"Dagger Spray","floor":3.0},{"not_picked":["Underhanded Strike","Endless Agony"],"picked":"Sucker Punch","floor":5.0},{"not_picked":["Outmaneuver","Blade Dance","Dagger Spray"],"picked":"SKIP","floor":7}],"player_experience":1129342,"relics_obtained":[{"floor":7,"key":"Centennial Puzzle"},{"floor":9,"key":"Pen Nib"}],"event_choices":[{"damage_healed":0.0,"max_hp_gain":0.0,"max_hp_loss":0.0,"gold_gain":75.0,"event_name":"World of Goop","player_choice":"Gather Gold","floor":2.0,"gold_loss":0.0,"damage_taken":11.0},{"damage_healed":0.0,"max_hp_gain":5.0,"max_hp_loss":0.0,"gold_gain":0.0,"event_name":"Big Fish","player_choice":"Donut","floor":4.0,"gold_loss":0.0,"damage_taken":0.0}],"is_beta":false,"boss_relics":[],"items_purged_floors":[],"is_endless":false,"potions_floor_spawned":[3,7],"killed_by":"3 Sentries","ascension_level":20}