{"gold_per_floor":[363,191,191,205,219,219,249,249,249,249,282,294,319,3,3,105,105,125,125,142,81,97,97,125,125,125,125,150,150,50,50,50,153,153,170,224,244,255,355,355,373,373,373,385,402,436,436,450,450,450],"floor_reached":51,"playtime":2656,"items_purged":["Parasite","Strike_B","Strike_B"],"score":906,"play_id":"1d494f52-6501-49e7-a4d9-1e537e8ab68a","local_time":"20190216185929","is_ascension_mode":true,"campfire_choices":[{"floor":6,"key":"REST"},{"data":"Zap","floor":8,"key":"SMITH"},{"floor":15,"key":"REST"},{"data":"Defragment","floor":23,"key":"SMITH"},{"data":"Consume","floor":29,"key":"SMITH"},{"data":"Buffer","floor":32,"key":"SMITH"},{"floor":40,"key":"REST"},{"floor":42,"key":"REST"},{"floor":49,"key":"REST"}],"neow_cost":"CURSE","seed_source_timestamp":117154427004441,"circlet_count":0,"master_deck":["Defend_B+1","Defend_B+1","Defend_B","Zap+1","Dualcast","Defragment+1","Ball Lightning","FTL","Ball Lightning","Consume+1","Buffer+1","Genetic Algorithm","Coolheaded","Leap","Electrodynamics+1","Doom and Gloom+1","BootSequence","Loop+1","Conserve Battery+1","Echo Form+1","Glacier","Parasite","Reinforced Body+1","Buffer+1"],"relics":["FrozenCore","Incense Burner","The Courier","Torii","Frozen Egg 2","Singing Bowl","Matryoshka","Shuriken","Girya","Kunai","Mummified Hand","Busted Crown","Unceasing Top","Gambling Chip","Blue Candle","Art of War","Bottled Lightning","Ginger"],"potions_floor_usage":[7,11,16,18,18,24,41,50,50],"damage_taken":[{"damage":8,"enemies":"Jaw Worm","floor":1,"turns":4},{"damage":5,"enemies":"2 Louse","floor":4,"turns":3},{"damage":0,"enemies":"Small Slimes","floor":5,"turns":3},{"damage":6,"enemies":"Gremlin Nob","floor":7,"turns":3},{"damage":11,"enemies":"3 Sentries","floor":11,"turns":4},{"damage":15,"enemies":"3 Louse","floor":12,"turns":4},{"damage":2,"enemies":"Gremlin Nob","floor":13,"turns":4},{"damage":9,"enemies":"The Guardian","floor":16,"turns":11},{"damage":0,"enemies":"Spheric Guardian","floor":18,"turns":3},{"damage":2,"enemies":"Chosen","floor":20,"turns":3},{"damage":1,"enemies":"Centurion and Healer","floor":22,"turns":5},{"damage":25,"enemies":"Gremlin Leader","floor":24,"turns":6},{"damage":9,"enemies":"Slavers","floor":28,"turns":4},{"damage":8,"enemies":"Automaton","floor":33,"turns":10},{"damage":0,"enemies":"Orb Walker","floor":35,"turns":4},{"damage":29,"enemies":"2 Orb Walkers","floor":36,"turns":4},{"damage":0,"enemies":"3 Darklings","floor":37,"turns":3},{"damage":36,"enemies":"Writhing Mass","floor":38,"turns":6},{"damage":0,"enemies":"Mind Bloom Boss Battle","floor":39,"turns":7},{"damage":6,"enemies":"4 Shapes","floor":41,"turns":5},{"damage":0,"enemies":"3 Darklings","floor":44,"turns":3},{"damage":21,"enemies":"Spire Growth","floor":45,"turns":5},{"damage":0,"enemies":"Giant Head","floor":46,"turns":9},{"damage":30,"enemies":"Maw","floor":48,"turns":7},{"damage":23,"enemies":"Time Eater","floor":50,"turns":10}],"seed_played":"-6366085878922187395","potions_obtained":[{"floor":4,"key":"FocusPotion"},{"floor":7,"key":"Explosive Potion"},{"floor":13,"key":"SkillPotion"},{"floor":16,"key":"Swift Potion"},{"floor":22,"key":"Regen Potion"},{"floor":24,"key":"Ancient Potion"},{"floor":35,"key":"Strength Potion"},{"floor":38,"key":"Block Potion"},{"floor":39,"key":"Energy Potion"},{"floor":44,"key":"LiquidBronze"}],"is_trial":false,"path_per_floor":["M","$","?","M","M","R","E","R","T","?","E","M","E","$","R","B",null,"M","?","M","$","M","R","E","?","T","?","E","R","$","?","R","B",null,"M","?","M","M","?","R","M","R","T","M","M","E","?","M","R","B",null],"character_chosen":"DEFECT","items_purchased":["Ball Lightning","FTL","Matryoshka","Fire Potion","Loop+1"],"campfire_rested":5,"item_purchase_floors":[2,2,14,14,21],"current_hp_per_floor":[67,67,42,37,37,58,52,52,52,38,27,12,10,10,31,22,72,72,59,57,57,56,56,47,47,47,73,64,64,64,64,64,58,81,83,56,58,24,26,53,49,76,76,78,57,57,57,29,58,35],"gold":450,"neow_bonus":"TWO_FIFTY_GOLD","is_prod":false,"is_daily":false,"chose_seed":false,"campfire_upgraded":4,"win_rate":0,"timestamp":1550339969,"path_taken":["M","$","?","M","M","R","E","R","T","?","E","M","E","$","R","BOSS","M","?","M","$","M","R","E","?","T","?","E","R","$","?","R","BOSS","M","?","M","M","?","R","M","R","T","M","M","E","?","?","R","BOSS"],"build_version":"2019-01-23","purchased_purges":3,"victory":true,"max_hp_per_floor":[75,72,72,72,72,72,72,72,72,72,72,72,72,72,72,72,72,72,77,77,77,77,77,79,79,79,79,79,79,79,79,79,81,81,83,85,87,89,91,91,93,93,93,95,95,95,95,97,97,97],"card_choices":[{"not_picked":["Force Field","Streamline"],"picked":"Defragment","floor":1},{"not_picked":["Cold Snap","Rebound"],"picked":"Ball Lightning","floor":4},{"not_picked":["Turbo","Conserve Battery"],"picked":"Consume","floor":5},{"not_picked":["Gash","Ball Lightning"],"picked":"Buffer","floor":7},{"not_picked":["Steam Power","Gash"],"picked":"Genetic Algorithm","floor":11},{"not_picked":["Compile Driver","Ball Lightning"],"picked":"Coolheaded","floor":12},{"not_picked":["Undo","Steam Power"],"picked":"Leap","floor":13},{"not_picked":["Fission","Meteor Strike"],"picked":"Electrodynamics+1","floor":16},{"not_picked":["Sweeping Beam","Redo"],"picked":"Doom and Gloom+1","floor":18},{"not_picked":["Barrage","Consume"],"picked":"BootSequence","floor":20},{"not_picked":["Redo","Compile Driver+1"],"picked":"Conserve Battery+1","floor":22},{"not_picked":["Rip and Tear+1","Stack","Consume"],"picked":"Singing Bowl","floor":24},{"not_picked":["Steam","Compile Driver+1"],"picked":"Glacier","floor":28},{"not_picked":["Fission","All For One","Electrodynamics+1"],"picked":"Singing Bowl","floor":33},{"not_picked":["Beam Cell"],"picked":"Singing Bowl","floor":35},{"not_picked":["Go for the Eyes"],"picked":"Singing Bowl","floor":36},{"not_picked":["Gash+1"],"picked":"Singing Bowl","floor":37},{"not_picked":["Gash"],"picked":"Singing Bowl","floor":38},{"not_picked":["Melter+1"],"picked":"Singing Bowl","floor":39},{"not_picked":["Heatsinks+1"],"picked":"Singing Bowl","floor":41},{"not_picked":["Conserve Battery"],"picked":"Singing Bowl","floor":44},{"not_picked":[],"picked":"Reinforced Body+1","floor":45},{"not_picked":[],"picked":"Buffer+1","floor":46},{"not_picked":["Rebound+1"],"picked":"Singing Bowl","floor":48}],"player_experience":205750,"relics_obtained":[{"floor":7,"key":"The Courier"},{"floor":9,"key":"Torii"},{"floor":11,"key":"Frozen Egg 2"},{"floor":13,"key":"Singing Bowl"},{"floor":24,"key":"Shuriken"},{"floor":26,"key":"Girya"},{"floor":26,"key":"Kunai"},{"floor":28,"key":"Mummified Hand"},{"floor":36,"key":"Unceasing Top"},{"floor":39,"key":"Gambling Chip"},{"floor":43,"key":"Blue Candle"},{"floor":43,"key":"Art of War"},{"floor":46,"key":"Bottled Lightning"}],"event_choices":[{"damage_healed":0,"gold_gain":0,"player_choice":"Success","damage_taken":25,"relics_obtained":["Incense Burner"],"max_hp_gain":0,"max_hp_loss":0,"event_name":"Scrap Ooze","floor":3,"gold_loss":0},{"damage_healed":0,"gold_gain":0,"player_choice":"Entered Light","damage_taken":14,"max_hp_gain":0,"max_hp_loss":0,"event_name":"Shining Light","floor":10,"gold_loss":0,"cards_upgraded":["Defend_B","Defend_B"]},{"damage_healed":0,"gold_gain":0,"player_choice":"Shed Blood","damage_taken":18,"max_hp_gain":5,"max_hp_loss":0,"event_name":"Forgotten Altar","floor":19,"gold_loss":0},{"damage_healed":0,"gold_gain":0,"cards_transformed":["Strike_B","Strike_B"],"player_choice":"Became Test Subject","damage_taken":0,"max_hp_gain":0,"max_hp_loss":0,"event_name":"Drug Dealer","floor":25,"gold_loss":0,"cards_obtained":["Echo Form","Scrape"]},{"damage_healed":26,"gold_gain":0,"player_choice":"Heal","damage_taken":0,"max_hp_gain":0,"max_hp_loss":0,"event_name":"The Library","floor":27,"gold_loss":0},{"cards_removed":["Defend_B"],"damage_healed":0,"gold_gain":0,"player_choice":"Elegance","damage_taken":0,"max_hp_gain":0,"max_hp_loss":0,"event_name":"Back to Basics","floor":31,"gold_loss":0},{"damage_healed":0,"gold_gain":0,"player_choice":"Fight","damage_taken":0,"max_hp_gain":0,"max_hp_loss":0,"event_name":"Mysterious Sphere","floor":36,"gold_loss":0},{"damage_healed":0,"gold_gain":0,"player_choice":"Fight","damage_taken":0,"max_hp_gain":0,"max_hp_loss":0,"event_name":"MindBloom","floor":39,"gold_loss":0},{"cards_removed":["Scrape"],"damage_healed":0,"gold_gain":0,"player_choice":"Gave Card","damage_taken":0,"relics_obtained":["Ginger"],"max_hp_gain":0,"max_hp_loss":0,"event_name":"WeMeetAgain","floor":47,"gold_loss":0}],"is_beta":false,"boss_relics":[{"not_picked":["Pandora\u0027s Box","Velvet Choker"],"picked":"FrozenCore"},{"not_picked":["White Beast Statue","Lizard Tail"],"picked":"Busted Crown"}],"items_purged_floors":[2,14,30],"is_endless":false,"potions_floor_spawned":[4,7,13,16,22,24,35,38,39,44,45],"ascension_level":2}