{"gold_per_floor":[116,5,80,80,4,38,38,66,66,100,112,134,158,185,197,286,298,328,350,312,338,350,362,386,412,449,474,486,512,524,536,548,560],"floor_reached":33,"playtime":1044,"items_purged":["Strike_G"],"score":684,"play_id":"6edf9277-aa0d-45f1-9501-f2e32352cd4b","local_time":"20190128165319","is_ascension_mode":true,"campfire_choices":[{"data":"Deadly Poison","floor":7.0,"key":"SMITH"},{"data":"Catalyst","floor":11.0,"key":"SMITH"},{"data":"Catalyst","floor":15.0,"key":"SMITH"},{"floor":23.0,"key":"REST"},{"floor":28,"key":"REST"},{"floor":30,"key":"REST"},{"floor":32,"key":"REST"}],"neow_cost":"NONE","seed_source_timestamp":1582283190127412,"circlet_count":0,"master_deck":["AscendersBane","Defend_G","Defend_G","Defend_G","Defend_G","Defend_G","Strike_G","Survivor","Neutralize+1","Endless Agony","Catalyst+1","Poisoned Stab","Deflect","Deadly Poison+1","Leg Sweep","Deadly Poison","Flying Knee","Catalyst+1","Well Laid Plans","Malaise","Caltrops+1","Bouncing Flask+1","Choke+1","PiercingWail+1","Backflip","Corpse Explosion","Acrobatics","Footwork","Dodge and Roll+1"],"special_seed":0,"relics":["Ring of the Snake","NeowsBlessing","PreservedInsect","Dream Catcher","Mercury Hourglass","MawBank","Astrolabe","Lantern","Question Card"],"potions_floor_usage":[],"damage_taken":[{"damage":0.0,"enemies":"Jaw Worm","floor":1.0,"turns":1.0},{"damage":0.0,"enemies":"Lagavulin","floor":6.0,"turns":1.0},{"damage":0.0,"enemies":"Gremlin Nob","floor":8.0,"turns":1.0},{"damage":12.0,"enemies":"Lagavulin","floor":10.0,"turns":5.0},{"damage":0.0,"enemies":"2 Louse","floor":12.0,"turns":2.0},{"damage":0.0,"enemies":"Cultist","floor":13.0,"turns":2.0},{"damage":6.0,"enemies":"Exordium Thugs","floor":14.0,"turns":4.0},{"damage":16.0,"enemies":"The Guardian","floor":16.0,"turns":7.0},{"damage":0.0,"enemies":"Chosen","floor":18.0,"turns":3.0},{"damage":9.0,"enemies":"Spheric Guardian","floor":19.0,"turns":4.0},{"damage":38.0,"enemies":"Centurion and Healer","floor":21.0,"turns":8.0},{"damage":9,"enemies":"Snake Plant","floor":24,"turns":3},{"damage":1,"enemies":"Snecko","floor":25,"turns":4},{"damage":14,"enemies":"Chosen and Byrds","floor":27,"turns":5},{"damage":7,"enemies":"Centurion and Healer","floor":29,"turns":4},{"damage":54,"enemies":"Automaton","floor":33,"turns":8}],"seed_played":"-6936843228457722088","potions_obtained":[{"floor":1.0,"key":"Weak Potion"},{"floor":13.0,"key":"EssenceOfSteel"},{"floor":14.0,"key":"Energy Potion"},{"floor":27,"key":"Strength Potion"}],"is_trial":false,"path_per_floor":["M","$","?","?","$","E","R","E","T","E","R","M","M","M","R","B",null,"M","M","?","M","?","R","M","M","T","M","R","M","R","T","R","B"],"character_chosen":"THE_SILENT","items_purchased":["Catalyst","Poisoned Stab","Deflect"],"campfire_rested":4,"item_purchase_floors":[2,5,5],"current_hp_per_floor":[59,59,48,48,48,48,48,48,48,36,36,36,36,30,30,14,53,53,44,44,6,6,25,16,15,15,1,20,13,32,32,51,0],"gold":560,"neow_bonus":"THREE_ENEMY_KILL","is_prod":false,"is_daily":false,"chose_seed":false,"campfire_upgraded":3,"win_rate":0,"timestamp":1548712399,"path_taken":["M","$","?","?","?","E","R","E","T","E","R","M","?","M","R","BOSS","M","M","?","?","?","R","M","?","T","M","R","M","R","?","R","BOSS"],"build_version":"2019-01-23","purchased_purges":1,"victory":false,"max_hp_per_floor":[66,66,66,66,66,66,66,66,66,66,66,66,66,66,66,66,66,66,66,66,66,66,66,66,66,66,66,66,66,66,66,66,66],"card_choices":[{"not_picked":["Prepared","Underhanded Strike"],"picked":"Endless Agony","floor":1.0},{"not_picked":["Acrobatics","Sucker Punch"],"picked":"Deadly Poison","floor":6.0},{"not_picked":["Setup","Poisoned Stab"],"picked":"Leg Sweep","floor":8.0},{"not_picked":["Prepared","Cloak And Dagger"],"picked":"Deadly Poison","floor":10.0},{"not_picked":["Endless Agony","Quick Slash"],"picked":"Flying Knee","floor":12.0},{"not_picked":["Underhanded Strike","Calculated Gamble"],"picked":"Catalyst","floor":13.0},{"not_picked":["Backflip","Dagger Spray"],"picked":"Well Laid Plans","floor":14.0},{"not_picked":["Envenom","Bullet Time"],"picked":"Malaise","floor":16.0},{"not_picked":["Tactician","Well Laid Plans"],"picked":"PiercingWail+1","floor":18.0},{"not_picked":["Backstab","Deflect"],"picked":"Backflip","floor":19.0},{"not_picked":["Quick Slash","Poisoned Stab"],"picked":"Corpse Explosion","floor":21.0},{"not_picked":["Riddle With Holes","Eviscerate","Poisoned Stab"],"picked":"SKIP","floor":24},{"not_picked":["Choke","Deadly Poison"],"picked":"Acrobatics","floor":25},{"not_picked":["Deadly Poison","Flying Knee","Masterful Stab"],"picked":"SKIP","floor":27},{"not_picked":["Quick Slash","Die Die Die","Setup"],"picked":"SKIP","floor":29},{"not_picked":["Predator","Sucker Punch"],"picked":"Footwork","floor":30},{"not_picked":["Underhanded Strike","Expertise","Heel Hook"],"picked":"Dodge and Roll+1","floor":32}],"player_experience":830945,"relics_obtained":[{"floor":6.0,"key":"PreservedInsect"},{"floor":8.0,"key":"Dream Catcher"},{"floor":9.0,"key":"Mercury Hourglass"},{"floor":10.0,"key":"MawBank"},{"floor":26,"key":"Lantern"},{"floor":31,"key":"Question Card"}],"event_choices":[{"damage_healed":0.0,"max_hp_gain":0.0,"max_hp_loss":0.0,"gold_gain":75.0,"event_name":"World of Goop","player_choice":"Gather Gold","floor":3.0,"gold_loss":0.0,"damage_taken":11.0},{"damage_healed":0.0,"max_hp_gain":0.0,"max_hp_loss":0.0,"gold_gain":0.0,"event_name":"Living Wall","player_choice":"Grow","floor":4.0,"gold_loss":0.0,"damage_taken":0.0,"cards_upgraded":["Neutralize"]},{"damage_healed":0.0,"max_hp_gain":0.0,"max_hp_loss":0.0,"gold_gain":0.0,"event_name":"The Joust","player_choice":"Bet on Murderer","floor":20.0,"gold_loss":50.0,"damage_taken":0.0},{"damage_healed":0.0,"max_hp_gain":0.0,"max_hp_loss":0.0,"gold_gain":0.0,"event_name":"FaceTrader","player_choice":"Leave","floor":22.0,"gold_loss":0.0,"damage_taken":0.0}],"is_beta":false,"boss_relics":[{"not_picked":["Runic Pyramid","Eternal Feather"],"picked":"Astrolabe"}],"items_purged_floors":[2],"is_endless":false,"potions_floor_spawned":[1,13,14,27],"killed_by":"Automaton","ascension_level":20}