{"gold_per_floor":[19,30,44,44,15,79,97,97,121,138,171,171,171,187,187,288,288,299,299,315,315,331,331,350,350,373,385,414,414,447,461,461,566,566,579,111,111,156,176,209,209,21,21,121,121,155,182,207,207,207,207,207,37,62,62],"floor_reached":56,"playtime":3431,"items_purged":["Strike_B"],"score":1415,"play_id":"29e98587-2439-4a38-b4cc-ed0ffa61a7df","local_time":"20181119042358","is_ascension_mode":true,"campfire_choices":[{"data":"Zap","floor":8,"key":"SMITH"},{"floor":13,"key":"REST"},{"data":"Echo Form","floor":15,"key":"SMITH"},{"data":"Glacier","floor":23,"key":"SMITH"},{"floor":25,"key":"REST"},{"floor":29,"key":"REST"},{"data":"Echo Form","floor":32,"key":"SMITH"},{"floor":41,"key":"RECALL"},{"data":"Beam Cell","floor":45,"key":"SMITH"},{"data":"Fission","floor":49,"key":"SMITH"},{"data":"Stack","floor":52,"key":"SMITH"}],"neow_cost":"NO_GOLD","seed_source_timestamp":2157069582654576,"circlet_count":0,"master_deck":["Strike_B","Strike_B","Strike_B","Defend_B","Defend_B","Defend_B","Defend_B+1","Zap+1","Dualcast","Echo Form+1","Turbo","Rebound+1","Conserve Battery+1","Conserve Battery","Gash","Steam","Echo Form+1","Gash","Conserve Battery+1","Glacier+1","Capacitor+1","Undo","Auto Shields+1","Conserve Battery+1","All For One","Gash+1","Cold Snap","Barrage","Go for the Eyes+1","Leap","Beam Cell+1","Fission+1","Stack+1","Cold Snap","Defragment+1"],"relics":["Cracked Core","Ancient Tea Set","Tiny Chest","Bronze Scales","Nunchaku","Runic Dome","Symbiotic Virus","Anchor","Sundial","Question Card","White Beast Statue","Runic Capacitor","Calipers","Happy Flower","Oddly Smooth Stone","Pocketwatch","Bag of Marbles","Potion Belt","Emotion Chip","Pear"],"potions_floor_usage":[11,16,30,31,55,55,55,55,55,55,55,55,55,55],"damage_taken":[{"damage":0,"enemies":"Cultist","floor":1,"turns":4},{"damage":0,"enemies":"2 Louse","floor":2,"turns":3},{"damage":7,"enemies":"Small Slimes","floor":3,"turns":3},{"damage":16,"enemies":"Lagavulin","floor":6,"turns":6},{"damage":14,"enemies":"2 Fungi Beasts","floor":7,"turns":3},{"damage":3,"enemies":"Red Slaver","floor":10,"turns":2},{"damage":6,"enemies":"Gremlin Nob","floor":11,"turns":3},{"damage":2,"enemies":"Exordium Thugs","floor":14,"turns":5},{"damage":10,"enemies":"Hexaghost","floor":16,"turns":9},{"damage":14,"enemies":"2 Thieves","floor":18,"turns":4},{"damage":2,"enemies":"3 Byrds","floor":20,"turns":4},{"damage":0,"enemies":"Cultist and Chosen","floor":22,"turns":6},{"damage":7,"enemies":"Centurion and Healer","floor":24,"turns":12},{"damage":9,"enemies":"Sentry and Sphere","floor":27,"turns":4},{"damage":23,"enemies":"Book of Stabbing","floor":28,"turns":5},{"damage":10,"enemies":"Slavers","floor":30,"turns":6},{"damage":3,"enemies":"Shelled Parasite and Fungi","floor":31,"turns":6},{"damage":26,"enemies":"Champ","floor":33,"turns":17},{"damage":0,"enemies":"3 Shapes","floor":35,"turns":6},{"damage":5,"enemies":"3 Darklings","floor":39,"turns":8},{"damage":0,"enemies":"Nemesis","floor":40,"turns":7},{"damage":3,"enemies":"Mind Bloom Boss Battle","floor":44,"turns":8},{"damage":9,"enemies":"Reptomancer","floor":46,"turns":8},{"damage":0,"enemies":"Giant Head","floor":48,"turns":9},{"damage":2,"enemies":"Donu and Deca","floor":50,"turns":14},{"damage":74,"enemies":"Shield and Spear","floor":54,"turns":14},{"damage":2,"enemies":"The Heart","floor":55,"turns":12}],"seed_played":"-728460986120259047","potions_obtained":[{"floor":2,"key":"SteroidPotion"},{"floor":6,"key":"LiquidBronze"},{"floor":11,"key":"PowerPotion"},{"floor":14,"key":"Swift Potion"},{"floor":16,"key":"Fire Potion"},{"floor":24,"key":"EntropicBrew"},{"floor":30,"key":"SneckoOil"},{"floor":33,"key":"GamblersBrew"},{"floor":48,"key":"SteroidPotion"}],"is_trial":false,"path_per_floor":["M","M","M","?","?","E","M","R","T","M","E","?","R","M","R","B",null,"M","?","M","T","M","R","M","R","T","M","E","R","E","M","R","B",null,"M","$","?","T","M","E","R","$","T","?","R","E","T","E","R","B",null,"R","$","E","B",null],"character_chosen":"DEFECT","items_purchased":["Runic Capacitor","FocusPotion","FocusPotion","Cold Snap","Happy Flower","Leap","Dexterity Potion","LiquidBronze","Cold Snap"],"campfire_rested":3,"item_purchase_floors":[36,36,36,36,42,42,53,53,53],"current_hp_per_floor":[75,75,68,65,65,49,35,35,35,32,26,11,33,31,31,21,75,61,61,59,59,59,59,52,74,74,65,42,64,54,51,51,25,75,75,75,75,75,70,70,70,70,70,67,67,58,58,58,58,56,75,75,75,11,24],"gold":62,"neow_bonus":"THREE_RARE_CARDS","is_prod":false,"is_daily":false,"chose_seed":false,"campfire_upgraded":7,"win_rate":0,"timestamp":1542619438,"path_taken":["M","M","M","?","?","E","M","R","T","M","E","?","R","M","R","BOSS","M","?","?","?","M","R","M","R","T","M","E","R","E","M","R","BOSS","M","$","?","?","M","E","R","?","T","?","R","E","?","E","R","BOSS","R","$","E","BOSS"],"build_version":"2018-11-15","purchased_purges":1,"victory":true,"max_hp_per_floor":[75,75,75,75,75,75,75,75,75,75,75,75,75,75,75,75,75,75,75,75,75,75,75,75,75,75,75,75,75,75,75,75,75,75,75,75,75,75,75,75,75,75,75,75,75,75,75,75,75,75,75,75,75,85,85],"card_choices":[{"not_picked":["Seek","Buffer"],"picked":"Echo Form","floor":0},{"not_picked":["Aggregate","Beam Cell"],"picked":"Turbo","floor":1},{"not_picked":["Barrage","Compile Driver","Beam Cell"],"picked":"SKIP","floor":2},{"not_picked":["Beam Cell","Barrage"],"picked":"Rebound","floor":3},{"not_picked":["Steam Power","Force Field"],"picked":"Conserve Battery","floor":6},{"not_picked":["Redo","Barrage"],"picked":"Conserve Battery","floor":7},{"not_picked":["Creative AI","Redo"],"picked":"Gash","floor":10},{"not_picked":["Turbo","Ball Lightning","Force Field"],"picked":"SKIP","floor":11},{"not_picked":["Tempest","Blizzard"],"picked":"Steam","floor":14},{"not_picked":["Reboot","Thunder Strike"],"picked":"Echo Form","floor":16},{"not_picked":["Steam","Rip and Tear+1"],"picked":"Gash","floor":18},{"not_picked":["Fusion","Redo"],"picked":"Conserve Battery+1","floor":20},{"not_picked":["Recycle","White Noise"],"picked":"Glacier","floor":22},{"not_picked":["Turbo","Barrage","Ball Lightning+1"],"picked":"SKIP","floor":24},{"not_picked":["Coolheaded","Barrage+1"],"picked":"Capacitor+1","floor":27},{"not_picked":["White Noise+1","Steam"],"picked":"Undo","floor":28},{"not_picked":["White Noise+1","Sweeping Beam"],"picked":"Auto Shields+1","floor":30},{"not_picked":["Go for the Eyes","Reprogram+1","Heatsinks"],"picked":"Conserve Battery+1","floor":31},{"not_picked":["Reboot","Biased Cognition","Meteor Strike"],"picked":"All For One","floor":33},{"not_picked":["Glacier","Conserve Battery","White Noise+1"],"picked":"Gash+1","floor":35},{"not_picked":["Chaos+1","Turbo+1","Rebound"],"picked":"Barrage","floor":39},{"not_picked":["Static Discharge","Ball Lightning+1","Hologram+1"],"picked":"Go for the Eyes+1","floor":40},{"not_picked":["Heatsinks","FTL+1","Leap+1"],"picked":"Beam Cell","floor":44},{"not_picked":["Sweeping Beam+1","Beam Cell","Redo+1"],"picked":"Fission","floor":46},{"not_picked":["Self Repair","Ball Lightning","Genetic Algorithm"],"picked":"Stack","floor":48},{"not_picked":["Cold Snap","Sweeping Beam+1","Melter+1"],"picked":"Defragment+1","floor":54}],"player_experience":3475397,"relics_obtained":[{"floor":6,"key":"Tiny Chest"},{"floor":9,"key":"Bronze Scales"},{"floor":11,"key":"Nunchaku"},{"floor":21,"key":"Symbiotic Virus"},{"floor":26,"key":"Anchor"},{"floor":28,"key":"Sundial"},{"floor":30,"key":"Question Card"},{"floor":40,"key":"Calipers"},{"floor":43,"key":"Oddly Smooth Stone"},{"floor":44,"key":"Pocketwatch"},{"floor":46,"key":"Bag of Marbles"},{"floor":47,"key":"Potion Belt"},{"floor":48,"key":"Emotion Chip"},{"floor":54,"key":"Pear"}],"event_choices":[{"damage_healed":0,"gold_gain":0,"player_choice":"Success","damage_taken":3,"relics_obtained":["Ancient Tea Set"],"max_hp_gain":0,"max_hp_loss":0,"event_name":"Scrap Ooze","floor":4,"gold_loss":0},{"damage_healed":0,"gold_gain":0,"player_choice":"Left Gold","damage_taken":0,"max_hp_gain":0,"max_hp_loss":0,"event_name":"World of Goop","floor":5,"gold_loss":29},{"damage_healed":0,"gold_gain":0,"player_choice":"Entered Light","damage_taken":15,"max_hp_gain":0,"max_hp_loss":0,"event_name":"Shining Light","floor":12,"gold_loss":0,"cards_upgraded":["Defend_B","Rebound"]},{"damage_healed":0,"gold_gain":0,"player_choice":"Upgraded","damage_taken":0,"max_hp_gain":0,"max_hp_loss":0,"event_name":"Upgrade Shrine","floor":19,"gold_loss":0,"cards_upgraded":["Conserve Battery"]},{"damage_healed":0,"gold_gain":0,"player_choice":"Ignored","damage_taken":0,"max_hp_gain":0,"max_hp_loss":0,"event_name":"Mysterious Sphere","floor":37,"gold_loss":0},{"damage_healed":0,"gold_gain":0,"player_choice":"Fight","damage_taken":0,"max_hp_gain":0,"max_hp_loss":0,"event_name":"MindBloom","floor":44,"gold_loss":0}],"is_beta":true,"boss_relics":[{"not_picked":["Tiny House","Cursed Key"],"picked":"Runic Dome"},{"not_picked":["Calling Bell","FrozenCore"],"picked":"White Beast Statue"}],"items_purged_floors":[36],"is_endless":false,"potions_floor_spawned":[2,6,11,14,16,18,22,24,30,33,35,39,40,44,46,48,54],"ascension_level":1}