{"gold_per_floor":[115,11,11,11,11,51,51,95,95,133,152,172,172,208,208,336,336,360,373,373,393,393,426,426,447,447,447,491,491,509,550,550,679,679,693,716,731,150,1149,1193,1193,1229,1229,1263,1263,1335,1353,539,539,539,539,539,22,61,61],"floor_reached":56,"playtime":4204,"items_purged":["Gash","Normality"],"score":1627,"play_id":"2463b836-dad4-469b-8900-9d3001fff7ea","local_time":"20190102044744","is_ascension_mode":true,"campfire_choices":[{"data":"Zap","floor":7,"key":"SMITH"},{"data":"Consume","floor":15,"key":"SMITH"},{"data":"Fission","floor":24,"key":"SMITH"},{"data":"Capacitor","floor":27,"key":"SMITH"},{"data":"Biased Cognition","floor":32,"key":"SMITH"},{"floor":41,"key":"REST"},{"floor":45,"key":"REST"},{"floor":49,"key":"RECALL"},{"data":"Chill","floor":52,"key":"SMITH"}],"neow_cost":"NONE","seed_source_timestamp":1441988358801309,"circlet_count":0,"master_deck":["Defend_B","Defend_B","Defend_B","Zap+1","Dualcast","Cold Snap","Capacitor+1","Go for the Eyes","Consume+1","Hologram","Cold Snap","Biased Cognition+1","Sunder","Fission+1","Leap","Chill","Coolheaded","Doom and Gloom","Beam Cell","Gash","Chill+1","Rebound","Machine Learning","Storm+1","Coolheaded+1","Steam+1","Ball Lightning+1","Reinforced Body+1","Redo+1","Self Repair","Leap","Normality","Thunder Strike","Skim+1","Storm","Leap","Leap","Coolheaded","Dark Shackles","Compile Driver+1","Blizzard+1","BootSequence","Heatsinks+1","Flash of Steel+1","Stack+1"],"relics":["Cracked Core","NeowsBlessing","Letter Opener","Blue Candle","Golden Idol","Darkstone Periapt","Symbiotic Virus","Bottled Lightning","Dodecahedron","Meat on the Bone","Runic Dome","Ice Cream","PreservedInsect","Gremlin Horn","WingedGreaves","Art of War","Astrolabe","FossilizedHelix","Tiny Chest","Nunchaku","Molten Egg 2","Cables","Mercury Hourglass","Blood Vial","Frozen Egg 2","OrangePellets","Bottled Tornado"],"potions_floor_usage":[10,16,16,19,23,23,28,31,33,40,44,55,55,55],"damage_taken":[{"damage":0,"enemies":"Cultist","floor":1,"turns":1},{"damage":0,"enemies":"Lagavulin","floor":6,"turns":1},{"damage":0,"enemies":"3 Sentries","floor":8,"turns":1},{"damage":12,"enemies":"Gremlin Nob","floor":10,"turns":3},{"damage":6,"enemies":"Jaw Worm","floor":11,"turns":3},{"damage":8,"enemies":"Small Slimes","floor":12,"turns":2},{"damage":5,"enemies":"Lagavulin","floor":14,"turns":5},{"damage":1,"enemies":"Slime Boss","floor":16,"turns":9},{"damage":0,"enemies":"Spheric Guardian","floor":18,"turns":3},{"damage":9,"enemies":"Chosen","floor":19,"turns":5},{"damage":17,"enemies":"Snake Plant","floor":21,"turns":4},{"damage":6,"enemies":"Book of Stabbing","floor":23,"turns":6},{"damage":0,"enemies":"3 Cultists","floor":25,"turns":5},{"damage":13,"enemies":"Gremlin Leader","floor":28,"turns":10},{"damage":0,"enemies":"Chosen and Byrds","floor":30,"turns":3},{"damage":12,"enemies":"Book of Stabbing","floor":31,"turns":4},{"damage":0,"enemies":"Automaton","floor":33,"turns":8},{"damage":0,"enemies":"3 Shapes","floor":35,"turns":4},{"damage":5,"enemies":"Orb Walker","floor":36,"turns":3},{"damage":11,"enemies":"Writhing Mass","floor":37,"turns":5},{"damage":37,"enemies":"Nemesis","floor":40,"turns":6},{"damage":0,"enemies":"Reptomancer","floor":42,"turns":3},{"damage":38,"enemies":"Nemesis","floor":44,"turns":5},{"damage":20,"enemies":"Maw","floor":47,"turns":4},{"damage":7,"enemies":"Awakened One","floor":50,"turns":14},{"damage":10,"enemies":"Shield and Spear","floor":54,"turns":4},{"damage":1,"enemies":"The Heart","floor":55,"turns":8}],"seed_played":"5117463819067636261","potions_obtained":[{"floor":1,"key":"Poison Potion"},{"floor":6,"key":"SneckoOil"},{"floor":8,"key":"SmokeBomb"},{"floor":11,"key":"Block Potion"},{"floor":14,"key":"Weak Potion"},{"floor":16,"key":"EntropicBrew"},{"floor":21,"key":"Regen Potion"},{"floor":25,"key":"Regen Potion"},{"floor":28,"key":"Regen Potion"},{"floor":33,"key":"GamblersBrew"},{"floor":37,"key":"Swift Potion"},{"floor":40,"key":"Energy Potion"},{"floor":42,"key":"SkillPotion"}],"is_trial":false,"path_per_floor":["M","$","T","?","?","E","R","E","T","E","M","M","?","E","R","B",null,"M","M","?","M","?","E","R","M","T","R","E","?","M","E","R","B",null,"M","M","M","$","?","E","R","E","T","E","R","T","M","$","R","B",null,"R","$","E","B",null],"character_chosen":"DEFECT","items_purchased":["Capacitor","Gash","FossilizedHelix","Self Repair","Leap","Tiny Chest","FocusPotion","Blood Vial","Leap","Coolheaded","Dark Shackles","Frozen Egg 2","Compile Driver+1","Blizzard+1","OrangePellets","BootSequence","Heatsinks+1","Flash of Steel+1"],"campfire_rested":2,"item_purchase_floors":[2,2,38,38,38,38,48,48,48,48,48,48,48,53,53,53,53,53],"current_hp_per_floor":[75,75,75,57,57,57,57,57,57,45,39,31,54,49,49,48,75,75,66,66,49,49,58,58,58,58,58,60,60,60,48,48,63,72,72,67,56,56,68,50,75,82,82,51,76,76,63,63,63,65,84,84,84,74,82],"gold":61,"neow_bonus":"THREE_ENEMY_KILL","is_prod":false,"is_daily":false,"chose_seed":false,"campfire_upgraded":6,"win_rate":0,"timestamp":1546422464,"path_taken":["M","$","?","?","?","E","R","E","T","E","M","M","?","E","R","BOSS","M","M","?","?","?","E","R","?","T","R","E","?","M","E","R","BOSS","M","M","M","$","?","E","R","E","T","E","R","?","M","$","R","BOSS","R","$","E","BOSS"],"build_version":"2019-01-01v2","purchased_purges":2,"victory":true,"max_hp_per_floor":[75,75,75,75,69,69,69,69,69,69,69,69,75,75,75,75,75,75,75,75,75,72,72,72,72,72,72,72,72,72,72,72,72,72,72,72,72,72,84,84,84,84,84,84,84,84,84,84,84,84,84,84,84,84,84],"card_choices":[{"not_picked":["Reinforced Body","Turbo"],"picked":"Cold Snap","floor":1},{"not_picked":["Stack","Beam Cell"],"picked":"Go for the Eyes","floor":6},{"not_picked":["Force Field","Ball Lightning"],"picked":"Consume","floor":8},{"not_picked":["Blizzard","Fusion"],"picked":"Hologram","floor":10},{"not_picked":["White Noise","Turbo"],"picked":"Cold Snap","floor":11},{"not_picked":["Redo","Turbo"],"picked":"Biased Cognition","floor":12},{"not_picked":["Compile Driver","Sweeping Beam"],"picked":"Sunder","floor":14},{"not_picked":["Thunder Strike","Seek"],"picked":"Fission","floor":16},{"not_picked":["Blizzard","Gash+1"],"picked":"Leap","floor":18},{"not_picked":["Turbo+1","Loop"],"picked":"Chill","floor":19},{"not_picked":["Rebound","Redo","Storm"],"picked":"SKIP","floor":21},{"not_picked":["Beam Cell","Rebound","Sunder"],"picked":"SKIP","floor":23},{"not_picked":["Conserve Battery","Beam Cell+1"],"picked":"Coolheaded","floor":25},{"not_picked":["Compile Driver","FTL"],"picked":"Doom and Gloom","floor":28},{"not_picked":["Fission","Static Discharge"],"picked":"Chill","floor":30},{"not_picked":["Sweeping Beam","Hologram"],"picked":"Rebound","floor":31},{"not_picked":["Multi-Cast","Hyperbeam"],"picked":"Machine Learning","floor":33},{"not_picked":["Go for the Eyes","Rip and Tear+1"],"picked":"Ball Lightning+1","floor":35},{"not_picked":["Rip and Tear","Gash+1"],"picked":"Reinforced Body+1","floor":36},{"not_picked":["Stack","Hello World+1"],"picked":"Redo+1","floor":37},{"not_picked":["Skim+1","Beam Cell+1"],"picked":"Thunder Strike","floor":40},{"not_picked":["Beam Cell","Recycle"],"picked":"Skim+1","floor":42},{"not_picked":["Aggregate","Rip and Tear+1"],"picked":"Storm","floor":44},{"not_picked":["Loop","Sweeping Beam+1"],"picked":"Leap","floor":47},{"not_picked":["Ball Lightning+1","Beam Cell+1"],"picked":"Stack+1","floor":54}],"player_experience":3959395,"relics_obtained":[{"floor":3,"key":"Letter Opener"},{"floor":6,"key":"Darkstone Periapt"},{"floor":8,"key":"Symbiotic Virus"},{"floor":9,"key":"Bottled Lightning"},{"floor":10,"key":"Dodecahedron"},{"floor":14,"key":"Meat on the Bone"},{"floor":23,"key":"PreservedInsect"},{"floor":26,"key":"Gremlin Horn"},{"floor":28,"key":"WingedGreaves"},{"floor":31,"key":"Art of War"},{"floor":40,"key":"Nunchaku"},{"floor":42,"key":"Molten Egg 2"},{"floor":44,"key":"Cables"},{"floor":46,"key":"Mercury Hourglass"},{"floor":54,"key":"Bottled Tornado"}],"event_choices":[{"damage_healed":0,"gold_gain":0,"player_choice":"Success","damage_taken":18,"relics_obtained":["Blue Candle"],"max_hp_gain":0,"max_hp_loss":0,"event_name":"Scrap Ooze","floor":4,"gold_loss":0},{"damage_healed":0,"gold_gain":0,"player_choice":"Lose Max HP","damage_taken":0,"relics_obtained":["Golden Idol"],"max_hp_gain":0,"max_hp_loss":6,"event_name":"Golden Idol","floor":5,"gold_loss":0},{"damage_healed":17,"gold_gain":0,"player_choice":"Healed and dodged fight","damage_taken":0,"max_hp_gain":0,"max_hp_loss":0,"event_name":"Mushrooms","floor":13,"gold_loss":0,"cards_obtained":["Parasite"]},{"damage_healed":0,"gold_gain":0,"player_choice":"Gave Potion","damage_taken":0,"relics_obtained":["Ice Cream"],"max_hp_gain":0,"max_hp_loss":0,"event_name":"WeMeetAgain","floor":20,"gold_loss":0},{"cards_removed":["Parasite"],"damage_healed":0,"gold_gain":0,"player_choice":"Removed Curses","damage_taken":0,"max_hp_gain":0,"max_hp_loss":0,"event_name":"Fountain of Cleansing","floor":22,"gold_loss":0},{"damage_healed":0,"gold_gain":0,"cards_transformed":["Strike_B","Strike_B"],"player_choice":"Became Test Subject","damage_taken":0,"max_hp_gain":0,"max_hp_loss":0,"event_name":"Drug Dealer","floor":29,"gold_loss":0,"cards_obtained":["Beam Cell","Gash"]},{"damage_healed":0,"gold_gain":999,"player_choice":"Gold","damage_taken":0,"max_hp_gain":0,"max_hp_loss":0,"event_name":"MindBloom","floor":39,"gold_loss":0,"cards_obtained":["Normality","Normality"]}],"is_beta":true,"boss_relics":[{"not_picked":["Snecko Eye","Coffee Dripper"],"picked":"Runic Dome"},{"not_picked":["Velvet Choker","Fusion Hammer"],"picked":"Astrolabe"}],"items_purged_floors":[38,48],"is_endless":false,"potions_floor_spawned":[1,6,8,11,14,16,21,25,28,33,37,40,42],"ascension_level":1}