{"gold_per_floor":[118,293,313,313,330,330,358,358,383,383,397,431,443,460,460,561,561,561,561,486,156,96,96,21,21,21,21,21,21,21,21,21,21,21,21,0,0,0,0,0,0,0,0,0,0,0,0,0,0,0,0,0,0,0,0],"floor_reached":55,"playtime":3050,"items_purged":["Strike_B"],"score":842,"play_id":"5f63cf6f-3e0c-426a-8261-06493d6f482e","local_time":"20190121153549","is_ascension_mode":true,"campfire_choices":[{"data":"Go for the Eyes","floor":6,"key":"SMITH"},{"data":"Darkness","floor":8,"key":"SMITH"},{"data":"Dualcast","floor":10,"key":"SMITH"},{"data":"Loop","floor":15,"key":"SMITH"},{"floor":29,"key":"REST"},{"data":"Buffer","floor":32,"key":"SMITH"},{"floor":42,"key":"RECALL"},{"data":"Loop","floor":44,"key":"SMITH"},{"data":"Redo","floor":46,"key":"SMITH"},{"data":"Conserve Battery","floor":49,"key":"SMITH"},{"data":"Glacier","floor":52,"key":"SMITH"}],"neow_cost":"NONE","seed_source_timestamp":3123401280446116,"circlet_count":0,"master_deck":["Strike_B+1","Strike_B+1","Defend_B+1","Defend_B+1","Defend_B+1","Defend_B+1","Zap+1","Dualcast+1","Go for the Eyes+1","Sweeping Beam","Cold Snap","Darkness+1","Doom and Gloom","Loop+1","Steam","Loop+1","Buffer+1","Leap+1","Sunder","Redo+1","Cold Snap","Capacitor+1","Glacier+1","Seek","Doom and Gloom+1","Undo+1","Redo+1","Glacier+1","Conserve Battery+1","Hello World+1"],"relics":["Cracked Core","Lantern","Oddly Smooth Stone","Darkstone Periapt","Ectoplasm","Mercury Hourglass","Pantograph","Juzu Bracelet","Tiny House","Red Mask","DataDisk","Symbiotic Virus"],"potions_floor_usage":[16,16,33,35,37,40,40],"damage_taken":[{"damage":10,"enemies":"Small Slimes","floor":1,"turns":4},{"damage":0,"enemies":"2 Louse","floor":3,"turns":2},{"damage":1,"enemies":"Cultist","floor":5,"turns":3},{"damage":13,"enemies":"3 Sentries","floor":7,"turns":8},{"damage":7,"enemies":"Blue Slaver","floor":11,"turns":3},{"damage":14,"enemies":"Lagavulin","floor":12,"turns":6},{"damage":0,"enemies":"Exordium Wildlife","floor":13,"turns":4},{"damage":0,"enemies":"Looter","floor":14,"turns":3},{"damage":0,"enemies":"Slime Boss","floor":16,"turns":4},{"damage":10,"enemies":"Shell Parasite","floor":18,"turns":6},{"damage":1,"enemies":"2 Thieves","floor":22,"turns":4},{"damage":7,"enemies":"Book of Stabbing","floor":23,"turns":5},{"damage":7,"enemies":"Snecko","floor":27,"turns":3},{"damage":14,"enemies":"Colosseum Slavers","floor":28,"turns":4},{"damage":13,"enemies":"Snake Plant","floor":30,"turns":5},{"damage":16,"enemies":"Collector","floor":33,"turns":11},{"damage":0,"enemies":"3 Shapes","floor":35,"turns":5},{"damage":0,"enemies":"3 Darklings","floor":37,"turns":4},{"damage":13,"enemies":"4 Shapes","floor":38,"turns":8},{"damage":6,"enemies":"Writhing Mass","floor":39,"turns":7},{"damage":21,"enemies":"Nemesis","floor":40,"turns":9},{"damage":0,"enemies":"3 Darklings","floor":41,"turns":6},{"damage":23,"enemies":"Spire Growth","floor":48,"turns":4},{"damage":0,"enemies":"Time Eater","floor":50,"turns":11},{"damage":63,"enemies":"Shield and Spear","floor":54,"turns":10},{"damage":60,"enemies":"The Heart","floor":55,"turns":5}],"seed_played":"-2625925786579063586","potions_obtained":[{"floor":3,"key":"FocusPotion"},{"floor":7,"key":"Dexterity Potion"},{"floor":12,"key":"AttackPotion"},{"floor":18,"key":"SpeedPotion"},{"floor":34,"key":"Explosive Potion"},{"floor":38,"key":"Regen Potion"},{"floor":39,"key":"Block Potion"},{"floor":54,"key":"FairyPotion"}],"is_trial":false,"path_per_floor":["?","?","M","?","?","$","?","?","?","?","?"],"character_chosen":"DEFECT","items_purchased":["Mercury Hourglass","Capacitor"],"campfire_rested":1,"item_purchase_floors":[21,24],"current_hp_per_floor":[72,72,72,72,71,71,58,58,58,58,51,37,37,37,37,37,82,72,78,78,78,77,70,70,62,62,55,41,67,54,54,54,63,93,93,93,93,80,74,68,68,68,68,68,68,68,68,45,45,70,88,88,88,25,0],"gold":0,"neow_bonus":"TEN_PERCENT_HP_BONUS","is_prod":false,"is_daily":false,"chose_seed":false,"campfire_upgraded":9,"win_rate":0,"timestamp":1548102949,"path_taken":["M","?","M","?","M","R","E","R","T","R","?","E","M","M","R","BOSS","M","?","?","$","M","E","?","?","T","M","?","R","M","?","R","BOSS","M","?","M","M","M","E","M","R","T","R","$","R","?","M","R","BOSS","R","$","E","BOSS"],"build_version":"2019-01-20","purchased_purges":1,"victory":false,"max_hp_per_floor":[82,82,82,82,82,82,82,82,82,82,82,82,82,82,82,82,82,82,88,88,88,88,88,88,88,88,88,88,88,88,88,88,88,93,93,93,93,93,93,93,93,93,93,93,93,93,88,88,88,88,88,88,88,88,88],"card_choices":[{"not_picked":["Turbo","Heatsinks"],"picked":"Go for the Eyes","floor":1},{"not_picked":["Leap","Compile Driver"],"picked":"Sweeping Beam","floor":3},{"not_picked":["Streamline","Leap"],"picked":"Cold Snap","floor":5},{"not_picked":["Chaos","Storm"],"picked":"Darkness","floor":7},{"not_picked":["Hologram","Beam Cell"],"picked":"Doom and Gloom","floor":11},{"not_picked":["Sunder","Go for the Eyes"],"picked":"Loop","floor":12},{"not_picked":["Genetic Algorithm","Turbo"],"picked":"Steam","floor":13},{"not_picked":["Reboot","Coolheaded"],"picked":"Loop","floor":14},{"not_picked":["All For One","Hyperbeam"],"picked":"Buffer","floor":16},{"not_picked":["Rip and Tear","Chill"],"picked":"Leap+1","floor":18},{"not_picked":["Compile Driver","Steam"],"picked":"Redo","floor":22},{"not_picked":["Rebound","Creative AI"],"picked":"Cold Snap","floor":23},{"not_picked":["Self Repair","Steam Power"],"picked":"Glacier","floor":27},{"not_picked":["Ball Lightning+1","Double Energy","Sweeping Beam"],"picked":"SKIP","floor":30},{"not_picked":["Machine Learning","Reboot"],"picked":"Seek","floor":33},{"not_picked":["Storm+1","Sweeping Beam+1"],"picked":"Doom and Gloom+1","floor":35},{"not_picked":["Redo","Compile Driver"],"picked":"Undo+1","floor":37},{"not_picked":["Sunder+1","Leap+1"],"picked":"Redo+1","floor":38},{"not_picked":["Beam Cell+1","Sweeping Beam+1","Gash+1"],"picked":"SKIP","floor":39},{"not_picked":["Go for the Eyes","Loop","All For One"],"picked":"SKIP","floor":40},{"not_picked":["Compile Driver","Cold Snap+1"],"picked":"Glacier+1","floor":41},{"not_picked":["Stack","Turbo+1"],"picked":"Conserve Battery","floor":48},{"not_picked":["Genetic Algorithm","Darkness"],"picked":"Hello World+1","floor":54}],"player_experience":4139882,"relics_obtained":[{"floor":7,"key":"Lantern"},{"floor":9,"key":"Oddly Smooth Stone"},{"floor":12,"key":"Darkstone Periapt"},{"floor":23,"key":"Pantograph"},{"floor":26,"key":"Juzu Bracelet"},{"floor":40,"key":"DataDisk"},{"floor":54,"key":"Symbiotic Virus"}],"event_choices":[{"damage_healed":0,"gold_gain":175,"player_choice":"AGREE","damage_taken":0,"max_hp_gain":0,"max_hp_loss":0,"event_name":"Liars Game","floor":2,"gold_loss":0,"cards_obtained":["Doubt"]},{"damage_healed":0,"gold_gain":0,"player_choice":"Upgraded","damage_taken":0,"max_hp_gain":0,"max_hp_loss":0,"event_name":"Upgrade Shrine","floor":4,"gold_loss":0,"cards_upgraded":["Zap"]},{"damage_healed":0,"gold_gain":0,"cards_transformed":["Doubt","Strike_B"],"player_choice":"Became Test Subject","damage_taken":0,"max_hp_gain":0,"max_hp_loss":0,"event_name":"Drug Dealer","floor":19,"gold_loss":0,"cards_obtained":["Normality","Sunder"]},{"cards_removed":["Normality"],"damage_healed":0,"gold_gain":0,"player_choice":"Gave Gold","damage_taken":0,"max_hp_gain":0,"max_hp_loss":0,"event_name":"Beggar","floor":20,"gold_loss":75},{"damage_healed":0,"gold_gain":0,"player_choice":"","damage_taken":8,"max_hp_gain":0,"max_hp_loss":0,"event_name":"Knowing Skull","floor":25,"potions_obtained":[],"gold_loss":0,"cards_obtained":[]},{"damage_healed":0,"gold_gain":0,"player_choice":"Fight","damage_taken":0,"max_hp_gain":0,"max_hp_loss":0,"event_name":"Colosseum","floor":28,"gold_loss":0},{"damage_healed":0,"gold_gain":0,"player_choice":"Fled From Nobs","damage_taken":0,"max_hp_gain":0,"max_hp_loss":0,"event_name":"Colosseum","floor":28,"gold_loss":0},{"damage_healed":0,"gold_gain":0,"player_choice":"Simplicity","damage_taken":0,"max_hp_gain":0,"max_hp_loss":0,"event_name":"Back to Basics","floor":31,"gold_loss":0,"cards_upgraded":["Strike_B","Strike_B","Defend_B","Defend_B","Defend_B","Defend_B"]},{"damage_healed":0,"gold_gain":0,"player_choice":"Paid","damage_taken":0,"relics_obtained":["Red Mask"],"max_hp_gain":0,"max_hp_loss":0,"event_name":"Tomb of Lord Red Mask","floor":36,"gold_loss":21},{"damage_healed":0,"gold_gain":0,"player_choice":"Max HP","damage_taken":0,"max_hp_gain":0,"max_hp_loss":5,"event_name":"Winding Halls","floor":47,"gold_loss":0}],"is_beta":true,"boss_relics":[{"not_picked":["Lizard Tail","White Beast Statue"],"picked":"Ectoplasm"},{"not_picked":["Black Star","Orrery"],"picked":"Tiny House"}],"items_purged_floors":[21],"is_endless":false,"potions_floor_spawned":[3,7,12,14,18,28,38,39,54],"killed_by":"The Heart","ascension_level":1}