{"gold_per_floor":[109,109,109,119,35,63,80,107,157,157,157,167,167,181,181,255,255,274,224,64,80,91,91,116,133,133,133,152,152,152,167,167,243,243,254,272,272,32,49,49,75,75,75,93,43,0,0,0,0,0],"floor_reached":50,"playtime":2150,"items_purged":["Strike_R","Strike_R"],"score":1075,"play_id":"521172a1-678f-42d9-bb15-436335afe552","local_time":"20190206181037","is_ascension_mode":true,"campfire_choices":[{"data":"Bash","floor":11.0,"key":"SMITH"},{"data":"Disarm","floor":13.0,"key":"SMITH"},{"data":"Iron Wave","floor":15.0,"key":"SMITH"},{"floor":23.0,"key":"REST"},{"floor":27.0,"key":"REST"},{"floor":29.0,"key":"REST"},{"floor":32.0,"key":"REST"},{"floor":40.0,"key":"REST"},{"floor":42.0,"key":"REST"},{"floor":47.0,"key":"REST"},{"floor":49.0,"key":"REST"}],"neow_cost":"NONE","seed_source_timestamp":0,"circlet_count":0,"master_deck":["AscendersBane","Strike_R","Strike_R","Defend_R","Defend_R+1","Defend_R","Defend_R","Bash+1","Armaments+1","True Grit","Sentinel","Pommel Strike","Anger+1","Sword Boomerang+1","Disarm+1","Iron Wave+1","Offering","Seeing Red","Corruption","Battle Trance","Seeing Red","Sword Boomerang","Heavy Blade+1","Feel No Pain","Demon Form+1","Shockwave","Headbutt","True Grit","Pummel","True Grit","Fiend Fire","Shockwave","Clothesline+1"],"special_seed":0,"relics":["Burning Blood","NeowsBlessing","Shuriken","Dream Catcher","Centennial Puzzle","Philosopher\u0027s Stone","Potion Belt","Oddly Smooth Stone","Busted Crown","Strawberry","Singing Bowl","Smiling Mask","Red Mask"],"potions_floor_usage":[],"damage_taken":[{"damage":0.0,"enemies":"Jaw Worm","floor":1.0,"turns":1.0},{"damage":0.0,"enemies":"Small Slimes","floor":4.0,"turns":1.0},{"damage":0.0,"enemies":"Lagavulin","floor":6.0,"turns":1.0},{"damage":3.0,"enemies":"2 Louse","floor":7.0,"turns":4.0},{"damage":29.0,"enemies":"3 Sentries","floor":8.0,"turns":10.0},{"damage":6.0,"enemies":"Lots of Slimes","floor":12.0,"turns":6.0},{"damage":13.0,"enemies":"Large Slime","floor":14.0,"turns":4.0},{"damage":32.0,"enemies":"The Guardian","floor":16.0,"turns":15.0},{"damage":13.0,"enemies":"Shell Parasite","floor":18.0,"turns":4.0},{"damage":15.0,"enemies":"3 Byrds","floor":21.0,"turns":4.0},{"damage":12.0,"enemies":"Centurion and Healer","floor":22.0,"turns":6.0},{"damage":22.0,"enemies":"Slavers","floor":24.0,"turns":4.0},{"damage":33.0,"enemies":"Snake Plant","floor":25.0,"turns":4.0},{"damage":18.0,"enemies":"Chosen and Byrds","floor":28.0,"turns":7.0},{"damage":11.0,"enemies":"Cultist and Chosen","floor":31.0,"turns":7.0},{"damage":47.0,"enemies":"Champ","floor":33.0,"turns":10.0},{"damage":26.0,"enemies":"3 Darklings","floor":35.0,"turns":5.0},{"damage":10.0,"enemies":"3 Shapes","floor":36.0,"turns":6.0},{"damage":25.0,"enemies":"Spire Growth","floor":39.0,"turns":5.0},{"damage":45.0,"enemies":"Nemesis","floor":41.0,"turns":7.0},{"damage":39.0,"enemies":"Jaw Worm Horde","floor":44.0,"turns":3.0},{"damage":71,"enemies":"Time Eater","floor":50,"turns":8}],"seed_played":"2454648632651020103","potions_obtained":[{"floor":4.0,"key":"Weak Potion"},{"floor":8.0,"key":"Poison Potion"},{"floor":12.0,"key":"SpeedPotion"},{"floor":18.0,"key":"Explosive Potion"},{"floor":25.0,"key":"Strength Potion"},{"floor":33.0,"key":"Energy Potion"},{"floor":35.0,"key":"Block Potion"},{"floor":39.0,"key":"LiquidBronze"}],"is_trial":false,"path_per_floor":["M","?","?","M","$","E","M","E","T","?","R","M","R","M","R","B",null,"M","?","$","M","M","R","E","M","T","R","M","R","?","M","R","B",null,"M","M","?","$","M","R","E","R","T","M","$","?","R","?","R","B"],"character_chosen":"IRONCLAD","items_purchased":["Sentinel","Corruption","Battle Trance","Strawberry"],"campfire_rested":8,"item_purchase_floors":[5,20,20,38],"current_hp_per_floor":[74,74,74,75,75,75,75,52,52,52,52,52,52,45,45,19,61,54,54,54,45,39,61,45,18,18,40,28,50,29,24,48,7,62,42,38,38,45,26,52,15,43,43,12,12,12,41,41,71,0],"gold":0,"neow_bonus":"THREE_ENEMY_KILL","is_prod":false,"is_daily":false,"chose_seed":false,"campfire_upgraded":3,"win_rate":0,"timestamp":1549494637,"path_taken":["M","?","?","M","$","E","M","E","T","?","R","?","R","M","R","BOSS","M","?","$","M","M","R","E","?","T","R","M","R","?","M","R","BOSS","M","M","?","$","M","R","E","R","T","M","?","?","R","?","R","BOSS"],"build_version":"2019-01-23","purchased_purges":2,"victory":false,"max_hp_per_floor":[75,75,75,75,75,75,75,75,75,75,75,75,75,75,75,75,75,75,75,75,75,75,75,75,75,75,75,75,75,80,80,80,80,80,80,80,80,87,87,87,89,91,91,93,93,93,95,95,97,97],"card_choices":[{"not_picked":["Body Slam","Entrench"],"picked":"Armaments","floor":1.0},{"not_picked":["Burning Pact","Clash"],"picked":"True Grit","floor":4.0},{"not_picked":["Ghostly Armor","True Grit"],"picked":"Pommel Strike","floor":6.0},{"not_picked":["Havoc","Sentinel"],"picked":"Anger","floor":7.0},{"not_picked":["Perfected Strike","Wild Strike"],"picked":"Sword Boomerang","floor":8.0},{"not_picked":["Clash","Sword Boomerang"],"picked":"Disarm","floor":12.0},{"not_picked":["Armaments","Brutality"],"picked":"Iron Wave","floor":14.0},{"not_picked":["Immolate","Barricade"],"picked":"Offering","floor":16.0},{"not_picked":["Armaments","Burning Pact+1"],"picked":"Seeing Red","floor":18.0},{"not_picked":["Armaments+1","Anger"],"picked":"Seeing Red","floor":21.0},{"not_picked":["Headbutt","True Grit"],"picked":"Sword Boomerang","floor":22.0},{"not_picked":["Anger","Wild Strike"],"picked":"Heavy Blade+1","floor":23.0},{"not_picked":["Twin Strike","Whirlwind"],"picked":"Feel No Pain","floor":24.0},{"not_picked":["Clash","Perfected Strike+1"],"picked":"Demon Form","floor":25.0},{"not_picked":["Cleave","Body Slam"],"picked":"Shockwave","floor":27.0},{"not_picked":["Blood for Blood","Body Slam"],"picked":"Headbutt","floor":28.0},{"not_picked":["Dropkick","Combust"],"picked":"True Grit","floor":29.0},{"not_picked":["Sword Boomerang","Corruption"],"picked":"Pummel","floor":31.0},{"not_picked":["Entrench","Heavy Blade"],"picked":"True Grit","floor":32.0},{"not_picked":["Exhume","Bludgeon"],"picked":"Fiend Fire","floor":33.0},{"not_picked":[],"picked":"Shockwave","floor":35.0},{"not_picked":["Ghostly Armor"],"picked":"SKIP","floor":36.0},{"not_picked":[],"picked":"Clothesline+1","floor":39.0},{"not_picked":["Havoc+1"],"picked":"Singing Bowl","floor":41.0},{"not_picked":["Warcry"],"picked":"Singing Bowl","floor":42.0},{"not_picked":["Combust+1"],"picked":"Singing Bowl","floor":44.0},{"not_picked":["Iron Wave"],"picked":"Singing Bowl","floor":47.0},{"not_picked":["Seeing Red+1"],"picked":"Singing Bowl","floor":49.0}],"player_experience":884823,"relics_obtained":[{"floor":6.0,"key":"Shuriken"},{"floor":8.0,"key":"Dream Catcher"},{"floor":9.0,"key":"Centennial Puzzle"},{"floor":24.0,"key":"Potion Belt"},{"floor":26.0,"key":"Oddly Smooth Stone"},{"floor":41.0,"key":"Singing Bowl"},{"floor":43.0,"key":"Smiling Mask"}],"event_choices":[{"damage_healed":0.0,"max_hp_gain":0.0,"max_hp_loss":0.0,"gold_gain":0.0,"event_name":"Living Wall","player_choice":"Grow","floor":2.0,"gold_loss":0.0,"damage_taken":0.0,"cards_upgraded":["Armaments"]},{"damage_healed":0.0,"max_hp_gain":0.0,"max_hp_loss":0.0,"gold_gain":0.0,"event_name":"The Cleric","player_choice":"Leave","floor":3.0,"gold_loss":0.0,"damage_taken":0.0},{"damage_healed":0.0,"max_hp_gain":0.0,"max_hp_loss":0.0,"gold_gain":0.0,"event_name":"Upgrade Shrine","player_choice":"Upgraded","floor":10.0,"gold_loss":0.0,"damage_taken":0.0,"cards_upgraded":["Anger"]},{"damage_healed":0.0,"max_hp_gain":0.0,"max_hp_loss":0.0,"gold_gain":0.0,"event_name":"Designer","player_choice":"Upgraded Two","floor":19.0,"gold_loss":50.0,"damage_taken":0.0,"cards_upgraded":["Sword Boomerang","Defend_R"]},{"damage_healed":0.0,"max_hp_gain":5.0,"max_hp_loss":0.0,"gold_gain":0.0,"event_name":"Forgotten Altar","player_choice":"Shed Blood","floor":30.0,"gold_loss":0.0,"damage_taken":26.0},{"cards_removed":["Strike_R"],"damage_healed":0.0,"max_hp_gain":0.0,"max_hp_loss":0.0,"gold_gain":0.0,"event_name":"Purifier","player_choice":"Purged","floor":37.0,"gold_loss":0.0,"damage_taken":0.0},{"damage_healed":0.0,"max_hp_gain":0.0,"max_hp_loss":0.0,"gold_gain":0.0,"event_name":"Tomb of Lord Red Mask","player_choice":"Paid","floor":46.0,"gold_loss":43.0,"damage_taken":0.0,"relics_obtained":["Red Mask"]},{"damage_healed":0.0,"max_hp_gain":0.0,"max_hp_loss":0.0,"gold_gain":0.0,"event_name":"Accursed Blacksmith","player_choice":"Forge","floor":48.0,"gold_loss":0.0,"damage_taken":0.0,"cards_upgraded":["Demon Form"]}],"is_beta":false,"boss_relics":[{"not_picked":["Lizard Tail","Cursed Key"],"picked":"Philosopher\u0027s Stone"},{"not_picked":["Eternal Feather","Astrolabe"],"picked":"Busted Crown"}],"items_purged_floors":[38,45],"is_endless":false,"potions_floor_spawned":[4,8,12,14,18,21,25,33,35,39],"killed_by":"Time Eater","ascension_level":20}