{"gold_per_floor":[112,112,135,6,281,281,314,333,333,356,356,396,396,439,439,560,560,574,524,537,462,477,477,492,492,492,523,547,587,626,6,6,130,130,145,161,161,174,1173,1209,1224,644,669,690,726,726,766,784,784,784,784,784,235,276,276],"floor_reached":56,"playtime":4755,"items_purged":["Regret","Strike_R","Strike_R","Strike_R"],"score":1788,"play_id":"db00f5ea-e00e-4671-9cd4-e4ff7aa3cadc","local_time":"20181206010401","is_ascension_mode":true,"campfire_choices":[{"data":"Discovery","floor":6,"key":"SMITH"},{"data":"Barricade","floor":11,"key":"SMITH"},{"data":"Armaments","floor":13,"key":"SMITH"},{"data":"True Grit","floor":15,"key":"SMITH"},{"data":"Feel No Pain","floor":23,"key":"SMITH"},{"data":"True Grit","floor":25,"key":"SMITH"},{"data":"True Grit","floor":32,"key":"SMITH"},{"floor":46,"key":"RECALL"},{"data":"Shockwave","floor":49,"key":"SMITH"},{"data":"Evolve","floor":52,"key":"SMITH"}],"neow_cost":"NONE","seed_source_timestamp":1019781545971370,"circlet_count":0,"master_deck":["Strike_R","Defend_R+1","Defend_R","Defend_R","Defend_R","Bash","Feel No Pain+1","Discovery+1","True Grit+1","Armaments+1","Anger","Barricade+1","Ghostly Armor+1","Ghostly Armor","Impervious","Iron Wave+1","Spot Weakness","True Grit+1","Havoc+1","Havoc+1","Shrug It Off+1","True Grit+1","Metallicize","Impervious","Anger","Inflame","Bloodletting+1","Evolve+1","Limit Break","Shockwave+1","Shrug It Off","Flex+1","Inflame","Body Slam+1","Seeing Red","Shockwave","Thinking Ahead","Shrug It Off","Metallicize"],"relics":["Burning Blood","NeowsBlessing","Golden Idol","Oddly Smooth Stone","Pear","Ice Cream","Question Card","Magic Flower","Runic Pyramid","Pen Nib","Omamori","Red Mask","WingedGreaves","Happy Flower","Sundial","Philosopher\u0027s Stone","PreservedInsect","Membership Card","Unceasing Top","War Paint","Blood Vial","Mummified Hand","Kunai","Pantograph","Art of War","Toy Ornithopter","Bronze Scales"],"potions_floor_usage":[12,12,24,27,27,29,29,55,55,55],"damage_taken":[{"damage":0,"enemies":"Jaw Worm","floor":1,"turns":1},{"damage":0,"enemies":"Lagavulin","floor":7,"turns":1},{"damage":0,"enemies":"Small Slimes","floor":8,"turns":1},{"damage":2,"enemies":"Cultist","floor":10,"turns":5},{"damage":16,"enemies":"Gremlin Nob","floor":12,"turns":4},{"damage":14,"enemies":"3 Sentries","floor":14,"turns":11},{"damage":3,"enemies":"Slime Boss","floor":16,"turns":12},{"damage":5,"enemies":"3 Byrds","floor":18,"turns":8},{"damage":0,"enemies":"Chosen","floor":20,"turns":7},{"damage":27,"enemies":"Snake Plant","floor":22,"turns":5},{"damage":1,"enemies":"Chosen and Byrds","floor":24,"turns":8},{"damage":15,"enemies":"Slavers","floor":27,"turns":10},{"damage":17,"enemies":"Masked Bandits","floor":29,"turns":6},{"damage":6,"enemies":"Book of Stabbing","floor":30,"turns":9},{"damage":0,"enemies":"Collector","floor":33,"turns":17},{"damage":0,"enemies":"3 Shapes","floor":35,"turns":7},{"damage":0,"enemies":"3 Darklings","floor":36,"turns":9},{"damage":0,"enemies":"Maw","floor":38,"turns":10},{"damage":10,"enemies":"Nemesis","floor":40,"turns":11},{"damage":0,"enemies":"Writhing Mass","floor":41,"turns":11},{"damage":3,"enemies":"3 Darklings","floor":44,"turns":7},{"damage":0,"enemies":"Giant Head","floor":45,"turns":9},{"damage":3,"enemies":"Nemesis","floor":47,"turns":7},{"damage":17,"enemies":"Jaw Worm Horde","floor":48,"turns":4},{"damage":35,"enemies":"Awakened One","floor":50,"turns":9},{"damage":3,"enemies":"Shield and Spear","floor":54,"turns":8},{"damage":6,"enemies":"The Heart","floor":55,"turns":8}],"seed_played":"2771119992357525755","potions_obtained":[{"floor":1,"key":"Swift Potion"},{"floor":8,"key":"Strength Potion"},{"floor":14,"key":"Poison Potion"},{"floor":20,"key":"Regen Potion"},{"floor":22,"key":"EntropicBrew"},{"floor":29,"key":"Ancient Potion"},{"floor":33,"key":"PowerPotion"}],"is_trial":false,"path_per_floor":["M","?","T","$","?","R","E","M","T","M","R","E","R","E","R","B",null,"M","?","M","$","M","R","M","R","T","E","T","?","E","$","R","B",null,"M","M","?","M","?","E","M","$","T","M","E","R","E","M","R","B",null,"R","$","E","B",null],"character_chosen":"IRONCLAD","items_purchased":["Discovery","True Grit","Happy Flower","True Grit","Sundial","Metallicize","Membership Card","Unceasing Top","Shockwave","Shrug It Off","War Paint","Dexterity Potion","Pantograph","Art of War","Toy Ornithopter","Shockwave","Thinking Ahead","Shrug It Off","Metallicize"],"campfire_rested":0,"item_purchase_floors":[4,4,31,31,31,31,42,42,42,42,42,42,53,53,53,53,53,53,53],"current_hp_per_floor":[80,60,60,60,60,60,76,82,82,86,86,76,76,68,68,74,90,90,90,90,90,72,72,80,80,80,90,90,82,85,85,85,90,90,90,90,90,90,90,89,90,90,90,90,90,90,90,82,82,59,90,90,90,90,90],"gold":276,"neow_bonus":"THREE_ENEMY_KILL","is_prod":false,"is_daily":false,"chose_seed":false,"campfire_upgraded":9,"win_rate":0,"timestamp":1544076241,"path_taken":["M","?","?","$","?","R","E","M","T","M","R","E","R","E","R","BOSS","M","?","?","?","M","R","M","R","T","E","?","?","E","$","R","BOSS","M","M","?","?","?","E","M","$","T","M","E","R","E","M","R","BOSS","R","$","E","BOSS"],"build_version":"2018-12-05","purchased_purges":4,"victory":true,"max_hp_per_floor":[80,80,80,80,80,80,90,90,90,90,90,90,90,90,90,90,90,90,90,90,90,90,90,90,90,90,90,90,90,90,90,90,90,90,90,90,90,90,90,90,90,90,90,90,90,90,90,90,90,90,90,90,90,90,90],"card_choices":[{"not_picked":["Dual Wield","Warcry"],"picked":"Feel No Pain","floor":1},{"not_picked":["Clash","Dropkick"],"picked":"Armaments","floor":7},{"not_picked":["Thunderclap","Perfected Strike"],"picked":"Anger","floor":8},{"not_picked":["Havoc","Bloodletting"],"picked":"Barricade","floor":10},{"not_picked":["Anger","Perfected Strike"],"picked":"Ghostly Armor","floor":12},{"not_picked":["Clash","Flame Barrier","Sword Boomerang"],"picked":"Ghostly Armor","floor":14},{"not_picked":["Feed","Bludgeon","Barricade"],"picked":"Impervious","floor":16},{"not_picked":["Clothesline","Pommel Strike","Thunderclap","Sword Boomerang"],"picked":"SKIP","floor":18},{"not_picked":["Dark Embrace","Clothesline","Sever Soul"],"picked":"Iron Wave+1","floor":20},{"not_picked":["Fire Breathing","Wild Strike+1","Clothesline"],"picked":"Spot Weakness","floor":22},{"not_picked":["Flex","Shrug It Off","Thunderclap"],"picked":"True Grit","floor":24},{"not_picked":["Armaments+1","Intimidate+1","Wild Strike+1"],"picked":"Havoc+1","floor":27},{"not_picked":["Bludgeon","Sword Boomerang","Evolve"],"picked":"Havoc+1","floor":29},{"not_picked":["Fire Breathing","Warcry","Pommel Strike"],"picked":"Shrug It Off+1","floor":30},{"not_picked":["Bludgeon","Immolate","Offering"],"picked":"Impervious","floor":33},{"not_picked":["Iron Wave","Infernal Blade+1","Headbutt+1"],"picked":"Anger","floor":35},{"not_picked":["Armaments+1","Warcry+1","Heavy Blade+1"],"picked":"Inflame","floor":36},{"not_picked":["Cleave","Rampage","True Grit+1"],"picked":"Bloodletting+1","floor":38},{"not_picked":["Metallicize+1","Sentinel","Twin Strike+1"],"picked":"Evolve","floor":40},{"not_picked":["Rupture","Ghostly Armor+1","Searing Blow+1"],"picked":"Limit Break","floor":41},{"not_picked":["Clash","Perfected Strike","Armaments+1"],"picked":"Flex+1","floor":44},{"not_picked":["Burning Pact+1","Cleave+1","Sword Boomerang+1"],"picked":"Inflame","floor":45},{"not_picked":["Thunderclap","Armaments+1","Clash"],"picked":"Body Slam+1","floor":47},{"not_picked":["Body Slam+1","Inflame+1","Searing Blow"],"picked":"Seeing Red","floor":48},{"not_picked":["Twin Strike+1","Thunderclap+1","Clash+1","Perfected Strike+1"],"picked":"SKIP","floor":54}],"player_experience":3681572,"relics_obtained":[{"floor":3,"key":"Oddly Smooth Stone"},{"floor":7,"key":"Pear"},{"floor":9,"key":"Ice Cream"},{"floor":12,"key":"Question Card"},{"floor":14,"key":"Magic Flower"},{"floor":27,"key":"Pen Nib"},{"floor":28,"key":"Omamori"},{"floor":29,"key":"Red Mask"},{"floor":30,"key":"WingedGreaves"},{"floor":40,"key":"PreservedInsect"},{"floor":43,"key":"Blood Vial"},{"floor":45,"key":"Mummified Hand"},{"floor":47,"key":"Kunai"},{"floor":54,"key":"Bronze Scales"}],"event_choices":[{"damage_healed":0,"gold_gain":0,"player_choice":"Take Damage","damage_taken":20,"relics_obtained":["Golden Idol"],"max_hp_gain":0,"max_hp_loss":0,"event_name":"Golden Idol","floor":2,"gold_loss":0},{"damage_healed":0,"gold_gain":275,"player_choice":"Desecrate","damage_taken":0,"max_hp_gain":0,"max_hp_loss":0,"event_name":"Golden Shrine","floor":5,"gold_loss":0,"cards_obtained":["Regret"]},{"damage_healed":0,"gold_gain":0,"player_choice":"Bet on Murderer","damage_taken":0,"max_hp_gain":0,"max_hp_loss":0,"event_name":"The Joust","floor":19,"gold_loss":50},{"damage_healed":0,"gold_gain":0,"player_choice":"Fought Bandits","damage_taken":0,"max_hp_gain":0,"max_hp_loss":0,"event_name":"Masked Bandits","floor":29,"gold_loss":0},{"cards_removed":["Strike_R"],"damage_healed":0,"gold_gain":0,"player_choice":"Offered Basic","damage_taken":0,"max_hp_gain":0,"max_hp_loss":0,"event_name":"Bonfire Elementals","floor":37,"gold_loss":0},{"damage_healed":0,"gold_gain":999,"player_choice":"Gold","damage_taken":0,"max_hp_gain":0,"max_hp_loss":0,"event_name":"MindBloom","floor":39,"gold_loss":0,"cards_obtained":["Normality","Normality"]}],"is_beta":true,"boss_relics":[{"not_picked":["Black Star","Eternal Feather"],"picked":"Runic Pyramid"},{"not_picked":["Empty Cage","Orrery"],"picked":"Philosopher\u0027s Stone"}],"items_purged_floors":[21,31,42,53],"is_endless":false,"potions_floor_spawned":[1,8,14,20,22,29,33,40,44,47,48],"ascension_level":1}