{"gold_per_floor":[115,115,115,127,52,52,84,84,84,114,131,145,145,45,45,143,143,153,253,168,186,44,77,77,77,77,77,112,63,63,75,75,174,174,184,184,184,184,195,224,224,254,254,283,283,298,331,342,342,342,342,342,119,149,149],"floor_reached":56,"playtime":3196,"items_purged":["Strike_R","Strike_R"],"score":1468,"play_id":"e9d1cc45-2b12-4e67-bc1f-951378994298","local_time":"20181117034543","is_ascension_mode":true,"campfire_choices":[{"data":"Anger","floor":6,"key":"SMITH"},{"data":"Battle Trance","floor":8,"key":"SMITH"},{"data":"Armaments","floor":13,"key":"SMITH"},{"data":"Battle Trance","floor":15,"key":"SMITH"},{"data":"Strike_R","floor":24,"key":"PURGE"},{"data":"Strike_R+1","floor":27,"key":"PURGE"},{"data":"True Grit","floor":30,"key":"SMITH"},{"data":"Anger","floor":32,"key":"SMITH"},{"floor":45,"key":"RECALL"},{"floor":49,"key":"REST"},{"data":"Defend_R","floor":52,"key":"PURGE"}],"neow_cost":"PERCENT_DAMAGE","seed_source_timestamp":1982285451628280,"circlet_count":0,"master_deck":["Defend_R","Defend_R","Defend_R","Bash+1","Anger+1","Battle Trance+1","Anger+1","Armaments+1","Battle Trance+1","Fiend Fire+1","Thunderclap","Dropkick","Power Through","True Grit+1","True Grit+1","Uppercut","Uppercut+1","Rage","Rage"],"relics":["Burning Blood","Mango","Incense Burner","Bag of Preparation","PreservedInsect","Busted Crown","Peace Pipe","Mercury Hourglass","Darkstone Periapt","Whetstone","Red Skull","Magic Flower","Lizard Tail","Ornamental Fan","Oddly Smooth Stone","Dodecahedron","Bottled Flame","Vajra","Strawberry"],"potions_floor_usage":[7,16,55,55,55],"damage_taken":[{"damage":3,"enemies":"Small Slimes","floor":1,"turns":3},{"damage":6,"enemies":"Jaw Worm","floor":4,"turns":2},{"damage":21,"enemies":"Lagavulin","floor":7,"turns":4},{"damage":21,"enemies":"3 Sentries","floor":10,"turns":6},{"damage":0,"enemies":"Cultist","floor":11,"turns":2},{"damage":0,"enemies":"3 Louse","floor":12,"turns":4},{"damage":0,"enemies":"The Guardian","floor":16,"turns":7},{"damage":5,"enemies":"Shell Parasite","floor":18,"turns":3},{"damage":2,"enemies":"Colosseum Slavers","floor":19,"turns":6},{"damage":0,"enemies":"Colosseum Nobs","floor":19,"turns":2},{"damage":5,"enemies":"2 Thieves","floor":21,"turns":2},{"damage":7,"enemies":"Book of Stabbing","floor":23,"turns":5},{"damage":0,"enemies":"Slavers","floor":28,"turns":3},{"damage":0,"enemies":"Shelled Parasite and Fungi","floor":31,"turns":2},{"damage":31,"enemies":"Champ","floor":33,"turns":12},{"damage":0,"enemies":"3 Shapes","floor":35,"turns":6},{"damage":0,"enemies":"3 Darklings","floor":39,"turns":5},{"damage":1,"enemies":"Giant Head","floor":40,"turns":5},{"damage":14,"enemies":"Nemesis","floor":42,"turns":3},{"damage":5,"enemies":"Giant Head","floor":44,"turns":6},{"damage":27,"enemies":"Maw","floor":46,"turns":7},{"damage":37,"enemies":"Reptomancer","floor":47,"turns":6},{"damage":0,"enemies":"Transient","floor":48,"turns":5},{"damage":44,"enemies":"Donu and Deca","floor":50,"turns":9},{"damage":0,"enemies":"Shield and Spear","floor":54,"turns":3},{"damage":154,"enemies":"The Heart","floor":55,"turns":12}],"seed_played":"-4983227772996599415","potions_obtained":[{"floor":4,"key":"Poison Potion"},{"floor":7,"key":"Strength Potion"},{"floor":12,"key":"Ancient Potion"},{"floor":16,"key":"Dexterity Potion"},{"floor":19,"key":"Explosive Potion"},{"floor":31,"key":"Strength Potion"}],"is_trial":false,"path_per_floor":["M","?","?","M","$","R","E","R","T","E","M","M","R","$","R","B",null,"M","?","?","M","$","E","R","?","T","R","E","$","R","M","R","B",null,"M","?","?","$","M","E","?","E","T","E","R","M","E","M","R","B",null,"R","$","E","B",null],"character_chosen":"IRONCLAD","items_purchased":["Dropkick","Power Through","True Grit","Vajra","Rage"],"campfire_rested":1,"item_purchase_floors":[22,22,29,53,53],"current_hp_per_floor":[73,66,66,66,66,66,51,51,51,36,42,48,48,48,48,54,94,94,94,94,94,94,93,93,74,74,74,80,80,80,89,89,67,99,99,99,99,99,99,99,99,94,94,98,98,80,52,61,90,55,99,99,99,106,45],"gold":149,"neow_bonus":"ONE_RARE_RELIC","is_prod":false,"is_daily":false,"chose_seed":false,"campfire_upgraded":6,"win_rate":0,"timestamp":1542444343,"path_taken":["M","?","?","M","$","R","E","R","T","E","M","M","R","$","R","BOSS","M","?","?","M","?","E","R","?","T","R","E","$","R","M","R","BOSS","M","?","?","?","M","E","?","E","T","E","R","M","E","M","R","BOSS","R","$","E","BOSS"],"build_version":"2018-11-15","purchased_purges":2,"victory":true,"max_hp_per_floor":[94,94,94,94,94,94,94,94,94,94,94,94,94,94,94,94,94,94,94,94,94,94,94,94,99,99,99,99,99,99,99,99,99,99,99,99,99,99,99,99,99,99,99,99,99,99,99,99,99,99,99,99,99,106,106],"card_choices":[{"not_picked":["Iron Wave","Clash"],"picked":"Anger","floor":1},{"not_picked":["Perfected Strike","Combust","Warcry"],"picked":"SKIP","floor":4},{"not_picked":["Armaments","Shockwave"],"picked":"Battle Trance","floor":7},{"not_picked":["Evolve","Barricade"],"picked":"Anger","floor":10},{"not_picked":["Cleave","Blood for Blood"],"picked":"Armaments","floor":11},{"not_picked":["Burning Pact","Anger"],"picked":"Battle Trance","floor":12},{"not_picked":["Limit Break","Barricade"],"picked":"Fiend Fire","floor":16},{"not_picked":[],"picked":"Thunderclap","floor":18},{"not_picked":["Perfected Strike"],"picked":"SKIP","floor":21},{"not_picked":[],"picked":"Warcry+1","floor":23},{"not_picked":["Perfected Strike"],"picked":"SKIP","floor":28},{"not_picked":["Cleave+1"],"picked":"SKIP","floor":31},{"not_picked":[],"picked":"True Grit+1","floor":35},{"not_picked":["Fire Breathing+1"],"picked":"SKIP","floor":39},{"not_picked":[],"picked":"Uppercut","floor":40},{"not_picked":["Thunderclap"],"picked":"SKIP","floor":42},{"not_picked":["Reckless Charge+1"],"picked":"SKIP","floor":44},{"not_picked":[],"picked":"Uppercut+1","floor":46},{"not_picked":["Clothesline+1"],"picked":"SKIP","floor":47},{"not_picked":["Havoc+1"],"picked":"SKIP","floor":48},{"not_picked":[],"picked":"Rage","floor":54}],"player_experience":3448685,"relics_obtained":[{"floor":7,"key":"Incense Burner"},{"floor":9,"key":"Bag of Preparation"},{"floor":10,"key":"PreservedInsect"},{"floor":19,"key":"Peace Pipe"},{"floor":19,"key":"Mercury Hourglass"},{"floor":23,"key":"Whetstone"},{"floor":26,"key":"Red Skull"},{"floor":28,"key":"Magic Flower"},{"floor":40,"key":"Ornamental Fan"},{"floor":42,"key":"Oddly Smooth Stone"},{"floor":44,"key":"Dodecahedron"},{"floor":47,"key":"Bottled Flame"},{"floor":54,"key":"Strawberry"}],"event_choices":[{"cards_removed":["Strike_R"],"damage_healed":0,"gold_gain":0,"player_choice":"Card Removal","damage_taken":7,"max_hp_gain":0,"max_hp_loss":0,"event_name":"Golden Wing","floor":2,"gold_loss":0},{"damage_healed":0,"gold_gain":0,"player_choice":"Upgraded","damage_taken":0,"max_hp_gain":0,"max_hp_loss":0,"event_name":"Upgrade Shrine","floor":3,"gold_loss":0,"cards_upgraded":["Bash"]},{"damage_healed":0,"gold_gain":0,"player_choice":"Fight","damage_taken":0,"max_hp_gain":0,"max_hp_loss":0,"event_name":"Colosseum","floor":19,"gold_loss":0},{"damage_healed":0,"gold_gain":0,"player_choice":"Fought Nobs","damage_taken":0,"max_hp_gain":0,"max_hp_loss":0,"event_name":"Colosseum","floor":19,"gold_loss":0},{"damage_healed":0,"gold_gain":0,"player_choice":"Obtained Relic","damage_taken":0,"relics_obtained":["Darkstone Periapt"],"max_hp_gain":0,"max_hp_loss":0,"event_name":"Addict","floor":20,"gold_loss":85},{"damage_healed":0,"gold_gain":0,"player_choice":"Shed Blood","damage_taken":24,"max_hp_gain":5,"max_hp_loss":0,"event_name":"Forgotten Altar","floor":25,"gold_loss":0},{"cards_removed":["Warcry"],"damage_healed":0,"gold_gain":0,"player_choice":"Removed Skill","damage_taken":0,"max_hp_gain":0,"max_hp_loss":0,"event_name":"Falling","floor":36,"gold_loss":0},{"damage_healed":0,"gold_gain":0,"player_choice":"Ignored","damage_taken":0,"max_hp_gain":0,"max_hp_loss":0,"event_name":"Mysterious Sphere","floor":37,"gold_loss":0},{"damage_healed":0,"gold_gain":0,"player_choice":"Ignored","damage_taken":0,"max_hp_gain":0,"max_hp_loss":0,"event_name":"Tomb of Lord Red Mask","floor":41,"gold_loss":0}],"is_beta":true,"boss_relics":[{"not_picked":["Velvet Choker","Philosopher\u0027s Stone"],"picked":"Busted Crown"},{"not_picked":["Tiny House","Eternal Feather"],"picked":"Lizard Tail"}],"items_purged_floors":[5,14],"is_endless":false,"potions_floor_spawned":[4,7,12,16,19,19,31,33,44,46,48],"ascension_level":1}