{"gold_per_floor":[218,233,233,247,50,77,77,87,87,124,136,161,173,185,197,312,324,349,461,487,512,524,561,573,611,623,635,677,216,216,226,226,325,325,336,1335,1350,1366,1386,1411,1422,1452,1475,1485,1510,1529,680,902,902,902,902,902,324,380,380],"floor_reached":55,"playtime":3052,"items_purged":["Strike_R","Clash","Strike_R","Strike_R"],"score":928,"play_id":"1d3597b5-71fa-4fd0-9ce3-0348efa5cc4f","local_time":"20181116075058","is_ascension_mode":true,"campfire_choices":[{"data":"Carnage","floor":7,"key":"SMITH"},{"data":"True Grit","floor":11,"key":"SMITH"},{"data":"Bash","floor":13,"key":"SMITH"},{"data":"Ghostly Armor","floor":15,"key":"SMITH"},{"floor":27,"key":"REST"},{"data":"Bludgeon","floor":30,"key":"SMITH"},{"data":"Shockwave","floor":32,"key":"SMITH"},{"floor":49,"key":"RECALL"},{"data":"Armaments","floor":52,"key":"SMITH"}],"neow_cost":"NONE","seed_source_timestamp":1910911765084738,"circlet_count":0,"master_deck":["Strike_R","Strike_R","Defend_R","Defend_R","Defend_R","Defend_R","Bash+1","Battle Trance","Thunderclap","Shrug It Off","Carnage+1","True Grit+1","Ghostly Armor+1","Thunderclap","Infernal Blade+1","Bludgeon+1","Power Through","Whirlwind","Shockwave+1","Clothesline","Juggernaut","Clothesline+1","Normality","Normality","Dropkick","Dropkick","Sever Soul","Immolate","Armaments+1","Entrench","Disarm"],"relics":["Burning Blood","Blood Vial","MawBank","Gremlin Horn","Snecko Eye","Du-Vu Doll","Darkstone Periapt","Orichalcum","PreservedInsect","Shuriken","Red Mask","Lee\u0027s Waffle","Bronze Scales","Sozu","Red Skull","Dodecahedron","Art of War","Blue Candle","Happy Flower","Frozen Eye","ClockworkSouvenir","Bag of Marbles","Tiny Chest"],"potions_floor_usage":[6,6,19,23,23,23,25,54,55],"damage_taken":[{"damage":6,"enemies":"Jaw Worm","floor":1,"turns":3},{"damage":6,"enemies":"Cultist","floor":2,"turns":3},{"damage":4,"enemies":"Small Slimes","floor":4,"turns":3},{"damage":6,"enemies":"Gremlin Nob","floor":6,"turns":3},{"damage":3,"enemies":"Exordium Wildlife","floor":8,"turns":5},{"damage":22,"enemies":"3 Sentries","floor":10,"turns":6},{"damage":0,"enemies":"2 Fungi Beasts","floor":12,"turns":3},{"damage":50,"enemies":"Hexaghost","floor":16,"turns":10},{"damage":5,"enemies":"2 Thieves","floor":18,"turns":3},{"damage":12,"enemies":"Colosseum Slavers","floor":19,"turns":2},{"damage":5,"enemies":"Colosseum Nobs","floor":19,"turns":3},{"damage":1,"enemies":"Chosen","floor":20,"turns":2},{"damage":10,"enemies":"Shelled Parasite and Fungi","floor":21,"turns":5},{"damage":70,"enemies":"Book of Stabbing","floor":23,"turns":7},{"damage":4,"enemies":"Slavers","floor":25,"turns":4},{"damage":4,"enemies":"Masked Bandits","floor":28,"turns":2},{"damage":0,"enemies":"3 Cultists","floor":31,"turns":2},{"damage":32,"enemies":"Automaton","floor":33,"turns":7},{"damage":0,"enemies":"3 Darklings","floor":35,"turns":2},{"damage":3,"enemies":"Orb Walker","floor":37,"turns":3},{"damage":0,"enemies":"Transient","floor":38,"turns":5},{"damage":0,"enemies":"4 Shapes","floor":39,"turns":5},{"damage":0,"enemies":"Nemesis","floor":40,"turns":5},{"damage":4,"enemies":"Sphere and 2 Shapes","floor":41,"turns":3},{"damage":4,"enemies":"Giant Head","floor":42,"turns":5},{"damage":18,"enemies":"Spire Growth","floor":44,"turns":5},{"damage":24,"enemies":"Nemesis","floor":45,"turns":5},{"damage":0,"enemies":"4 Shapes","floor":46,"turns":4},{"damage":57,"enemies":"Time Eater","floor":50,"turns":11},{"damage":16,"enemies":"Shield and Spear","floor":54,"turns":3},{"damage":94,"enemies":"The Heart","floor":55,"turns":8}],"seed_played":"-8775125955023895094","potions_obtained":[{"floor":2,"key":"Fire Potion"},{"floor":3,"key":"Regen Potion"},{"floor":3,"key":"Fire Potion"},{"floor":8,"key":"SmokeBomb"},{"floor":12,"key":"Swift Potion"},{"floor":19,"key":"Fire Potion"},{"floor":20,"key":"Dexterity Potion"},{"floor":23,"key":"Explosive Potion"},{"floor":31,"key":"Swift Potion"},{"floor":33,"key":"AttackPotion"}],"is_trial":false,"path_per_floor":["M","M","?","M","$","E","R","M","T","E","R","M","R","?","R","B",null,"M","?","M","M","?","E","?","E","T","R","?","$","R","M","R","B",null,"M","?","M","M","M","E","M","E","T","M","E","M","$","?","R","B",null,"R","$","E","B"],"character_chosen":"IRONCLAD","items_purchased":["Carnage","True Grit","Clothesline","Lee\u0027s Waffle","Bronze Scales","Blue Candle","Happy Flower","Immolate","Armaments","Frozen Eye","ClockworkSouvenir","Bag of Marbles","Entrench"],"campfire_rested":1,"item_purchase_floors":[5,5,29,29,29,47,47,47,47,47,53,53,53],"current_hp_per_floor":[80,80,80,80,80,80,80,80,80,64,64,72,72,72,72,30,80,80,77,80,76,76,26,26,30,30,54,58,87,87,87,87,61,87,87,99,99,99,99,99,99,99,99,87,71,79,79,79,79,30,99,99,99,89,0],"gold":380,"neow_bonus":"HUNDRED_GOLD","is_prod":false,"is_daily":false,"chose_seed":false,"campfire_upgraded":7,"win_rate":0,"timestamp":1542372658,"path_taken":["M","M","?","?","?","E","R","M","T","E","R","M","R","?","R","BOSS","M","?","M","M","?","E","?","E","T","R","?","?","R","?","R","BOSS","M","?","M","M","M","E","M","E","T","M","E","M","$","?","R","BOSS","R","$","E","BOSS"],"build_version":"2018-11-15","purchased_purges":4,"victory":false,"max_hp_per_floor":[80,80,80,80,80,80,80,80,80,80,80,80,80,80,80,80,80,80,80,80,80,80,80,80,80,80,80,80,87,87,87,87,87,87,87,99,99,99,99,99,99,99,99,99,99,99,99,99,99,99,99,99,99,99,99],"card_choices":[{"not_picked":["Iron Wave","Disarm"],"picked":"Battle Trance","floor":1},{"not_picked":["Entrench","Intimidate"],"picked":"Thunderclap","floor":2},{"not_picked":["Havoc","Pommel Strike"],"picked":"Shrug It Off","floor":4},{"not_picked":["Cleave","Reaper"],"picked":"Ghostly Armor","floor":6},{"not_picked":["Combust","Iron Wave"],"picked":"Thunderclap","floor":8},{"not_picked":["Second Wind","Warcry"],"picked":"Infernal Blade","floor":10},{"not_picked":["Wild Strike","Rupture"],"picked":"Clash","floor":12},{"not_picked":["Fiend Fire","Offering"],"picked":"Bludgeon","floor":16},{"not_picked":["Body Slam","Searing Blow","Anger+1"],"picked":"SKIP","floor":18},{"not_picked":["Wild Strike","Power Through","Havoc+1"],"picked":"SKIP","floor":20},{"not_picked":["Wild Strike","Havoc+1"],"picked":"Power Through","floor":20},{"not_picked":["True Grit","Body Slam","Havoc+1"],"picked":"SKIP","floor":21},{"not_picked":["Second Wind","Bloodletting"],"picked":"Whirlwind","floor":23},{"not_picked":["Anger","Combust"],"picked":"Shockwave","floor":25},{"not_picked":["Clash","Pommel Strike","Warcry+1"],"picked":"SKIP","floor":31},{"not_picked":["Berserk","Brutality"],"picked":"Juggernaut","floor":33},{"not_picked":["Battle Trance+1","Rupture"],"picked":"Clothesline+1","floor":35},{"not_picked":["Second Wind","Reckless Charge+1","Combust"],"picked":"SKIP","floor":37},{"not_picked":["Clothesline","Iron Wave"],"picked":"Dropkick","floor":38},{"not_picked":["Clothesline+1","Power Through+1","Disarm"],"picked":"SKIP","floor":39},{"not_picked":["Flex","Wild Strike+1","Anger+1"],"picked":"SKIP","floor":40},{"not_picked":["Iron Wave+1","Combust+1","Reckless Charge+1"],"picked":"SKIP","floor":41},{"not_picked":["Seeing Red","Reckless Charge+1"],"picked":"Dropkick","floor":42},{"not_picked":["Havoc+1","Perfected Strike","Twin Strike+1"],"picked":"SKIP","floor":44},{"not_picked":["Twin Strike","Offering"],"picked":"Sever Soul","floor":45},{"not_picked":["Sword Boomerang","Thunderclap","Power Through"],"picked":"SKIP","floor":46},{"not_picked":["Armaments","Iron Wave"],"picked":"Disarm","floor":54}],"player_experience":3435112,"relics_obtained":[{"floor":6,"key":"Blood Vial"},{"floor":9,"key":"MawBank"},{"floor":10,"key":"Gremlin Horn"},{"floor":19,"key":"Du-Vu Doll"},{"floor":19,"key":"Darkstone Periapt"},{"floor":23,"key":"Orichalcum"},{"floor":25,"key":"PreservedInsect"},{"floor":26,"key":"Shuriken"},{"floor":28,"key":"Red Mask"},{"floor":40,"key":"Red Skull"},{"floor":42,"key":"Dodecahedron"},{"floor":45,"key":"Art of War"},{"floor":54,"key":"Tiny Chest"}],"event_choices":[{"damage_healed":0,"gold_gain":0,"player_choice":"Got Potions","damage_taken":0,"max_hp_gain":0,"max_hp_loss":0,"event_name":"Lab","floor":3,"gold_loss":0},{"damage_healed":0,"gold_gain":0,"player_choice":"Grow","damage_taken":0,"max_hp_gain":0,"max_hp_loss":0,"event_name":"Living Wall","floor":14,"gold_loss":0,"cards_upgraded":["Infernal Blade"]},{"damage_healed":0,"gold_gain":0,"player_choice":"Fight","damage_taken":0,"max_hp_gain":0,"max_hp_loss":0,"event_name":"Colosseum","floor":19,"gold_loss":0},{"damage_healed":0,"gold_gain":0,"player_choice":"Fought Nobs","damage_taken":0,"max_hp_gain":0,"max_hp_loss":0,"event_name":"Colosseum","floor":19,"gold_loss":0},{"damage_healed":0,"gold_gain":0,"player_choice":"Ignored","damage_taken":0,"max_hp_gain":0,"max_hp_loss":0,"event_name":"Vampires","floor":22,"gold_loss":0},{"damage_healed":0,"gold_gain":0,"player_choice":"Ignored","damage_taken":0,"max_hp_gain":0,"max_hp_loss":0,"event_name":"Cursed Tome","floor":24,"gold_loss":0},{"damage_healed":0,"gold_gain":0,"player_choice":"Fought Bandits","damage_taken":0,"max_hp_gain":0,"max_hp_loss":0,"event_name":"Masked Bandits","floor":28,"gold_loss":0},{"damage_healed":0,"gold_gain":999,"player_choice":"Gold","damage_taken":0,"max_hp_gain":0,"max_hp_loss":0,"event_name":"MindBloom","floor":36,"gold_loss":0,"cards_obtained":["Normality","Normality"]},{"damage_healed":0,"gold_gain":222,"player_choice":"Wore Mask","damage_taken":0,"max_hp_gain":0,"max_hp_loss":0,"event_name":"Tomb of Lord Red Mask","floor":48,"gold_loss":0}],"is_beta":true,"boss_relics":[{"not_picked":["Cursed Key","Pandora\u0027s Box"],"picked":"Snecko Eye"},{"not_picked":["Tiny House","Busted Crown"],"picked":"Sozu"}],"items_purged_floors":[5,29,47,53],"is_endless":false,"potions_floor_spawned":[2,4,8,12,19,20,23,31,33,37,39,41,42],"killed_by":"The Heart","ascension_level":1}