{"gold_per_floor":[115,125,125,125,50,50,81,81,106,106,106],"floor_reached":11,"playtime":154,"items_purged":[],"score":183,"play_id":"4255a640-2ef5-47fb-9d46-5d8865dc4257","local_time":"20190222201113","is_ascension_mode":true,"campfire_choices":[{"data":"Zap","floor":6,"key":"SMITH"},{"data":"Go for the Eyes","floor":8,"key":"SMITH"},{"data":"Self Repair","floor":10,"key":"SMITH"}],"neow_cost":"NONE","seed_source_timestamp":21743092870500,"circlet_count":0,"master_deck":["AscendersBane","Strike_B","Strike_B","Strike_B","Defend_B","Defend_B","Defend_B","Defend_B","Zap+1","Dualcast","Self Repair+1","Go for the Eyes+1"],"relics":["Cracked Core","NeowsBlessing","Vajra","Golden Idol","Toxic Egg 2","Anchor"],"potions_floor_usage":[],"damage_taken":[{"damage":0,"enemies":"Small Slimes","floor":1,"turns":1},{"damage":0,"enemies":"2 Louse","floor":2,"turns":1},{"damage":0,"enemies":"Gremlin Nob","floor":7,"turns":1},{"damage":55,"enemies":"3 Sentries","floor":11,"turns":6}],"seed_played":"-6166094462391866479","potions_obtained":[{"floor":1,"key":"Swift Potion"}],"is_trial":false,"path_per_floor":["M","M","?","?","?","R","E","R","T","R","E"],"character_chosen":"DEFECT","items_purchased":[],"campfire_rested":0,"item_purchase_floors":[],"current_hp_per_floor":[64,64,53,53,53,53,53,53,53,53,0],"gold":106,"neow_bonus":"THREE_ENEMY_KILL","is_prod":false,"is_daily":false,"chose_seed":false,"campfire_upgraded":3,"win_rate":0,"timestamp":1550859073,"path_taken":["M","M","?","?","?","R","E","R","T","R","E"],"build_version":"2019-01-23","purchased_purges":0,"victory":false,"max_hp_per_floor":[71,71,71,64,64,64,64,64,64,64,64],"card_choices":[{"not_picked":["Darkness","Compile Driver"],"picked":"Self Repair","floor":1},{"not_picked":["Double Energy","Hello World"],"picked":"Go for the Eyes","floor":2},{"not_picked":["Steam","All For One","Chill"],"picked":"SKIP","floor":7}],"player_experience":879196,"relics_obtained":[{"floor":7,"key":"Toxic Egg 2"},{"floor":9,"key":"Anchor"}],"event_choices":[{"damage_healed":0,"gold_gain":0,"player_choice":"Success","damage_taken":11,"relics_obtained":["Vajra"],"max_hp_gain":0,"max_hp_loss":0,"event_name":"Scrap Ooze","floor":3,"gold_loss":0},{"damage_healed":0,"gold_gain":0,"player_choice":"Lose Max HP","damage_taken":0,"relics_obtained":["Golden Idol"],"max_hp_gain":0,"max_hp_loss":7,"event_name":"Golden Idol","floor":4,"gold_loss":0},{"cards_removed":["Strike_B"],"damage_healed":0,"gold_gain":0,"player_choice":"Card Removal","damage_taken":0,"max_hp_gain":0,"max_hp_loss":0,"event_name":"The Cleric","floor":5,"gold_loss":75}],"is_beta":false,"boss_relics":[],"items_purged_floors":[],"is_endless":false,"potions_floor_spawned":[1],"killed_by":"3 Sentries","ascension_level":19}