{"gold_per_floor":[119,133,144,154,171,198,209,220,220,220,185,185,220,239,239,315,315,327,346,346,358,378,407,407,10,10,10,10,28,28,28],"floor_reached":31,"playtime":1215,"items_purged":[],"score":515,"play_id":"b8df2499-e471-46bd-814e-b39827d10a72","local_time":"20181212143649","is_ascension_mode":true,"campfire_choices":[{"data":"Zap","floor":10.0,"key":"SMITH"},{"data":"White Noise","floor":12.0,"key":"SMITH"},{"data":"Redo","floor":15.0,"key":"SMITH"},{"floor":24,"key":"REST"},{"data":"Buffer","floor":27,"key":"SMITH"},{"floor":30,"key":"REST"}],"neow_cost":"NONE","seed_source_timestamp":0,"circlet_count":0,"master_deck":["AscendersBane","Strike_B+1","Strike_B+1","Strike_B+1","Strike_B+1","Defend_B+1","Defend_B+1","Defend_B+1","Defend_B+1","Zap+1","Dualcast","Doom and Gloom","Steam","Ball Lightning","Conserve Battery","Hologram","Redo+1","White Noise+1","Machine Learning","Doom and Gloom","Conserve Battery","Buffer+1","Loop","Leap","Defragment+1","Leap","Glacier","Shrug It Off+1"],"special_seed":0,"relics":["Cracked Core","Oddly Smooth Stone","Shuriken","Symbiotic Virus","Runic Dome","Matryoshka","PrismaticShard","Omamori","Regal Pillow","Blue Candle"],"potions_floor_usage":[23,23,31],"damage_taken":[{"damage":7.0,"enemies":"Small Slimes","floor":1.0,"turns":3.0},{"damage":0.0,"enemies":"2 Louse","floor":2.0,"turns":2.0},{"damage":0.0,"enemies":"Jaw Worm","floor":3.0,"turns":3.0},{"damage":11.0,"enemies":"Looter","floor":4.0,"turns":3.0},{"damage":7.0,"enemies":"Exordium Wildlife","floor":5.0,"turns":5.0},{"damage":8.0,"enemies":"Gremlin Nob","floor":6.0,"turns":3.0},{"damage":0.0,"enemies":"Blue Slaver","floor":7.0,"turns":4.0},{"damage":11.0,"enemies":"Exordium Thugs","floor":8.0,"turns":4.0},{"damage":13.0,"enemies":"Lagavulin","floor":13.0,"turns":6.0},{"damage":11.0,"enemies":"Looter","floor":14.0,"turns":3.0},{"damage":12.0,"enemies":"Hexaghost","floor":16.0,"turns":9.0},{"damage":19.0,"enemies":"2 Thieves","floor":18.0,"turns":3.0},{"damage":0.0,"enemies":"Spheric Guardian","floor":19.0,"turns":3.0},{"damage":14.0,"enemies":"Centurion and Healer","floor":21.0,"turns":6.0},{"damage":1.0,"enemies":"Chosen and Byrds","floor":22.0,"turns":5.0},{"damage":20,"enemies":"Slavers","floor":23,"turns":5},{"damage":9,"enemies":"Shelled Parasite and Fungi","floor":29,"turns":5},{"damage":18,"enemies":"Colosseum Slavers","floor":31,"turns":4},{"damage":44,"enemies":"Colosseum Nobs","floor":31,"turns":3}],"seed_played":"6593168453898339102","potions_obtained":[{"floor":1.0,"key":"FearPotion"},{"floor":3.0,"key":"SpeedPotion"},{"floor":8.0,"key":"EssenceOfSteel"},{"floor":21.0,"key":"Poison Potion"},{"floor":22.0,"key":"FocusPotion"},{"floor":23,"key":"LiquidBronze"}],"is_trial":false,"path_per_floor":["M","M","M","M","M","E","M","M","T","R","?","R","E","M","R","B",null,"M","M","?","M","M","E","R","$","T","R","?","M","R","?"],"character_chosen":"DEFECT","items_purchased":["PrismaticShard","Omamori"],"campfire_rested":2,"item_purchase_floors":[25,25],"current_hp_per_floor":[64,64,64,53,46,38,38,27,27,27,46,46,33,22,22,10,61,42,42,42,28,27,7,30,30,30,30,30,21,59,0],"gold":28,"neow_bonus":"TEN_PERCENT_HP_BONUS","is_prod":false,"is_daily":false,"chose_seed":false,"campfire_upgraded":4,"win_rate":0,"timestamp":1544593009,"path_taken":["M","M","M","M","M","E","M","M","T","R","?","R","E","M","R","BOSS","M","M","?","M","M","E","R","$","T","R","?","M","R","?"],"build_version":"2018-12-06","purchased_purges":0,"victory":false,"max_hp_per_floor":[78,78,78,78,78,78,78,78,78,78,78,78,78,78,78,78,78,78,78,78,78,78,78,78,78,78,78,78,78,78,78],"card_choices":[{"not_picked":["Ball Lightning","Scrape"],"picked":"Doom and Gloom","floor":1.0},{"not_picked":["Hologram","Capacitor"],"picked":"Steam","floor":2.0},{"not_picked":["Cold Snap","Consume"],"picked":"Ball Lightning","floor":3.0},{"not_picked":["Chaos","Turbo"],"picked":"Conserve Battery","floor":4.0},{"not_picked":["Steam","Beam Cell"],"picked":"Hologram","floor":5.0},{"not_picked":["Double Energy","Barrage"],"picked":"Redo","floor":6.0},{"not_picked":["Coolheaded","Go for the Eyes"],"picked":"White Noise","floor":7.0},{"not_picked":["Go for the Eyes","Turbo"],"picked":"Machine Learning","floor":8.0},{"not_picked":["Go for the Eyes","Blizzard"],"picked":"Doom and Gloom","floor":13.0},{"not_picked":["Steam","Reprogram"],"picked":"Conserve Battery","floor":14.0},{"not_picked":["Electrodynamics","Rainbow"],"picked":"Buffer","floor":16.0},{"not_picked":["Streamline","Rebound"],"picked":"Loop","floor":18.0},{"not_picked":["Scrape","Skim"],"picked":"Leap","floor":19.0},{"not_picked":["Genetic Algorithm","Barrage"],"picked":"Defragment+1","floor":21.0},{"not_picked":["Rebound","Turbo"],"picked":"Leap","floor":22.0},{"not_picked":["White Noise","Steam"],"picked":"Glacier","floor":23},{"not_picked":["Shrug It Off","Dagger Throw+1"],"picked":"Shrug It Off+1","floor":29}],"player_experience":982714,"relics_obtained":[{"floor":6.0,"key":"Oddly Smooth Stone"},{"floor":9.0,"key":"Shuriken"},{"floor":13.0,"key":"Symbiotic Virus"},{"floor":23,"key":"Matryoshka"},{"floor":26,"key":"Regal Pillow"}],"event_choices":[{"damage_healed":19.0,"max_hp_gain":0.0,"max_hp_loss":0.0,"gold_gain":0.0,"event_name":"The Cleric","player_choice":"Healed","floor":11.0,"gold_loss":35.0,"damage_taken":0.0},{"damage_healed":0.0,"max_hp_gain":0.0,"max_hp_loss":0.0,"gold_gain":0.0,"event_name":"Back to Basics","player_choice":"Simplicity","floor":20.0,"gold_loss":0.0,"damage_taken":0.0,"cards_upgraded":["Strike_B","Strike_B","Strike_B","Strike_B","Defend_B","Defend_B","Defend_B","Defend_B"]},{"damage_healed":0,"gold_gain":0,"player_choice":"Opened","damage_taken":0,"relics_obtained":["Blue Candle"],"max_hp_gain":0,"max_hp_loss":0,"event_name":"The Mausoleum","floor":28,"gold_loss":0,"cards_obtained":["Writhe"]},{"damage_healed":0,"gold_gain":0,"player_choice":"Fight","damage_taken":0,"max_hp_gain":0,"max_hp_loss":0,"event_name":"Colosseum","floor":31,"gold_loss":0},{"damage_healed":0,"gold_gain":0,"player_choice":"Fought Nobs","damage_taken":0,"max_hp_gain":0,"max_hp_loss":0,"event_name":"Colosseum","floor":31,"gold_loss":0}],"is_beta":false,"boss_relics":[{"not_picked":["Fusion Hammer","Calling Bell"],"picked":"Runic Dome"}],"items_purged_floors":[],"is_endless":false,"potions_floor_spawned":[1,3,5,8,19,21,22,23],"killed_by":"Colosseum Nobs","ascension_level":18}