{"gold_per_floor":[117,117,132,150,161,161,186,206,229,229,243,274,288,288,288,364,364,380,395,395,395,332,344,389,419,508,536,573,585,614,138,138,209,209,228,248,248],"floor_reached":37,"playtime":1703,"items_purged":["Strike_B"],"score":846,"play_id":"6677d715-d2b1-4692-a77c-e781a131e298","local_time":"20190125013948","is_ascension_mode":true,"campfire_choices":[{"data":"Zap","floor":6.0,"key":"SMITH"},{"data":"Beam Cell","floor":10.0,"key":"SMITH"},{"data":"Echo Form","floor":15.0,"key":"SMITH"},{"floor":23.0,"key":"REST"},{"floor":32.0,"key":"REST"}],"neow_cost":"NONE","seed_source_timestamp":0,"circlet_count":0,"master_deck":["AscendersBane","Strike_B","Strike_B","Defend_B","Defend_B","Defend_B","Defend_B","Zap+1","Dualcast","Cold Snap","Cold Snap","Redo","Beam Cell+1","Echo Form+1","Steam","Hologram","Echo Form","Amplify","Ball Lightning","Barrage+1","Sweeping Beam+1","Hologram","Aggregate","Loop+1","Undo","Buffer","Recycle+1","Conserve Battery"],"special_seed":0,"relics":["Cracked Core","Ginger","Orichalcum","Regal Pillow","FossilizedHelix","Ornamental Fan","Nuclear Battery","Enchiridion","MawBank","Bag of Marbles","Kunai","Vajra","Medical Kit","Happy Flower","Sozu"],"potions_floor_usage":[],"damage_taken":[{"damage":6.0,"enemies":"Cultist","floor":1.0,"turns":3.0},{"damage":0.0,"enemies":"2 Louse","floor":3.0,"turns":2.0},{"damage":2.0,"enemies":"Jaw Worm","floor":4.0,"turns":4.0},{"damage":5.0,"enemies":"3 Louse","floor":5.0,"turns":3.0},{"damage":24.0,"enemies":"Gremlin Nob","floor":7.0,"turns":4.0},{"damage":5.0,"enemies":"Looter","floor":8.0,"turns":3.0},{"damage":1.0,"enemies":"2 Fungi Beasts","floor":11.0,"turns":3.0},{"damage":8.0,"enemies":"Lagavulin","floor":12.0,"turns":8.0},{"damage":7.0,"enemies":"Lots of Slimes","floor":13.0,"turns":3.0},{"damage":6.0,"enemies":"Hexaghost","floor":16.0,"turns":10.0},{"damage":0.0,"enemies":"Chosen","floor":18.0,"turns":4.0},{"damage":17.0,"enemies":"2 Thieves","floor":19.0,"turns":4.0},{"damage":22.0,"enemies":"Gremlin Leader","floor":24.0,"turns":7.0},{"damage":22.0,"enemies":"Snake Plant","floor":25.0,"turns":4.0},{"damage":0.0,"enemies":"Snecko","floor":27.0,"turns":4.0},{"damage":16.0,"enemies":"Book of Stabbing","floor":28.0,"turns":4.0},{"damage":8.0,"enemies":"Centurion and Healer","floor":30.0,"turns":5.0},{"damage":29.0,"enemies":"Champ","floor":33.0,"turns":14.0},{"damage":38.0,"enemies":"3 Darklings","floor":35.0,"turns":6.0},{"damage":7.0,"enemies":"3 Shapes","floor":36.0,"turns":3.0},{"damage":18,"enemies":"Spire Growth","floor":37,"turns":3}],"seed_played":"-6812417633407043311","potions_obtained":[{"floor":5.0,"key":"GamblersBrew"},{"floor":8.0,"key":"Block Potion"},{"floor":12.0,"key":"Regen Potion"},{"floor":16.0,"key":"Energy Potion"},{"floor":18.0,"key":"SkillPotion"},{"floor":25.0,"key":"Regen Potion"},{"floor":27.0,"key":"Ancient Potion"},{"floor":28.0,"key":"FearPotion"}],"is_trial":false,"path_per_floor":["M","T","M","M","M","R","E","M","T","R","M","E","M","?","R","B",null,"M","M","?","T","?","R","E","M","T","M","E","$","M","$","R","B",null,"M","M","M"],"character_chosen":"DEFECT","items_purchased":["Medical Kit","Happy Flower","Undo"],"campfire_rested":2,"item_purchase_floors":[31,31,31],"current_hp_per_floor":[65,65,65,63,58,58,34,29,29,29,28,20,13,13,13,22,64,64,47,26,26,26,64,42,20,20,20,18,18,10,10,48,19,63,25,18,0],"gold":248,"neow_bonus":"TEN_PERCENT_HP_BONUS","is_prod":false,"is_daily":false,"chose_seed":false,"campfire_upgraded":3,"win_rate":0,"timestamp":1548347988,"path_taken":["M","?","M","M","?","R","E","M","T","R","?","E","M","?","R","BOSS","M","M","?","?","?","R","E","M","T","M","E","$","M","?","R","BOSS","M","M","M"],"build_version":"2019-01-23","purchased_purges":1,"victory":false,"max_hp_per_floor":[78,78,78,78,78,78,78,78,78,78,78,78,78,78,78,78,78,78,78,78,78,78,78,78,78,78,78,78,78,78,78,78,78,78,78,78,78],"card_choices":[{"not_picked":["Rebound","Sweeping Beam"],"picked":"Cold Snap","floor":1.0},{"not_picked":["Blizzard","Undo"],"picked":"Cold Snap","floor":3.0},{"not_picked":["Rebound","Compile Driver"],"picked":"Redo","floor":4.0},{"not_picked":["Skim","Undo"],"picked":"Beam Cell","floor":5.0},{"not_picked":["Scrape","Capacitor"],"picked":"Echo Form","floor":7.0},{"not_picked":["Heatsinks","Go for the Eyes"],"picked":"Compile Driver","floor":8.0},{"not_picked":["Cold Snap","Steam Power"],"picked":"Steam","floor":11.0},{"not_picked":["Barrage","Gash"],"picked":"Hologram","floor":12.0},{"not_picked":["Rebound","Compile Driver"],"picked":"Echo Form","floor":13.0},{"not_picked":["Fission","Meteor Strike"],"picked":"Amplify","floor":16.0},{"not_picked":["Sweeping Beam","Blizzard"],"picked":"Ball Lightning","floor":18.0},{"not_picked":["Rebound","Coolheaded","Barrage"],"picked":"SKIP","floor":19.0},{"not_picked":["Rip and Tear+1","Cold Snap"],"picked":"Barrage+1","floor":24.0},{"not_picked":["Static Discharge","Rebound"],"picked":"Sweeping Beam+1","floor":25.0},{"not_picked":["Compile Driver+1","Turbo"],"picked":"Hologram","floor":27.0},{"not_picked":["Barrage","All For One"],"picked":"Aggregate","floor":28.0},{"not_picked":["Stack","Rebound"],"picked":"Loop+1","floor":30.0},{"not_picked":["Thunder Strike","Fission"],"picked":"Buffer","floor":33.0},{"not_picked":["Hologram","Barrage"],"picked":"Recycle+1","floor":35.0},{"not_picked":["Turbo+1","Go for the Eyes"],"picked":"Conserve Battery","floor":36.0}],"player_experience":1067919,"relics_obtained":[{"floor":2.0,"key":"Ginger"},{"floor":7.0,"key":"Orichalcum"},{"floor":9.0,"key":"Regal Pillow"},{"floor":12.0,"key":"FossilizedHelix"},{"floor":20.0,"key":"Enchiridion"},{"floor":21.0,"key":"MawBank"},{"floor":24.0,"key":"Bag of Marbles"},{"floor":26.0,"key":"Kunai"},{"floor":28.0,"key":"Vajra"}],"event_choices":[{"cards_removed":["Compile Driver"],"damage_healed":0.0,"max_hp_gain":0.0,"max_hp_loss":0.0,"gold_gain":0.0,"event_name":"WeMeetAgain","player_choice":"Gave Card","floor":14.0,"gold_loss":0.0,"damage_taken":0.0,"relics_obtained":["Ornamental Fan"]},{"damage_healed":0.0,"max_hp_gain":0.0,"max_hp_loss":0.0,"gold_gain":0.0,"event_name":"Cursed Tome","player_choice":"Obtained Book","floor":20.0,"gold_loss":0.0,"damage_taken":21.0},{"cards_removed":["Strike_B"],"damage_healed":0.0,"max_hp_gain":0.0,"max_hp_loss":0.0,"gold_gain":0.0,"event_name":"Beggar","player_choice":"Gave Gold","floor":22.0,"gold_loss":75.0,"damage_taken":0.0}],"is_beta":false,"boss_relics":[{"not_picked":["Cursed Key","Pandora\u0027s Box"],"picked":"Nuclear Battery"},{"not_picked":["Astrolabe","Fusion Hammer"],"picked":"Sozu"}],"items_purged_floors":[31],"is_endless":false,"potions_floor_spawned":[5,8,12,16,18,25,27,28,35,36],"killed_by":"Spire Growth","ascension_level":20}