{"gold_per_floor":[14,14,31,44,44,70,70,105,105,123,123,140,173,187,187,261,261,241,241,3,15,15,15,15],"floor_reached":24,"playtime":734,"items_purged":["Pain"],"score":432,"play_id":"c932415e-af08-4bcd-8937-7a06b88ee88d","local_time":"20190223041237","is_ascension_mode":true,"campfire_choices":[{"floor":7,"key":"REST"},{"floor":11,"key":"REST"},{"floor":15,"key":"REST"},{"floor":23,"key":"REST"}],"neow_cost":"NO_GOLD","seed_source_timestamp":50044959524500,"circlet_count":0,"master_deck":["AscendersBane","Zap+1","Dualcast","Rainbow","Streamline","BootSequence","Defragment","Capacitor","Beam Cell","Force Field","Rainbow","Meteor Strike+1","Thunder Strike+1","Buffer","Capacitor","Conserve Battery","Defragment+1"],"relics":["Cracked Core","Oddly Smooth Stone","Ornamental Fan","Mummified Hand","Pandora\u0027s Box","WarpedTongs","Whetstone"],"potions_floor_usage":[6,10,16,24],"damage_taken":[{"damage":5,"enemies":"Small Slimes","floor":1,"turns":4},{"damage":1,"enemies":"Cultist","floor":3,"turns":4},{"damage":14,"enemies":"2 Louse","floor":4,"turns":3},{"damage":35,"enemies":"Lagavulin","floor":6,"turns":6},{"damage":28,"enemies":"3 Sentries","floor":8,"turns":9},{"damage":8,"enemies":"Exordium Thugs","floor":10,"turns":5},{"damage":7,"enemies":"Large Slime","floor":12,"turns":4},{"damage":6,"enemies":"Lagavulin","floor":13,"turns":5},{"damage":0,"enemies":"Red Slaver","floor":14,"turns":3},{"damage":37,"enemies":"Slime Boss","floor":16,"turns":8},{"damage":19,"enemies":"2 Thieves","floor":18,"turns":4},{"damage":17,"enemies":"3 Byrds","floor":21,"turns":4},{"damage":52,"enemies":"Gremlin Leader","floor":24,"turns":4}],"seed_played":"4096355256491435925","potions_obtained":[{"floor":1,"key":"Regen Potion"},{"floor":8,"key":"Block Potion"},{"floor":14,"key":"Fire Potion"},{"floor":21,"key":"SkillPotion"}],"is_trial":false,"path_per_floor":["M","?","M","M","?","E","R","E","T","M","R","M","E","M","R","B",null,"M","?","$","M","$","R","E"],"character_chosen":"DEFECT","items_purchased":["Whetstone"],"campfire_rested":4,"item_purchase_floors":[20],"current_hp_per_floor":[59,59,58,44,44,24,45,17,17,9,30,23,17,17,38,1,54,35,35,35,18,18,39,0],"gold":15,"neow_bonus":"THREE_RARE_CARDS","is_prod":false,"is_daily":false,"chose_seed":false,"campfire_upgraded":0,"win_rate":0,"timestamp":1550887957,"path_taken":["M","?","?","M","?","E","R","E","T","M","R","M","E","M","R","BOSS","M","?","$","M","?","R","E"],"build_version":"2019-01-23","purchased_purges":1,"victory":false,"max_hp_per_floor":[71,71,71,71,71,71,71,71,71,71,71,71,71,71,71,71,71,71,71,71,71,71,71,71],"card_choices":[{"not_picked":["Multi-Cast","Meteor Strike"],"picked":"Rainbow","floor":0},{"not_picked":["Steam Power","Beam Cell"],"picked":"Streamline","floor":1},{"not_picked":["Recycle","Sweeping Beam","Reprogram"],"picked":"SKIP","floor":3},{"not_picked":["Hologram","Force Field","Undo"],"picked":"SKIP","floor":4},{"not_picked":["Barrage","Rebound","Gash"],"picked":"SKIP","floor":6},{"not_picked":["Recycle","Fission","Undo"],"picked":"SKIP","floor":8},{"not_picked":["Rip and Tear","Gash"],"picked":"BootSequence","floor":10},{"not_picked":["Scrape","Recycle","Coolheaded"],"picked":"SKIP","floor":12},{"not_picked":["Beam Cell","Capacitor"],"picked":"Defragment","floor":13},{"not_picked":["Steam","Stack"],"picked":"Capacitor","floor":14},{"not_picked":["Steam","Blizzard+1"],"picked":"Conserve Battery","floor":18},{"not_picked":["Chill","Melter"],"picked":"Defragment+1","floor":21}],"player_experience":905358,"relics_obtained":[{"floor":6,"key":"Oddly Smooth Stone"},{"floor":8,"key":"Ornamental Fan"},{"floor":13,"key":"Mummified Hand"}],"event_choices":[{"cards_removed":["Strike_B"],"damage_healed":0,"gold_gain":0,"player_choice":"Purged","damage_taken":0,"max_hp_gain":0,"max_hp_loss":0,"event_name":"Purifier","floor":2,"gold_loss":0},{"damage_healed":0,"gold_gain":0,"player_choice":"Upgraded","damage_taken":0,"max_hp_gain":0,"max_hp_loss":0,"event_name":"Upgrade Shrine","floor":5,"gold_loss":0,"cards_upgraded":["Zap"]},{"damage_healed":0,"gold_gain":0,"player_choice":"Rummage","damage_taken":0,"relics_obtained":["WarpedTongs"],"max_hp_gain":0,"max_hp_loss":0,"event_name":"Accursed Blacksmith","floor":19,"gold_loss":0,"cards_obtained":["Pain"]}],"is_beta":false,"boss_relics":[{"not_picked":["Tiny House","Coffee Dripper"],"picked":"Pandora\u0027s Box"}],"items_purged_floors":[20],"is_endless":false,"potions_floor_spawned":[1,8,14,21],"killed_by":"Gremlin Leader","ascension_level":20}