{"gold_per_floor":[114,114,128,142,155,155,182,182,207,237,301,301,301,26,26,125,125,144,163,163,163,180,180,213,213,213,225,254,254,268,183,183,282,282,300,400,416,416,427,458,458,458,458,492,492,505,505,540,540,540,540,540,18,53,53],"floor_reached":56,"playtime":5136,"items_purged":[],"score":1645,"play_id":"3a2f5ccc-02a1-4e1d-b454-e052f2512ac3","local_time":"20190120121715","is_ascension_mode":true,"campfire_choices":[{"data":"Bouncing Flask","floor":6,"key":"SMITH"},{"data":"Wraith Form v2","floor":8,"key":"SMITH"},{"data":"Well Laid Plans","floor":12,"key":"SMITH"},{"data":"Neutralize","floor":15,"key":"SMITH"},{"data":"Leg Sweep","floor":23,"key":"SMITH"},{"data":"Neutralize","floor":25,"key":"SMITH"},{"data":"Acrobatics","floor":29,"key":"SMITH"},{"floor":32,"key":"REST"},{"data":"A Thousand Cuts","floor":41,"key":"SMITH"},{"floor":45,"key":"RECALL"},{"data":"Noxious Fumes","floor":47,"key":"SMITH"},{"data":"Leg Sweep","floor":49,"key":"SMITH"},{"data":"Blur","floor":52,"key":"SMITH"}],"neow_cost":"NONE","seed_source_timestamp":3022986435229676,"circlet_count":0,"master_deck":["Survivor","Neutralize+1","Bouncing Flask+1","Dagger Spray","Blur+1","Wraith Form v2+1","PiercingWail","Escape Plan","Well Laid Plans+1","Heel Hook+1","Backstab","Bouncing Flask+1","Flying Knee+1","Backflip","Deflect+1","Dodge and Roll","Corpse Explosion","Bullet Time","Leg Sweep+1","Deadly Poison+1","Neutralize+1","Acrobatics+1","Blur","Backflip+1","Escape Plan+1","Deflect+1","A Thousand Cuts+1","Blur+1","Bane+1","Deflect","Escape Plan+1","Prepared+1","Backflip+1","Catalyst+1","Noxious Fumes+1","Leg Sweep+1","Blur+1","Calculated Gamble+1","Blur+1","Dodge and Roll+1","Mayhem","Wraith Form v2+1","Acrobatics"],"relics":["Pandora\u0027s Box","Lantern","Snake Skull","Question Card","Blood Vial","Anchor","Cursed Key","Oddly Smooth Stone","Ginger","Dream Catcher","Orrery","Prayer Wheel","Ancient Tea Set","Bronze Scales","Whetstone","DollysMirror","War Paint","Blue Candle"],"potions_floor_usage":[16,24,24,28,36,40,55,55],"damage_taken":[{"damage":0,"enemies":"Cultist","floor":1,"turns":2},{"damage":0,"enemies":"Jaw Worm","floor":3,"turns":2},{"damage":2,"enemies":"2 Louse","floor":4,"turns":2},{"damage":4,"enemies":"2 Fungi Beasts","floor":5,"turns":3},{"damage":4,"enemies":"3 Sentries","floor":7,"turns":7},{"damage":0,"enemies":"Gremlin Nob","floor":10,"turns":3},{"damage":5,"enemies":"3 Sentries","floor":11,"turns":6},{"damage":0,"enemies":"Slime Boss","floor":16,"turns":9},{"damage":0,"enemies":"3 Byrds","floor":18,"turns":3},{"damage":0,"enemies":"Shell Parasite","floor":19,"turns":3},{"damage":1,"enemies":"Snake Plant","floor":22,"turns":4},{"damage":0,"enemies":"Gremlin Leader","floor":24,"turns":5},{"damage":2,"enemies":"Cultist and Chosen","floor":27,"turns":3},{"damage":30,"enemies":"Slavers","floor":28,"turns":4},{"damage":0,"enemies":"3 Cultists","floor":30,"turns":3},{"damage":0,"enemies":"Automaton","floor":33,"turns":10},{"damage":0,"enemies":"Orb Walker","floor":35,"turns":4},{"damage":0,"enemies":"Mind Bloom Boss Battle","floor":36,"turns":6},{"damage":0,"enemies":"3 Shapes","floor":37,"turns":5},{"damage":0,"enemies":"Jaw Worm Horde","floor":39,"turns":4},{"damage":0,"enemies":"Reptomancer","floor":40,"turns":6},{"damage":6,"enemies":"Nemesis","floor":44,"turns":5},{"damage":0,"enemies":"Writhing Mass","floor":46,"turns":7},{"damage":11,"enemies":"Reptomancer","floor":48,"turns":7},{"damage":0,"enemies":"Time Eater","floor":50,"turns":13},{"damage":0,"enemies":"Shield and Spear","floor":54,"turns":7},{"damage":22,"enemies":"The Heart","floor":55,"turns":9}],"seed_played":"-2925077396355810026","potions_obtained":[{"floor":5,"key":"Strength Potion"},{"floor":7,"key":"SteroidPotion"},{"floor":10,"key":"GhostInAJar"},{"floor":16,"key":"SpeedPotion"},{"floor":19,"key":"EssenceOfSteel"},{"floor":30,"key":"Poison Potion"},{"floor":37,"key":"AttackPotion"},{"floor":44,"key":"Strength Potion"},{"floor":48,"key":"Explosive Potion"}],"is_trial":false,"path_per_floor":["M","?","M","M","M","R","E","R","T","E","?","R","?","$","R","B",null,"M","M","?","?","M","R","E","R","T","M","E","R","M","?","R","B",null,"M","?","M","?","M","E","R","?","T","E","R","M","R","E","R","B",null,"R","$","E","B",null],"character_chosen":"THE_SILENT","items_purchased":["Anchor","Dodge and Roll","Corpse Explosion","Mayhem","DollysMirror","War Paint"],"campfire_rested":1,"item_purchase_floors":[14,14,14,53,53,53],"current_hp_per_floor":[70,70,70,68,64,64,60,60,60,60,55,55,52,52,52,54,70,70,70,70,70,69,69,70,70,70,68,40,40,42,42,63,65,70,70,70,70,70,70,70,70,66,66,60,60,62,62,53,53,55,66,66,66,66,44],"gold":53,"neow_bonus":"BOSS_RELIC","is_prod":false,"is_daily":false,"chose_seed":false,"campfire_upgraded":11,"win_rate":0,"timestamp":1548004635,"path_taken":["M","?","?","M","M","R","E","R","T","E","?","R","?","$","R","BOSS","M","M","?","?","?","R","E","R","T","M","E","R","M","?","R","BOSS","M","?","M","?","M","E","R","?","T","E","R","M","R","E","R","BOSS","R","$","E","BOSS"],"build_version":"2019-01-19","purchased_purges":0,"victory":true,"max_hp_per_floor":[70,70,70,70,70,70,70,70,70,70,70,70,70,70,70,70,70,70,70,70,70,70,70,70,70,70,70,70,70,70,70,70,70,70,70,70,70,70,70,70,70,66,66,66,66,66,66,66,66,66,66,66,66,66,66],"card_choices":[{"not_picked":["Deadly Poison","Slice"],"picked":"Flying Knee","floor":1},{"not_picked":["Slice","Terror","Quick Slash"],"picked":"SKIP","floor":3},{"not_picked":["Quick Slash","Choke","A Thousand Cuts"],"picked":"SKIP","floor":4},{"not_picked":["Cloak And Dagger","Dagger Spray"],"picked":"Backflip","floor":5},{"not_picked":["Cloak And Dagger","Riddle With Holes"],"picked":"Deflect","floor":7},{"not_picked":["Choke","Masterful Stab","Underhanded Strike"],"picked":"SKIP","floor":10},{"not_picked":["Venomology","Phantasmal Killer","After Image"],"picked":"Bullet Time","floor":16},{"not_picked":["Dagger Throw","Outmaneuver+1","Setup"],"picked":"Leg Sweep","floor":18},{"not_picked":["Sucker Punch","Deflect","Finisher+1"],"picked":"Deadly Poison+1","floor":19},{"not_picked":["Deadly Poison","Heel Hook","Sucker Punch"],"picked":"Acrobatics","floor":22},{"not_picked":["Dagger Spray","Quick Slash+1","Acrobatics+1","Skewer"],"picked":"SKIP","floor":24},{"not_picked":["Masterful Stab","Prepared","Outmaneuver+1"],"picked":"Blur","floor":27},{"not_picked":["Die Die Die","Concentrate","Dagger Spray+1"],"picked":"Backflip+1","floor":28},{"not_picked":["Outmaneuver","Deadly Poison","Dodge and Roll"],"picked":"Escape Plan+1","floor":30},{"not_picked":["Deadly Poison","Infinite Blades","Blade Dance"],"picked":"Deflect+1","floor":32},{"not_picked":["Bullet Time","Corpse Explosion","Malaise"],"picked":"A Thousand Cuts","floor":33},{"not_picked":["Dagger Throw","Outmaneuver+1","Poisoned Stab"],"picked":"Blur+1","floor":34},{"not_picked":["Slice","Underhanded Strike","Poisoned Stab"],"picked":"Bane+1","floor":34},{"not_picked":["Blade Dance","Prepared","Backstab"],"picked":"Deflect","floor":34},{"not_picked":["Skewer+1","Outmaneuver+1","Slice"],"picked":"Escape Plan+1","floor":35},{"not_picked":["Concentrate+1","Eviscerate+1","Choke"],"picked":"Prepared+1","floor":36},{"not_picked":["Reflex","Blur","Deadly Poison"],"picked":"Backflip+1","floor":37},{"not_picked":["Sucker Punch","Acrobatics","A Thousand Cuts","Dagger Spray"],"picked":"SKIP","floor":37},{"not_picked":["Flying Knee","Acrobatics","Deflect+1"],"picked":"Catalyst+1","floor":39},{"not_picked":["Terror","Blade Dance+1","Setup+1"],"picked":"Noxious Fumes","floor":39},{"not_picked":["Glass Knife","Poisoned Stab+1","Flying Knee"],"picked":"Leg Sweep","floor":40},{"not_picked":["Underhanded Strike","Endless Agony","Poisoned Stab"],"picked":"Blur","floor":44},{"not_picked":["Eviscerate+1","All Out Attack+1","Bouncing Flask"],"picked":"Calculated Gamble+1","floor":46},{"not_picked":["Sucker Punch","Cloak And Dagger","Blade Dance+1"],"picked":"Blur+1","floor":46},{"not_picked":["Cloak And Dagger+1","Bullet Time","Deflect+1"],"picked":"Dodge and Roll+1","floor":48},{"not_picked":["Poisoned Stab","Deadly Poison","Deflect"],"picked":"Acrobatics","floor":54}],"player_experience":4119005,"relics_obtained":[{"floor":7,"key":"Lantern"},{"floor":10,"key":"Snake Skull"},{"floor":11,"key":"Question Card"},{"floor":24,"key":"Oddly Smooth Stone"},{"floor":28,"key":"Ginger"},{"floor":36,"key":"Prayer Wheel"},{"floor":40,"key":"Ancient Tea Set"},{"floor":44,"key":"Bronze Scales"},{"floor":48,"key":"Whetstone"},{"floor":54,"key":"Blue Candle"}],"event_choices":[{"damage_healed":0,"gold_gain":0,"player_choice":"Upgraded","damage_taken":0,"max_hp_gain":0,"max_hp_loss":0,"event_name":"Upgrade Shrine","floor":2,"gold_loss":0,"cards_upgraded":["Bouncing Flask"]},{"damage_healed":0,"gold_gain":30,"player_choice":"Searched \u00273\u0027 times","damage_taken":0,"max_hp_gain":0,"max_hp_loss":0,"event_name":"Dead Adventurer","floor":11,"gold_loss":0},{"damage_healed":0,"gold_gain":0,"player_choice":"Success","damage_taken":3,"relics_obtained":["Blood Vial"],"max_hp_gain":0,"max_hp_loss":0,"event_name":"Scrap Ooze","floor":13,"gold_loss":0},{"damage_healed":0,"gold_gain":0,"player_choice":"Ignored","damage_taken":0,"max_hp_gain":0,"max_hp_loss":0,"event_name":"Beggar","floor":20,"gold_loss":0},{"damage_healed":0,"gold_gain":0,"player_choice":"1 cards matched","damage_taken":0,"max_hp_gain":0,"max_hp_loss":0,"event_name":"Match and Keep!","floor":21,"gold_loss":0,"cards_obtained":["Neutralize"]},{"damage_healed":0,"gold_gain":0,"player_choice":"Obtained Relic","damage_taken":0,"relics_obtained":["Dream Catcher"],"max_hp_gain":0,"max_hp_loss":0,"event_name":"Addict","floor":31,"gold_loss":85},{"damage_healed":0,"gold_gain":0,"player_choice":"Fight","damage_taken":0,"max_hp_gain":0,"max_hp_loss":0,"event_name":"MindBloom","floor":36,"gold_loss":0},{"damage_healed":0,"gold_gain":0,"player_choice":"Ignored","damage_taken":0,"max_hp_gain":0,"max_hp_loss":0,"event_name":"Tomb of Lord Red Mask","floor":38,"gold_loss":0},{"damage_healed":0,"gold_gain":0,"player_choice":"Max HP","damage_taken":0,"max_hp_gain":0,"max_hp_loss":4,"event_name":"Winding Halls","floor":42,"gold_loss":0}],"is_beta":true,"boss_relics":[{"not_picked":["Fusion Hammer","Black Star"],"picked":"Cursed Key"},{"not_picked":["HoveringKite","Lizard Tail"],"picked":"Orrery"}],"items_purged_floors":[],"is_endless":false,"potions_floor_spawned":[5,7,10,16,18,19,30,37,44,48],"ascension_level":1}