{"gold_per_floor":[360,377,377,394,0,0,26,26,26,41,70,17,49,64,64,136,136,146,69,69,69,80,106,124,124,178,194,244,274,356,356],"floor_reached":31,"playtime":1434,"items_purged":["Strike_B"],"score":636,"play_id":"b48e622b-8505-4df9-a455-44abef70e413","local_time":"20190122233731","is_ascension_mode":true,"campfire_choices":[{"data":"Sunder","floor":6.0,"key":"SMITH"},{"data":"Genetic Algorithm","floor":8.0,"key":"SMITH"},{"data":"Zap","floor":15.0,"key":"SMITH"},{"data":"Zap","floor":25.0,"key":"SMITH"}],"neow_cost":"TEN_PERCENT_HP_LOSS","seed_source_timestamp":1087668080907933,"circlet_count":0,"master_deck":["AscendersBane","Defend_B","Defend_B","Defend_B","Zap+1","Dualcast","Sunder+1","Loop","Genetic Algorithm+1","Zap+1","Cold Snap","Conserve Battery","Hologram","Glacier","Seek","Cold Snap","Recycle","All For One","Glacier","All For One","Thunder Strike+1","Self Repair+1","Hologram+1","Ball Lightning","Buffer","Scrape","Heatsinks","Fusion","Compile Driver","Defragment","Conserve Battery","Barrage","Cold Snap","Streamline"],"special_seed":0,"relics":["Cracked Core","Bronze Scales","StoneCalendar","Gambling Chip","Prayer Wheel","Strawberry","Astrolabe","Anchor","Bag of Preparation","Happy Flower","Blue Candle"],"potions_floor_usage":[31],"damage_taken":[{"damage":0.0,"enemies":"2 Louse","floor":1.0,"turns":2.0},{"damage":0.0,"enemies":"Cultist","floor":2.0,"turns":3.0},{"damage":8.0,"enemies":"Jaw Worm","floor":4.0,"turns":4.0},{"damage":16.0,"enemies":"3 Sentries","floor":7.0,"turns":6.0},{"damage":5.0,"enemies":"3 Louse","floor":10.0,"turns":2.0},{"damage":5.0,"enemies":"Lagavulin","floor":11.0,"turns":7.0},{"damage":0.0,"enemies":"3 Sentries","floor":13.0,"turns":6.0},{"damage":0.0,"enemies":"2 Fungi Beasts","floor":14.0,"turns":2.0},{"damage":6.0,"enemies":"The Guardian","floor":16.0,"turns":12.0},{"damage":2.0,"enemies":"Shell Parasite","floor":18.0,"turns":7.0},{"damage":11.0,"enemies":"Spheric Guardian","floor":22.0,"turns":7.0},{"damage":34.0,"enemies":"Book of Stabbing","floor":23.0,"turns":6.0},{"damage":4.0,"enemies":"Chosen and Byrds","floor":24.0,"turns":7.0},{"damage":13.0,"enemies":"Centurion and Healer","floor":27.0,"turns":7.0},{"damage":17.0,"enemies":"Gremlin Leader","floor":29.0,"turns":7.0},{"damage":26,"enemies":"Book of Stabbing","floor":31,"turns":4}],"seed_played":"8557736195458679980","potions_obtained":[{"floor":1.0,"key":"FearPotion"},{"floor":7.0,"key":"PowerPotion"},{"floor":10.0,"key":"FocusPotion"},{"floor":23.0,"key":"LiquidBronze"}],"is_trial":false,"path_per_floor":["?","M","$","M","?","?","?","T"],"character_chosen":"DEFECT","items_purchased":["Bronze Scales","Conserve Battery","Hologram","Explosive Potion","Cold Snap","Buffer"],"campfire_rested":0,"item_purchase_floors":[5,5,5,5,12,19],"current_hp_per_floor":[64,64,64,56,56,56,40,40,40,35,30,30,37,37,37,31,61,69,69,49,49,48,24,30,30,30,27,27,20,20,0],"gold":356,"neow_bonus":"TWO_FIFTY_GOLD","is_prod":false,"is_daily":false,"chose_seed":false,"campfire_upgraded":4,"win_rate":0,"timestamp":1548218251,"path_taken":["M","M","?","M","$","R","E","R","T","?","E","?","E","?","R","BOSS","M","$","?","?","M","E","M","R","T","M","?","E","?","E"],"build_version":"2019-01-22","purchased_purges":1,"victory":false,"max_hp_per_floor":[64,64,64,64,64,64,64,64,64,64,64,64,71,71,71,71,71,71,71,76,76,76,76,76,76,76,76,76,76,76,76],"card_choices":[{"not_picked":["Tempest","Ball Lightning"],"picked":"Sunder","floor":1.0},{"not_picked":["Compile Driver","Hologram"],"picked":"Loop","floor":2.0},{"not_picked":["Capacitor","Double Energy"],"picked":"Cold Snap","floor":4.0},{"not_picked":["Static Discharge","Recycle"],"picked":"Glacier","floor":7.0},{"not_picked":["Double Energy","Scrape","Gash"],"picked":"SKIP","floor":10.0},{"not_picked":["Hello World","Ball Lightning"],"picked":"Seek","floor":11.0},{"not_picked":["Ball Lightning","Stack"],"picked":"Recycle","floor":13.0},{"not_picked":["Steam","Stack"],"picked":"All For One","floor":14.0},{"not_picked":["Steam","Scrape"],"picked":"Glacier","floor":14.0},{"not_picked":["Buffer","Machine Learning"],"picked":"All For One","floor":16.0},{"not_picked":["Skim","Compile Driver"],"picked":"Hologram+1","floor":18.0},{"not_picked":["Undo","Leap"],"picked":"Ball Lightning","floor":18.0},{"not_picked":["Coolheaded","Reprogram"],"picked":"Fusion","floor":22.0},{"not_picked":["Steam","Redo"],"picked":"Compile Driver","floor":22.0},{"not_picked":["Scrape","Thunder Strike"],"picked":"Defragment","floor":23.0},{"not_picked":["Sunder","Rip and Tear"],"picked":"Conserve Battery","floor":24.0},{"not_picked":["Stack","Heatsinks"],"picked":"Barrage","floor":24.0},{"not_picked":["Go for the Eyes","Force Field"],"picked":"Cold Snap","floor":27.0},{"not_picked":["Double Energy","Turbo"],"picked":"Streamline","floor":27.0},{"not_picked":["Leap","Go for the Eyes","Hyperbeam"],"picked":"SKIP","floor":29.0}],"player_experience":803608,"relics_obtained":[{"floor":7.0,"key":"StoneCalendar"},{"floor":9.0,"key":"Gambling Chip"},{"floor":11.0,"key":"Prayer Wheel"},{"floor":13.0,"key":"Strawberry"},{"floor":23.0,"key":"Anchor"},{"floor":26.0,"key":"Bag of Preparation"},{"floor":29.0,"key":"Happy Flower"},{"floor":30.0,"key":"Blue Candle"}],"event_choices":[{"damage_healed":0.0,"max_hp_gain":0.0,"max_hp_loss":0.0,"gold_gain":0.0,"event_name":"Match and Keep!","player_choice":"2 cards matched","floor":3.0,"gold_loss":0.0,"damage_taken":0.0,"cards_obtained":["Genetic Algorithm","Zap"]},{"damage_healed":0.0,"max_hp_gain":5.0,"max_hp_loss":0.0,"gold_gain":0.0,"event_name":"Forgotten Altar","player_choice":"Shed Blood","floor":20.0,"gold_loss":0.0,"damage_taken":25.0},{"damage_healed":0.0,"max_hp_gain":0.0,"max_hp_loss":0.0,"gold_gain":0.0,"cards_transformed":["Defend_B","Storm"],"event_name":"Drug Dealer","player_choice":"Became Test Subject","floor":21.0,"gold_loss":0.0,"damage_taken":0.0,"cards_obtained":["Scrape","Heatsinks"]},{"damage_healed":0.0,"max_hp_gain":0.0,"max_hp_loss":0.0,"gold_gain":50.0,"event_name":"Nest","player_choice":"Stole From Cult","floor":28.0,"gold_loss":0.0,"damage_taken":0.0}],"is_beta":true,"boss_relics":[{"not_picked":["White Beast Statue","Empty Cage"],"picked":"Astrolabe"}],"items_purged_floors":[5],"is_endless":false,"potions_floor_spawned":[1,7,10,16,18,22,23],"killed_by":"Book of Stabbing","ascension_level":20}