{"gold_per_floor":[213,288,288,303,303,331,331,2,52,83,103,115,145,159,159,260,260,270,270,280,293,293,326,345,376,403,17,17,52,52,78,78,175,175,185,202,202,302,319,347,375,387,387,420,447,460,494,527,527,527,527,527,18,48,48],"floor_reached":56,"playtime":5604,"items_purged":["Strike_B+1"],"score":2078,"play_id":"971bd594-272c-49c4-8727-4d3cdf83733e","local_time":"20190124075814","is_ascension_mode":true,"campfire_choices":[{"data":"Zap","floor":7,"key":"SMITH"},{"data":"Consume","floor":15,"key":"SMITH"},{"data":"Echo Form","floor":28,"key":"SMITH"},{"data":"Capacitor","floor":32,"key":"SMITH"},{"floor":49,"key":"RECALL"},{"floor":52,"key":"DIG"}],"neow_cost":"NONE","seed_source_timestamp":3352527967334316,"circlet_count":0,"master_deck":["Strike_B+1","Strike_B+1","Defend_B+1","Defend_B+1","Defend_B+1","Defend_B+1","Zap+1","Dualcast+1","Capacitor+1","Glacier","Coolheaded","Coolheaded","Consume+1","Tempest","Buffer","Go for the Eyes","Echo Form+1","Electrodynamics","Chill+1","Conserve Battery+1","Turbo+1","Self Repair+1","Coolheaded+1","Darkness+1","Mayhem","Meteor Strike","Stack+1","Electrodynamics","Coolheaded+1","Core Surge","Glacier+1","Compile Driver+1","Amplify+1","Go for the Eyes","Capacitor+1","Hologram+1","Parasite","Hologram+1","Chaos+1","Chaos+1","Defragment+1","Storm+1","Leap+1","Seek+1"],"relics":["Cracked Core","Symbiotic Virus","Lantern","DataDisk","Anchor","Boot","Ice Cream","Gremlin Horn","Runic Pyramid","Toxic Egg 2","War Paint","Orichalcum","PreservedInsect","WingedGreaves","White Beast Statue","Shovel","Vajra","Darkstone Periapt","Thread and Needle","Omamori","Dead Branch","Dodecahedron","Potion Belt","Sundial","Mummified Hand","Medical Kit","Blue Candle"],"potions_floor_usage":[18,21,23,55,55,55,55,55],"damage_taken":[{"damage":1,"enemies":"Cultist","floor":1,"turns":3},{"damage":1,"enemies":"Jaw Worm","floor":4,"turns":3},{"damage":6,"enemies":"Lagavulin","floor":6,"turns":8},{"damage":11,"enemies":"Gremlin Nob","floor":10,"turns":5},{"damage":0,"enemies":"2 Louse","floor":11,"turns":2},{"damage":0,"enemies":"Blue Slaver","floor":12,"turns":2},{"damage":0,"enemies":"Lagavulin","floor":13,"turns":5},{"damage":0,"enemies":"3 Louse","floor":14,"turns":2},{"damage":0,"enemies":"The Guardian","floor":16,"turns":11},{"damage":0,"enemies":"2 Thieves","floor":18,"turns":2},{"damage":0,"enemies":"Shell Parasite","floor":20,"turns":6},{"damage":0,"enemies":"Snake Plant","floor":21,"turns":4},{"damage":0,"enemies":"Book of Stabbing","floor":23,"turns":6},{"damage":0,"enemies":"Shelled Parasite and Fungi","floor":24,"turns":4},{"damage":0,"enemies":"Slavers","floor":25,"turns":4},{"damage":0,"enemies":"Gremlin Leader","floor":29,"turns":4},{"damage":0,"enemies":"Book of Stabbing","floor":31,"turns":4},{"damage":0,"enemies":"Champ","floor":33,"turns":11},{"damage":0,"enemies":"3 Shapes","floor":35,"turns":5},{"damage":0,"enemies":"Orb Walker","floor":36,"turns":4},{"damage":0,"enemies":"Mind Bloom Boss Battle","floor":38,"turns":7},{"damage":0,"enemies":"Transient","floor":39,"turns":5},{"damage":0,"enemies":"Giant Head","floor":40,"turns":9},{"damage":0,"enemies":"Reptomancer","floor":41,"turns":4},{"damage":0,"enemies":"Writhing Mass","floor":42,"turns":7},{"damage":0,"enemies":"Giant Head","floor":44,"turns":7},{"damage":0,"enemies":"Reptomancer","floor":45,"turns":4},{"damage":0,"enemies":"3 Darklings","floor":46,"turns":4},{"damage":0,"enemies":"Giant Head","floor":47,"turns":8},{"damage":0,"enemies":"Nemesis","floor":48,"turns":4},{"damage":0,"enemies":"Awakened One","floor":50,"turns":11},{"damage":0,"enemies":"Shield and Spear","floor":54,"turns":4},{"damage":9,"enemies":"The Heart","floor":55,"turns":7}],"seed_played":"716339510102574067","potions_obtained":[{"floor":1,"key":"Regen Potion"},{"floor":4,"key":"Energy Potion"},{"floor":11,"key":"Dexterity Potion"},{"floor":16,"key":"AttackPotion"},{"floor":18,"key":"GamblersBrew"},{"floor":21,"key":"Explosive Potion"},{"floor":24,"key":"Energy Potion"},{"floor":33,"key":"SkillPotion"},{"floor":41,"key":"Ancient Potion"},{"floor":44,"key":"Weak Potion"},{"floor":48,"key":"SneckoOil"},{"floor":54,"key":"Weak Potion"}],"is_trial":false,"path_per_floor":["M","T","T","M","?","E","R","$","T","E","M","M","E","M","R","B",null,"M","?","M","M","?","E","M","E","T","$","R","E","?","E","R","B",null,"M","M","?","?","M","E","E","M","T","E","E","M","E","E","R","B",null,"R","$","E","B",null],"character_chosen":"DEFECT","items_purchased":["DataDisk","Anchor","Coolheaded","Mayhem","Meteor Strike","Stack+1","Mummified Hand","Medical Kit","Energy Potion"],"campfire_rested":0,"item_purchase_floors":[8,8,8,27,27,27,53,53,53],"current_hp_per_floor":[74,74,74,73,78,72,72,72,72,61,61,61,61,61,61,61,80,80,65,65,65,65,80,85,85,85,85,85,85,85,85,85,85,85,85,85,85,85,85,85,85,91,91,91,91,91,91,91,91,91,91,91,91,91,91],"gold":48,"neow_bonus":"HUNDRED_GOLD","is_prod":false,"is_daily":false,"chose_seed":false,"campfire_upgraded":4,"win_rate":0,"timestamp":1548334694,"path_taken":["M","?","?","M","?","E","R","?","T","E","M","M","E","M","R","BOSS","M","?","M","M","?","E","M","E","T","$","R","E","?","E","R","BOSS","M","M","?","?","M","E","E","M","T","E","E","M","E","E","R","BOSS","R","$","E","BOSS"],"build_version":"2019-01-23","purchased_purges":1,"victory":true,"max_hp_per_floor":[75,75,75,75,80,80,80,80,80,80,80,80,80,80,80,80,80,80,85,85,85,85,85,85,85,85,85,85,85,85,85,85,85,85,85,85,85,85,85,85,85,91,91,91,91,91,91,91,91,91,91,91,91,91,91],"card_choices":[{"not_picked":["White Noise","Leap"],"picked":"Capacitor","floor":1},{"not_picked":["Leap","Beam Cell"],"picked":"Glacier","floor":4},{"not_picked":["Double Energy","Reprogram"],"picked":"Coolheaded","floor":6},{"not_picked":["Coolheaded","Turbo"],"picked":"Consume","floor":10},{"not_picked":["Rip and Tear","Fusion"],"picked":"Tempest","floor":11},{"not_picked":["Turbo","Cold Snap"],"picked":"Buffer","floor":12},{"not_picked":["Streamline","Gash"],"picked":"Go for the Eyes","floor":13},{"not_picked":["Melter","Leap"],"picked":"Echo Form","floor":14},{"not_picked":["Fission","Core Surge"],"picked":"Electrodynamics","floor":16},{"not_picked":["Auto Shields","Melter+1"],"picked":"Chill+1","floor":18},{"not_picked":["Chill","Redo"],"picked":"Conserve Battery","floor":20},{"not_picked":["Chill+1","Conserve Battery"],"picked":"Turbo+1","floor":21},{"not_picked":["Leap+1","Streamline"],"picked":"Self Repair+1","floor":23},{"not_picked":["Conserve Battery+1","Compile Driver"],"picked":"Coolheaded+1","floor":24},{"not_picked":["Redo+1","Force Field+1"],"picked":"Darkness+1","floor":25},{"not_picked":["Chill+1","Lockon"],"picked":"Electrodynamics","floor":29},{"not_picked":["Gash","Reinforced Body+1"],"picked":"Coolheaded+1","floor":31},{"not_picked":["All For One","Buffer"],"picked":"Core Surge","floor":33},{"not_picked":["Consume+1","Recycle+1"],"picked":"Glacier+1","floor":35},{"not_picked":["Stack+1","Leap+1"],"picked":"Compile Driver+1","floor":36},{"not_picked":["Compile Driver","Go for the Eyes"],"picked":"Amplify+1","floor":38},{"not_picked":["Scrape","Ball Lightning"],"picked":"Go for the Eyes","floor":39},{"not_picked":["Ball Lightning","Heatsinks"],"picked":"Capacitor+1","floor":40},{"not_picked":["Static Discharge+1","Electrodynamics"],"picked":"Hologram+1","floor":41},{"not_picked":["Conserve Battery+1","Redo+1"],"picked":"Hologram+1","floor":42},{"not_picked":["Scrape+1","Self Repair+1"],"picked":"Chaos+1","floor":44},{"not_picked":["Ball Lightning+1","Aggregate+1"],"picked":"Chaos+1","floor":45},{"not_picked":["Redo+1","Go for the Eyes+1"],"picked":"Defragment+1","floor":46},{"not_picked":["Hologram+1","Fusion+1"],"picked":"Storm+1","floor":47},{"not_picked":["Auto Shields+1","All For One"],"picked":"Leap+1","floor":48},{"not_picked":["Redo+1","Darkness+1"],"picked":"Seek+1","floor":54}],"player_experience":4182969,"relics_obtained":[{"floor":2,"key":"Symbiotic Virus"},{"floor":6,"key":"Lantern"},{"floor":9,"key":"Boot"},{"floor":10,"key":"Ice Cream"},{"floor":13,"key":"Gremlin Horn"},{"floor":23,"key":"Toxic Egg 2"},{"floor":25,"key":"War Paint"},{"floor":26,"key":"Orichalcum"},{"floor":29,"key":"PreservedInsect"},{"floor":31,"key":"WingedGreaves"},{"floor":38,"key":"Shovel"},{"floor":40,"key":"Vajra"},{"floor":41,"key":"Darkstone Periapt"},{"floor":43,"key":"Thread and Needle"},{"floor":44,"key":"Omamori"},{"floor":45,"key":"Dead Branch"},{"floor":47,"key":"Dodecahedron"},{"floor":48,"key":"Potion Belt"},{"floor":52,"key":"Sundial"},{"floor":54,"key":"Blue Candle"}],"event_choices":[{"damage_healed":0,"gold_gain":0,"player_choice":"Donut","damage_taken":0,"max_hp_gain":5,"max_hp_loss":0,"event_name":"Big Fish","floor":5,"gold_loss":0},{"damage_healed":0,"gold_gain":0,"player_choice":"Shed Blood","damage_taken":20,"max_hp_gain":5,"max_hp_loss":0,"event_name":"Forgotten Altar","floor":19,"gold_loss":0},{"damage_healed":0,"gold_gain":0,"player_choice":"Simplicity","damage_taken":0,"max_hp_gain":0,"max_hp_loss":0,"event_name":"Back to Basics","floor":22,"gold_loss":0,"cards_upgraded":["Strike_B","Strike_B","Strike_B","Strike_B","Defend_B","Defend_B","Defend_B","Defend_B"]},{"damage_healed":0,"gold_gain":0,"player_choice":"Ignored","damage_taken":0,"max_hp_gain":0,"max_hp_loss":0,"event_name":"Vampires","floor":30,"gold_loss":0},{"cards_removed":["Strike_B"],"damage_healed":0,"gold_gain":0,"player_choice":"Removed Attack","damage_taken":0,"max_hp_gain":0,"max_hp_loss":0,"event_name":"Falling","floor":37,"gold_loss":0},{"damage_healed":0,"gold_gain":0,"player_choice":"Fight","damage_taken":0,"max_hp_gain":0,"max_hp_loss":0,"event_name":"MindBloom","floor":38,"gold_loss":0}],"is_beta":true,"boss_relics":[{"not_picked":["Lizard Tail","FrozenCore"],"picked":"Runic Pyramid"},{"not_picked":["Eternal Feather","Fusion Hammer"],"picked":"White Beast Statue"}],"items_purged_floors":[27],"is_endless":false,"potions_floor_spawned":[1,4,11,16,18,21,24,33,35,36,38,39,40,41,42,44,45,46,47,48,54],"ascension_level":1}