{"gold_per_floor":[111,111,127,202,202,202,236,236,260,25,56,67,93,109,109,207,207,222,31,32,32,32,32,67,87,139,170,170,182,216,234,234,337,337,354,368,129,147,158,193,193,193,218,218,251,262,57,89,89,89,89,89,17,47,47],"floor_reached":55,"playtime":4480,"items_purged":["Strike_B"],"score":901,"play_id":"037c481d-2a11-4cb2-896a-44e187c8e76f","local_time":"20190222080907","is_ascension_mode":true,"campfire_choices":[{"data":"Ball Lightning","floor":6,"key":"SMITH"},{"data":"Creative AI","floor":8,"key":"SMITH"},{"data":"Self Repair","floor":15,"key":"SMITH"},{"data":"Buffer","floor":23,"key":"SMITH"},{"data":"Go for the Eyes","floor":32,"key":"SMITH"},{"data":"Discovery","floor":42,"key":"SMITH"},{"floor":44,"key":"RECALL"},{"data":"Capacitor","floor":49,"key":"SMITH"},{"data":"Reinforced Body","floor":52,"key":"SMITH"}],"neow_cost":"NONE","seed_source_timestamp":5859535576796592,"circlet_count":0,"master_deck":["Strike_B+1","Strike_B+1","Defend_B+1","Defend_B","Zap+1","Dualcast+1","BootSequence","Ball Lightning+1","Creative AI+1","Cold Snap","Reinforced Body+1","Self Repair+1","Glacier","Turbo","Buffer+1","Stack+1","Go for the Eyes+1","Cold Snap+1","Force Field","Melter+1","Rebound","Reboot","Conserve Battery+1","Capacitor+1","Discovery+1","Storm","Coolheaded","Electrodynamics","Reinforced Body","Undo","Storm","Stack+1","Static Discharge","Creative AI"],"relics":["Cracked Core","Lantern","Bag of Preparation","ClockworkSouvenir","Boot","Whetstone","Sozu","OrangePellets","Dodecahedron","Bird Faced Urn","Girya","Snecko Eye","Singing Bowl","Omamori","Symbiotic Virus","DollysMirror","Bronze Scales","Pear"],"potions_floor_usage":[7,13,24,27,55],"damage_taken":[{"damage":0,"enemies":"2 Louse","floor":1,"turns":2},{"damage":0,"enemies":"Small Slimes","floor":3,"turns":3},{"damage":9,"enemies":"Gremlin Nob","floor":7,"turns":4},{"damage":4,"enemies":"Lagavulin","floor":11,"turns":6},{"damage":0,"enemies":"Jaw Worm","floor":12,"turns":2},{"damage":0,"enemies":"3 Sentries","floor":13,"turns":5},{"damage":0,"enemies":"Large Slime","floor":14,"turns":5},{"damage":8,"enemies":"The Guardian","floor":16,"turns":9},{"damage":13,"enemies":"Spheric Guardian","floor":18,"turns":4},{"damage":7,"enemies":"2 Thieves","floor":20,"turns":5},{"damage":6,"enemies":"Slavers","floor":24,"turns":8},{"damage":0,"enemies":"Chosen and Byrds","floor":25,"turns":6},{"damage":9,"enemies":"Gremlin Leader","floor":27,"turns":10},{"damage":0,"enemies":"Snake Plant","floor":29,"turns":6},{"damage":0,"enemies":"Slavers","floor":30,"turns":7},{"damage":0,"enemies":"Cultist and Chosen","floor":31,"turns":6},{"damage":19,"enemies":"Automaton","floor":33,"turns":14},{"damage":0,"enemies":"Orb Walker","floor":35,"turns":5},{"damage":0,"enemies":"3 Shapes","floor":36,"turns":4},{"damage":0,"enemies":"3 Darklings","floor":38,"turns":9},{"damage":0,"enemies":"Jaw Worm Horde","floor":39,"turns":5},{"damage":29,"enemies":"Giant Head","floor":40,"turns":14},{"damage":0,"enemies":"Nemesis","floor":45,"turns":7},{"damage":0,"enemies":"Transient","floor":46,"turns":5},{"damage":9,"enemies":"Reptomancer","floor":48,"turns":7},{"damage":16,"enemies":"Time Eater","floor":50,"turns":13},{"damage":40,"enemies":"Shield and Spear","floor":54,"turns":5},{"damage":92,"enemies":"The Heart","floor":55,"turns":6}],"seed_played":"6869607494312032976","potions_obtained":[{"floor":1,"key":"AttackPotion"},{"floor":3,"key":"FearPotion"},{"floor":11,"key":"Block Potion"},{"floor":12,"key":"Poison Potion"},{"floor":16,"key":"Strength Potion"}],"is_trial":false,"path_per_floor":["M","?","M","?","?","R","E","R","T","$","E","M","E","M","R","B",null,"M","$","M","?","$","R","E","M","T","E","?","M","E","M","R","B",null,"M","M","$","M","M","E","?","R","T","R","E","M","$","E","R","B",null,"R","$","E","B"],"character_chosen":"DEFECT","items_purchased":["ClockworkSouvenir","Cold Snap","OrangePellets","Capacitor","Discovery","DollysMirror","Static Discharge"],"campfire_rested":0,"item_purchase_floors":[10,10,19,37,37,47,53],"current_hp_per_floor":[75,60,60,49,42,42,33,33,33,33,29,29,36,43,43,45,75,72,72,75,75,75,75,75,75,75,75,75,75,75,75,75,75,75,75,75,75,75,75,60,60,60,60,60,75,75,75,75,75,64,75,75,75,65,0],"gold":47,"neow_bonus":"UPGRADE_CARD","is_prod":false,"is_daily":false,"chose_seed":false,"campfire_upgraded":8,"win_rate":0,"timestamp":1550840947,"path_taken":["M","?","M","?","?","R","E","R","T","?","E","M","E","M","R","BOSS","M","$","M","?","?","R","E","M","T","E","?","M","E","M","R","BOSS","M","M","?","M","M","E","?","R","T","R","E","?","$","E","R","BOSS","R","$","E","BOSS"],"build_version":"2019-02-06","purchased_purges":1,"victory":false,"max_hp_per_floor":[75,75,75,75,75,75,75,75,75,75,75,75,75,75,75,75,75,75,75,75,75,75,75,75,75,75,75,75,75,75,75,75,75,75,75,75,75,75,75,75,75,75,75,75,75,75,75,75,75,75,75,75,75,85,85],"card_choices":[{"not_picked":["Storm","Self Repair"],"picked":"BootSequence","floor":1},{"not_picked":["Turbo","Undo"],"picked":"Ball Lightning","floor":3},{"not_picked":["Sweeping Beam","Hyperbeam"],"picked":"Creative AI","floor":7},{"not_picked":["Sweeping Beam","Stack"],"picked":"Reinforced Body","floor":11},{"not_picked":["Tempest","Leap"],"picked":"Self Repair","floor":12},{"not_picked":["Beam Cell","Gash"],"picked":"Glacier","floor":13},{"not_picked":["Barrage","Stack"],"picked":"Turbo","floor":14},{"not_picked":["Meteor Strike","All For One"],"picked":"Buffer","floor":16},{"not_picked":["Stack","Ball Lightning","Barrage"],"picked":"SKIP","floor":18},{"not_picked":["Barrage+1","Gash+1"],"picked":"Stack+1","floor":20},{"not_picked":["Ball Lightning","Hyperbeam"],"picked":"Go for the Eyes","floor":24},{"not_picked":["Go for the Eyes","Barrage"],"picked":"Cold Snap+1","floor":25},{"not_picked":["Genetic Algorithm","Hologram"],"picked":"Force Field","floor":27},{"not_picked":["Hologram","Rebound"],"picked":"Melter+1","floor":29},{"not_picked":["Conserve Battery","Multi-Cast"],"picked":"Rebound","floor":30},{"not_picked":["Beam Cell","Melter+1","Cold Snap+1"],"picked":"SKIP","floor":31},{"not_picked":["All For One","Buffer"],"picked":"Reboot","floor":33},{"not_picked":["Turbo+1","Barrage+1","Rebound+1"],"picked":"SKIP","floor":35},{"not_picked":["Steam+1","Sweeping Beam+1"],"picked":"Conserve Battery+1","floor":36},{"not_picked":["Recycle","Darkness+1"],"picked":"Storm","floor":38},{"not_picked":["Stack","Turbo"],"picked":"Coolheaded","floor":39},{"not_picked":["Gash+1","Go for the Eyes+1"],"picked":"Electrodynamics","floor":40},{"not_picked":["Gash+1","Redo+1"],"picked":"Reinforced Body","floor":45},{"not_picked":["Cold Snap+1","Turbo+1"],"picked":"Undo","floor":46},{"not_picked":["Rip and Tear+1","Compile Driver+1"],"picked":"Stack+1","floor":48},{"not_picked":["Steam","Gash"],"picked":"Creative AI","floor":54}],"player_experience":4642326,"relics_obtained":[{"floor":7,"key":"Lantern"},{"floor":9,"key":"Bag of Preparation"},{"floor":11,"key":"Boot"},{"floor":13,"key":"Whetstone"},{"floor":24,"key":"Dodecahedron"},{"floor":27,"key":"Bird Faced Urn"},{"floor":30,"key":"Girya"},{"floor":40,"key":"Singing Bowl"},{"floor":43,"key":"Omamori"},{"floor":45,"key":"Symbiotic Virus"},{"floor":48,"key":"Bronze Scales"},{"floor":54,"key":"Pear"}],"event_choices":[{"damage_healed":0,"gold_gain":0,"player_choice":"Entered Light","damage_taken":15,"max_hp_gain":0,"max_hp_loss":0,"event_name":"Shining Light","floor":2,"gold_loss":0,"cards_upgraded":["Dualcast","Defend_B"]},{"damage_healed":0,"gold_gain":75,"player_choice":"Gather Gold","damage_taken":11,"max_hp_gain":0,"max_hp_loss":0,"event_name":"World of Goop","floor":4,"gold_loss":0},{"cards_removed":["Strike_B"],"damage_healed":0,"gold_gain":0,"player_choice":"Card Removal","damage_taken":7,"max_hp_gain":0,"max_hp_loss":0,"event_name":"Golden Wing","floor":5,"gold_loss":0},{"cards_removed":["Defend_B"],"damage_healed":0,"gold_gain":0,"player_choice":"Purged","damage_taken":0,"max_hp_gain":0,"max_hp_loss":0,"event_name":"Purifier","floor":21,"gold_loss":0},{"cards_removed":["Caltrops"],"damage_healed":0,"gold_gain":0,"player_choice":"Took Card","damage_taken":0,"max_hp_gain":0,"max_hp_loss":0,"event_name":"NoteForYourself","floor":28,"gold_loss":0,"cards_obtained":["Caltrops"]},{"cards_removed":["Defend_B"],"damage_healed":0,"gold_gain":0,"player_choice":"Purged","damage_taken":0,"max_hp_gain":0,"max_hp_loss":0,"event_name":"Purifier","floor":41,"gold_loss":0}],"is_beta":true,"boss_relics":[{"not_picked":["Calling Bell","Eternal Feather"],"picked":"Sozu"},{"not_picked":["Busted Crown","Fusion Hammer"],"picked":"Snecko Eye"}],"items_purged_floors":[37],"is_endless":false,"potions_floor_spawned":[1,3,11,12,16,24,30,38,39,40,45,48],"killed_by":"The Heart","ascension_level":1}