{"gold_per_floor":[118,268,278,302,302,302,330,330,330,35,70,82,82,93,93,166,216,231,242,253,268,268,268,293,293,293,311,311,311,328,346,346,346],"floor_reached":33,"playtime":981,"items_purged":["Doubt"],"score":554,"play_id":"abf40e06-9b73-4d19-a08b-53cf58b49ba6","local_time":"20190125005749","is_ascension_mode":true,"campfire_choices":[{"data":"Zap","floor":6.0,"key":"SMITH"},{"floor":8.0,"key":"REST"},{"data":"Steam","floor":13.0,"key":"SMITH"},{"data":"Stack","floor":15.0,"key":"SMITH"},{"data":"Rainbow","floor":23.0,"key":"SMITH"},{"floor":28.0,"key":"REST"},{"data":"Auto Shields","floor":32.0,"key":"SMITH"}],"neow_cost":"NONE","seed_source_timestamp":0,"circlet_count":0,"master_deck":["AscendersBane","Strike_B","Strike_B+1","Strike_B","Strike_B+1","Defend_B","Defend_B","Defend_B+1","Zap+1","Dualcast","Ball Lightning","Ball Lightning","Stack+1","Conserve Battery","Cold Snap","Steam+1","Electrodynamics","Rainbow+1","Auto Shields+1","Reinforced Body+1","Tempest+1","Ball Lightning","Auto Shields+1","Melter"],"special_seed":0,"relics":["Cracked Core","Art of War","Potion Belt","Letter Opener","Whetstone","Gremlin Horn","Centennial Puzzle","Meat on the Bone","Tiny House","Omamori","Enchiridion","Ginger"],"potions_floor_usage":[33],"damage_taken":[{"damage":2.0,"enemies":"Jaw Worm","floor":1.0,"turns":3.0},{"damage":12.0,"enemies":"Small Slimes","floor":3.0,"turns":4.0},{"damage":25.0,"enemies":"Lagavulin","floor":7.0,"turns":7.0},{"damage":29.0,"enemies":"Gremlin Nob","floor":11.0,"turns":4.0},{"damage":5.0,"enemies":"2 Louse","floor":12.0,"turns":2.0},{"damage":4.0,"enemies":"Looter","floor":14.0,"turns":3.0},{"damage":16.0,"enemies":"Hexaghost","floor":16.0,"turns":8.0},{"damage":6.0,"enemies":"2 Thieves","floor":18.0,"turns":3.0},{"damage":4.0,"enemies":"Spheric Guardian","floor":19.0,"turns":4.0},{"damage":25.0,"enemies":"Centurion and Healer","floor":20.0,"turns":4.0},{"damage":10.0,"enemies":"Snake Plant","floor":21.0,"turns":4.0},{"damage":16.0,"enemies":"Book of Stabbing","floor":24.0,"turns":5.0},{"damage":6.0,"enemies":"Snecko","floor":27.0,"turns":4.0},{"damage":0.0,"enemies":"Sentry and Sphere","floor":30.0,"turns":4.0},{"damage":0.0,"enemies":"Centurion and Healer","floor":31.0,"turns":4.0},{"damage":60,"enemies":"Champ","floor":33,"turns":8}],"seed_played":"-503921345701332620","potions_obtained":[{"floor":1.0,"key":"Energy Potion"},{"floor":3.0,"key":"SteroidPotion"},{"floor":11.0,"key":"FocusPotion"},{"floor":17.0,"key":"SteroidPotion"},{"floor":19.0,"key":"AttackPotion"},{"floor":27.0,"key":"SteroidPotion"},{"floor":31.0,"key":"FocusPotion"}],"is_trial":false,"path_per_floor":["M","?","M","T","?","R","E","R","T","$","E","M","R","M","R","B",null,"M","M","M","M","?","R","E","?","T","M","R","?","M","M","R","B"],"character_chosen":"DEFECT","items_purchased":["Conserve Battery","Centennial Puzzle"],"campfire_rested":2,"item_purchase_floors":[10,10],"current_hp_per_floor":[62,62,50,50,45,45,20,41,41,41,12,19,19,27,27,23,64,58,54,41,43,43,43,39,18,18,24,46,46,46,46,46,0],"gold":346,"neow_bonus":"RANDOM_COMMON_RELIC","is_prod":false,"is_daily":false,"chose_seed":false,"campfire_upgraded":5,"win_rate":0,"timestamp":1548345469,"path_taken":["M","?","M","?","?","R","E","R","T","?","E","?","R","M","R","BOSS","M","M","M","M","?","R","E","?","T","M","R","?","M","M","R","BOSS"],"build_version":"2019-01-23","purchased_purges":1,"victory":false,"max_hp_per_floor":[71,71,71,71,71,71,71,71,71,71,71,71,71,71,71,71,76,76,76,76,76,76,76,76,76,76,76,76,76,76,76,76,76],"card_choices":[{"not_picked":["Chaos","Defragment"],"picked":"Ball Lightning","floor":1.0},{"not_picked":["FTL","Blizzard"],"picked":"Ball Lightning","floor":3.0},{"not_picked":["Tempest","Glacier"],"picked":"Stack","floor":7.0},{"not_picked":["Gash","Coolheaded"],"picked":"Cold Snap","floor":11.0},{"not_picked":["Sweeping Beam","Stack"],"picked":"Steam","floor":12.0},{"not_picked":["Doom and Gloom","Coolheaded"],"picked":"Electrodynamics","floor":14.0},{"not_picked":["Electrodynamics","All For One"],"picked":"Rainbow","floor":16.0},{"not_picked":["Beam Cell","Chill"],"picked":"Auto Shields","floor":17.0},{"not_picked":["Beam Cell","Darkness"],"picked":"Reinforced Body+1","floor":18.0},{"not_picked":["Gash","Static Discharge","Sweeping Beam"],"picked":"SKIP","floor":19.0},{"not_picked":["Compile Driver","Barrage","Redo"],"picked":"SKIP","floor":20.0},{"not_picked":["Turbo","Darkness","Chill"],"picked":"SKIP","floor":21.0},{"not_picked":["Chaos","Rebound"],"picked":"Tempest","floor":24.0},{"not_picked":["Barrage","Static Discharge"],"picked":"Ball Lightning","floor":27.0},{"not_picked":["Turbo","Beam Cell"],"picked":"Auto Shields+1","floor":30.0},{"not_picked":["Compile Driver","Rebound"],"picked":"Melter","floor":31.0}],"player_experience":1066618,"relics_obtained":[{"floor":4.0,"key":"Potion Belt"},{"floor":7.0,"key":"Whetstone"},{"floor":9.0,"key":"Gremlin Horn"},{"floor":11.0,"key":"Meat on the Bone"},{"floor":24.0,"key":"Omamori"},{"floor":25.0,"key":"Enchiridion"},{"floor":26.0,"key":"Ginger"}],"event_choices":[{"damage_healed":0.0,"max_hp_gain":0.0,"max_hp_loss":0.0,"gold_gain":150.0,"event_name":"Liars Game","player_choice":"AGREE","floor":2.0,"gold_loss":0.0,"damage_taken":0.0,"cards_obtained":["Doubt"]},{"damage_healed":0.0,"max_hp_gain":0.0,"max_hp_loss":0.0,"gold_gain":0.0,"event_name":"Scrap Ooze","player_choice":"Success","floor":5.0,"gold_loss":0.0,"damage_taken":5.0,"relics_obtained":["Letter Opener"]},{"cards_removed":["Defend_B"],"damage_healed":0.0,"max_hp_gain":0.0,"max_hp_loss":0.0,"gold_gain":0.0,"event_name":"Back to Basics","player_choice":"Elegance","floor":22.0,"gold_loss":0.0,"damage_taken":0.0},{"damage_healed":0.0,"max_hp_gain":0.0,"max_hp_loss":0.0,"gold_gain":0.0,"event_name":"Cursed Tome","player_choice":"Obtained Book","floor":25.0,"gold_loss":0.0,"damage_taken":21.0},{"damage_healed":0.0,"max_hp_gain":0.0,"max_hp_loss":0.0,"gold_gain":0.0,"event_name":"Upgrade Shrine","player_choice":"Upgraded","floor":29.0,"gold_loss":0.0,"damage_taken":0.0,"cards_upgraded":["Tempest"]}],"is_beta":false,"boss_relics":[{"not_picked":["Pandora\u0027s Box","Empty Cage"],"picked":"Tiny House"}],"items_purged_floors":[10],"is_endless":false,"potions_floor_spawned":[1,3,11,19,27,31],"killed_by":"Champ","ascension_level":20}