{"gold_per_floor":[117,67,242,253,270,297,297,41,41,41,56,56,72,105,105,209,209,222,222,240,270,290,290,315,315,341,341,341,352,362,397,397,497,497,516,530,53,53,8,40,40,74,101,134,134,134,161,171,171,171,171,171,47,79,79],"floor_reached":56,"playtime":3822,"items_purged":["Normality"],"score":1573,"play_id":"82462cac-a151-4b8f-9865-13625799f8ef","local_time":"20181228102932","is_ascension_mode":true,"campfire_choices":[{"data":"A Thousand Cuts","floor":7,"key":"SMITH"},{"data":"Neutralize","floor":10,"key":"SMITH"},{"data":"Sucker Punch","floor":12,"key":"SMITH"},{"data":"Envenom","floor":15,"key":"SMITH"},{"floor":23,"key":"REST"},{"floor":25,"key":"REST"},{"floor":28,"key":"REST"},{"data":"Infinite Blades","floor":32,"key":"SMITH"},{"floor":46,"key":"RECALL"},{"floor":49,"key":"REST"},{"data":"Well Laid Plans","floor":52,"key":"SMITH"}],"neow_cost":"TEN_PERCENT_HP_LOSS","seed_source_timestamp":1030928364273151,"circlet_count":0,"master_deck":["Defend_G","Defend_G","Defend_G","Defend_G","Defend_G+1","Strike_G","Strike_G","Strike_G","Survivor","Neutralize+1","A Thousand Cuts+1","Flying Knee","Infinite Blades+1","Sucker Punch+1","All Out Attack","Leg Sweep","Cloak And Dagger+1","Finisher","Envenom+1","Die Die Die","Leg Sweep","Backflip","Terror","PiercingWail+1","Backflip+1","After Image","Footwork+1","Well Laid Plans+1","Backflip","Flying Knee+1","Dodge and Roll+1","Endless Agony+1","Leg Sweep+1","Flying Knee+1","Prepared+1","Venomology"],"relics":["Ring of the Snake","Bottled Tornado","Lantern","Bronze Scales","Snake Skull","Black Star","Red Mask","Molten Egg 2","Pear","PreservedInsect","Spirit Poop","Orichalcum","StoneCalendar","Cursed Key","Kunai","Potion Belt","Regal Pillow","Art of War","War Paint","Letter Opener","Ancient Tea Set","Omamori","Pantograph","Mercury Hourglass","Du-Vu Doll"],"potions_floor_usage":[6,14,16,20,21,24,30,33,40,54,55,55,55,55],"damage_taken":[{"damage":0,"enemies":"2 Louse","floor":1,"turns":4},{"damage":0,"enemies":"Small Slimes","floor":4,"turns":3},{"damage":1,"enemies":"Cultist","floor":5,"turns":4},{"damage":15,"enemies":"Gremlin Nob","floor":6,"turns":4},{"damage":0,"enemies":"3 Louse","floor":11,"turns":3},{"damage":1,"enemies":"Large Slime","floor":13,"turns":5},{"damage":0,"enemies":"3 Sentries","floor":14,"turns":4},{"damage":0,"enemies":"Slime Boss","floor":16,"turns":7},{"damage":5,"enemies":"Shell Parasite","floor":18,"turns":5},{"damage":13,"enemies":"2 Thieves","floor":20,"turns":4},{"damage":12,"enemies":"Masked Bandits","floor":21,"turns":3},{"damage":7,"enemies":"Cultist and Chosen","floor":22,"turns":5},{"damage":19,"enemies":"Slavers","floor":24,"turns":4},{"damage":9,"enemies":"Sentry and Sphere","floor":29,"turns":8},{"damage":1,"enemies":"Snecko","floor":30,"turns":4},{"damage":3,"enemies":"Book of Stabbing","floor":31,"turns":5},{"damage":28,"enemies":"Automaton","floor":33,"turns":8},{"damage":7,"enemies":"3 Darklings","floor":35,"turns":4},{"damage":0,"enemies":"3 Shapes","floor":36,"turns":2},{"damage":0,"enemies":"Reptomancer","floor":40,"turns":5},{"damage":2,"enemies":"Giant Head","floor":42,"turns":7},{"damage":13,"enemies":"Nemesis","floor":44,"turns":5},{"damage":0,"enemies":"Giant Head","floor":47,"turns":8},{"damage":15,"enemies":"Writhing Mass","floor":48,"turns":6},{"damage":28,"enemies":"Awakened One","floor":50,"turns":16},{"damage":0,"enemies":"Shield and Spear","floor":54,"turns":5},{"damage":48,"enemies":"The Heart","floor":55,"turns":11}],"seed_played":"-7167812033777640296","potions_obtained":[{"floor":4,"key":"Fire Potion"},{"floor":6,"key":"SpeedPotion"},{"floor":11,"key":"Dexterity Potion"},{"floor":16,"key":"PowerPotion"},{"floor":20,"key":"SkillPotion"},{"floor":21,"key":"Poison Potion"},{"floor":22,"key":"FearPotion"},{"floor":24,"key":"SkillPotion"},{"floor":36,"key":"Block Potion"},{"floor":47,"key":"Ancient Potion"},{"floor":48,"key":"Block Potion"}],"is_trial":false,"path_per_floor":["M","?","?","M","M","E","R","$","T","R","M","R","M","E","R","B",null,"M","?","M","?","M","R","E","R","T","?","R","M","M","E","R","B",null,"M","M","$","?","$","E","$","E","T","E","?","R","E","M","R","B",null,"R","$","E","B",null],"character_chosen":"THE_SILENT","items_purchased":["Lantern","Leg Sweep","Cloak And Dagger","Well Laid Plans","Backflip","Kunai","Ancient Potion","Flying Knee+1","Dodge and Roll","SkillPotion"],"campfire_rested":4,"item_purchase_floors":[8,8,8,37,37,37,37,37,39,53],"current_hp_per_floor":[63,63,63,63,62,47,47,47,47,47,47,47,46,46,46,46,63,58,58,45,33,26,44,35,56,56,56,73,64,63,60,60,32,73,66,66,66,66,66,66,66,64,64,51,51,51,51,36,69,41,69,69,69,69,21],"gold":79,"neow_bonus":"THREE_RARE_CARDS","is_prod":false,"is_daily":false,"chose_seed":false,"campfire_upgraded":6,"win_rate":0,"timestamp":1546010972,"path_taken":["M","?","?","M","M","E","R","$","T","R","M","R","M","E","R","BOSS","M","?","?","?","M","R","E","R","T","?","R","M","M","E","R","BOSS","M","?","?","?","$","E","$","E","T","E","?","R","E","M","R","BOSS","R","$","E","BOSS"],"build_version":"2018-12-25","purchased_purges":1,"victory":true,"max_hp_per_floor":[63,63,63,63,63,63,63,63,63,63,63,63,63,63,63,63,63,63,63,63,63,63,63,73,73,73,73,73,73,73,73,73,73,73,73,73,73,69,69,69,69,69,69,69,69,69,69,69,69,69,69,69,69,69,69],"card_choices":[{"not_picked":["Unload","Adrenaline"],"picked":"A Thousand Cuts","floor":0},{"not_picked":["Catalyst","Caltrops"],"picked":"Flying Knee","floor":1},{"not_picked":["Setup","Skewer"],"picked":"Infinite Blades","floor":4},{"not_picked":["Poisoned Stab","Quick Slash"],"picked":"Sucker Punch","floor":5},{"not_picked":["Dagger Throw","Slice"],"picked":"All Out Attack","floor":6},{"not_picked":["Skewer","Deadly Poison","Poisoned Stab"],"picked":"SKIP","floor":11},{"not_picked":["Blur","Underhanded Strike"],"picked":"Finisher","floor":13},{"not_picked":["Bouncing Flask","Dodge and Roll"],"picked":"Envenom","floor":14},{"not_picked":["Storm of Steel","A Thousand Cuts"],"picked":"Die Die Die","floor":16},{"not_picked":["Finisher","Cloak And Dagger"],"picked":"Leg Sweep","floor":18},{"not_picked":["Endless Agony","PiercingWail"],"picked":"Backflip","floor":20},{"not_picked":["Quick Slash+1","Deflect"],"picked":"Terror","floor":21},{"not_picked":["Sucker Punch","Setup"],"picked":"PiercingWail+1","floor":22},{"not_picked":["Dagger Throw","Expertise+1","Noxious Fumes"],"picked":"SKIP","floor":24},{"not_picked":["PiercingWail","Poisoned Stab+1","Wraith Form v2"],"picked":"SKIP","floor":29},{"not_picked":["Masterful Stab+1","Sucker Punch+1"],"picked":"Backflip+1","floor":30},{"not_picked":["All Out Attack+1","Choke+1","Dodge and Roll"],"picked":"SKIP","floor":31},{"not_picked":["Burst","Wraith Form v2"],"picked":"After Image","floor":33},{"not_picked":["Skewer+1","Reflex+1"],"picked":"Footwork+1","floor":35},{"not_picked":["Quick Slash+1","Blade Dance","Expertise+1"],"picked":"SKIP","floor":36},{"not_picked":["Finisher+1","PiercingWail+1"],"picked":"Endless Agony+1","floor":40},{"not_picked":["All Out Attack+1","Burst"],"picked":"Leg Sweep+1","floor":42},{"not_picked":["Dodge and Roll","Blade Dance"],"picked":"Flying Knee+1","floor":44},{"not_picked":["Accuracy","Sucker Punch+1","Bouncing Flask+1"],"picked":"SKIP","floor":47},{"not_picked":["Bane+1","Deflect+1"],"picked":"Prepared+1","floor":48},{"not_picked":["Acrobatics+1","Underhanded Strike+1"],"picked":"Venomology","floor":54}],"player_experience":3910835,"relics_obtained":[{"floor":6,"key":"Bottled Tornado"},{"floor":9,"key":"Bronze Scales"},{"floor":14,"key":"Snake Skull"},{"floor":21,"key":"Red Mask"},{"floor":24,"key":"Molten Egg 2"},{"floor":24,"key":"Pear"},{"floor":26,"key":"PreservedInsect"},{"floor":31,"key":"Orichalcum"},{"floor":31,"key":"StoneCalendar"},{"floor":40,"key":"Potion Belt"},{"floor":40,"key":"Regal Pillow"},{"floor":42,"key":"Art of War"},{"floor":42,"key":"War Paint"},{"floor":44,"key":"Letter Opener"},{"floor":44,"key":"Ancient Tea Set"},{"floor":47,"key":"Omamori"},{"floor":47,"key":"Pantograph"},{"floor":54,"key":"Mercury Hourglass"},{"floor":54,"key":"Du-Vu Doll"}],"event_choices":[{"cards_removed":["Strike_G"],"damage_healed":0,"gold_gain":0,"player_choice":"Card Removal","damage_taken":0,"max_hp_gain":0,"max_hp_loss":0,"event_name":"The Cleric","floor":2,"gold_loss":50},{"damage_healed":0,"gold_gain":175,"player_choice":"AGREE","damage_taken":0,"max_hp_gain":0,"max_hp_loss":0,"event_name":"Liars Game","floor":3,"gold_loss":0,"cards_obtained":["Doubt"]},{"damage_healed":0,"gold_gain":0,"player_choice":"Forge","damage_taken":0,"max_hp_gain":0,"max_hp_loss":0,"event_name":"Accursed Blacksmith","floor":19,"gold_loss":0,"cards_upgraded":["Cloak And Dagger"]},{"damage_healed":0,"gold_gain":0,"player_choice":"Fought Bandits","damage_taken":0,"max_hp_gain":0,"max_hp_loss":0,"event_name":"Masked Bandits","floor":21,"gold_loss":0},{"cards_removed":["Doubt"],"damage_healed":0,"gold_gain":0,"player_choice":"Offered Curse","damage_taken":0,"relics_obtained":["Spirit Poop"],"max_hp_gain":0,"max_hp_loss":0,"event_name":"Bonfire Elementals","floor":27,"gold_loss":0},{"damage_healed":0,"gold_gain":0,"player_choice":"Max HP","damage_taken":0,"max_hp_gain":0,"max_hp_loss":4,"event_name":"Winding Halls","floor":38,"gold_loss":0},{"cards_removed":["Strike_G"],"damage_healed":0,"gold_gain":0,"player_choice":"Removed Attack","damage_taken":0,"max_hp_gain":0,"max_hp_loss":0,"event_name":"Falling","floor":45,"gold_loss":0}],"is_beta":true,"boss_relics":[{"not_picked":["Orrery","Calling Bell"],"picked":"Black Star"},{"not_picked":["Runic Pyramid","Coffee Dripper"],"picked":"Cursed Key"}],"items_purged_floors":[53],"is_endless":false,"potions_floor_spawned":[4,6,11,16,20,21,22,24,36,47,48],"ascension_level":1}