{"gold_per_floor":[115,115,133,133,133,166,166,194,194,208,227,13,23,23],"floor_reached":14,"playtime":621,"items_purged":[],"score":165,"play_id":"1399cfa9-a833-4429-bbda-be89e14ee9a6","local_time":"20190218223344","is_ascension_mode":true,"campfire_choices":[{"floor":7,"key":"REST"}],"neow_cost":"NONE","seed_source_timestamp":127219296875988,"circlet_count":0,"master_deck":["AscendersBane","Defend_G","Defend_G","Defend_G","Defend_G","Defend_G","Strike_G","Strike_G","Strike_G","Strike_G","Survivor","Neutralize","Unload","Dodge and Roll","Sucker Punch","Expertise","Crippling Poison","Quick Slash","Escape Plan","Noxious Fumes","Footwork","After Image"],"relics":["Ring of the Snake","Dodecahedron","The Courier","Turnip","Membership Card"],"potions_floor_usage":[14,14],"damage_taken":[{"damage":3,"enemies":"Small Slimes","floor":1,"turns":5},{"damage":0,"enemies":"Cultist","floor":3,"turns":4},{"damage":39,"enemies":"3 Sentries","floor":6,"turns":16},{"damage":38,"enemies":"Lagavulin","floor":8,"turns":9},{"damage":2,"enemies":"2 Louse","floor":10,"turns":4},{"damage":0,"enemies":"Blue Slaver","floor":11,"turns":5},{"damage":1,"enemies":"Looter","floor":13,"turns":4},{"damage":7,"enemies":"Lots of Slimes","floor":14,"turns":2}],"seed_played":"2733098440502464119","potions_obtained":[{"floor":6,"key":"SteroidPotion"},{"floor":11,"key":"Strength Potion"}],"is_trial":false,"path_per_floor":["M","$","M","?","?","E","R","E","T","M","M","$","M","M"],"character_chosen":"THE_SILENT","items_purchased":["Membership Card","Noxious Fumes","Footwork"],"campfire_rested":1,"item_purchase_floors":[12,12,12],"current_hp_per_floor":[60,60,60,65,65,26,48,10,10,8,8,8,7,0],"gold":23,"neow_bonus":"ONE_RANDOM_RARE_CARD","is_prod":false,"is_daily":false,"chose_seed":false,"campfire_upgraded":0,"win_rate":0,"timestamp":1550558024,"path_taken":["M","$","M","?","?","E","R","E","T","M","M","$","M","M"],"build_version":"2019-01-23","purchased_purges":0,"victory":false,"max_hp_per_floor":[70,70,70,75,75,75,75,75,75,75,75,75,75,75],"card_choices":[{"not_picked":["Tactician","Deflect"],"picked":"Dodge and Roll","floor":1},{"not_picked":["Flechettes","PiercingWail"],"picked":"Sucker Punch","floor":3},{"not_picked":["Reflex","Setup"],"picked":"Crippling Poison","floor":6},{"not_picked":["Reflex","Choke"],"picked":"Quick Slash","floor":8},{"not_picked":["Concentrate","Bane","Outmaneuver"],"picked":"SKIP","floor":10},{"not_picked":["Quick Slash","Deflect"],"picked":"Escape Plan","floor":11},{"not_picked":["Flying Knee","Reflex"],"picked":"After Image","floor":13}],"player_experience":206713,"relics_obtained":[{"floor":6,"key":"Dodecahedron"},{"floor":8,"key":"The Courier"},{"floor":9,"key":"Turnip"}],"event_choices":[{"damage_healed":0,"gold_gain":0,"player_choice":"Donut","damage_taken":0,"max_hp_gain":5,"max_hp_loss":0,"event_name":"Big Fish","floor":4,"gold_loss":0},{"damage_healed":0,"gold_gain":0,"cards_transformed":["Strike_G"],"player_choice":"Change","damage_taken":0,"max_hp_gain":0,"max_hp_loss":0,"event_name":"Living Wall","floor":5,"gold_loss":0,"cards_obtained":["Expertise"]}],"is_beta":false,"boss_relics":[],"items_purged_floors":[],"is_endless":false,"potions_floor_spawned":[6,11],"killed_by":"Lots of Slimes","ascension_level":13}