{"gold_per_floor":[112,112,44,69,69,84,119,119,119,154,167,177,11,26,26,124,124,137,154,65,76,88,88,114,131,154,154,174,184,283,283,283,385,385,395,395,409,427,827,844,844,859,859,8,8,19,19,19,19,19,19,19,19,46,46],"floor_reached":55,"playtime":4057,"items_purged":[],"score":890,"play_id":"2c4f3267-1b6c-46d3-a92e-b7617339cee6","local_time":"20190111083128","is_ascension_mode":true,"campfire_choices":[{"data":"Accuracy","floor":8,"key":"SMITH"},{"data":"Mayhem","floor":15,"key":"SMITH"},{"data":"Doppelganger","floor":23,"key":"SMITH"},{"data":"Neutralize","floor":32,"key":"SMITH"},{"data":"Footwork","floor":41,"key":"SMITH"},{"data":"Terror","floor":45,"key":"SMITH"},{"data":"Venomology","floor":47,"key":"SMITH"},{"floor":49,"key":"RECALL"},{"data":"Caltrops","floor":52,"key":"SMITH"}],"neow_cost":"NONE","seed_source_timestamp":2233069909538532,"circlet_count":0,"master_deck":["Defend_G","Defend_G","Defend_G","Defend_G+1","Defend_G+1","Strike_G","Strike_G","Strike_G","Strike_G","Survivor","Neutralize+1","Infinite Blades+1","Accuracy+1","Finisher","Footwork+1","Flying Knee+1","Backflip","Mayhem+1","Leg Sweep","Doppelganger+1","Dash+1","Dodge and Roll","Infinite Blades","Deflect","All Out Attack+1","Terror+1","Crippling Poison","Footwork+1","Venomology+1","Blade Dance+1","Backflip+1","All Out Attack+1","Caltrops+1","Dodge and Roll","PiercingWail","Deflect","Infinite Blades+1","Predator+1","Thinking Ahead","Dodge and Roll+1"],"relics":["Ring of the Snake","NeowsBlessing","Happy Flower","War Paint","Molten Egg 2","Bag of Preparation","Coffee Dripper","Gremlin Horn","PreservedInsect","WristBlade","Old Coin","Frozen Egg 2","Ice Cream","Chemical X","Boot"],"potions_floor_usage":[14,16,18,18,24,24,33,39,39,40,42,46,50,54,54,55,55],"damage_taken":[{"damage":0,"enemies":"Small Slimes","floor":1,"turns":1},{"damage":0,"enemies":"Jaw Worm","floor":6,"turns":1},{"damage":0,"enemies":"Gremlin Nob","floor":7,"turns":1},{"damage":14,"enemies":"3 Sentries","floor":10,"turns":9},{"damage":0,"enemies":"2 Louse","floor":11,"turns":2},{"damage":9,"enemies":"Lots of Slimes","floor":12,"turns":4},{"damage":0,"enemies":"Gremlin Gang","floor":14,"turns":5},{"damage":0,"enemies":"Slime Boss","floor":16,"turns":8},{"damage":3,"enemies":"2 Thieves","floor":18,"turns":5},{"damage":0,"enemies":"Spheric Guardian","floor":19,"turns":4},{"damage":0,"enemies":"Snake Plant","floor":21,"turns":5},{"damage":5,"enemies":"Chosen and Byrds","floor":22,"turns":6},{"damage":47,"enemies":"Slavers","floor":24,"turns":6},{"damage":0,"enemies":"Centurion and Healer","floor":25,"turns":6},{"damage":1,"enemies":"3 Cultists","floor":28,"turns":6},{"damage":0,"enemies":"Snake Plant","floor":29,"turns":4},{"damage":0,"enemies":"Champ","floor":33,"turns":10},{"damage":3,"enemies":"3 Shapes","floor":35,"turns":5},{"damage":1,"enemies":"3 Darklings","floor":37,"turns":8},{"damage":0,"enemies":"Spire Growth","floor":38,"turns":6},{"damage":0,"enemies":"Mind Bloom Boss Battle","floor":39,"turns":6},{"damage":10,"enemies":"4 Shapes","floor":40,"turns":5},{"damage":0,"enemies":"Transient","floor":42,"turns":5},{"damage":0,"enemies":"Sphere and 2 Shapes","floor":46,"turns":3},{"damage":12,"enemies":"Awakened One","floor":50,"turns":14},{"damage":5,"enemies":"Shield and Spear","floor":54,"turns":8},{"damage":81,"enemies":"The Heart","floor":55,"turns":6}],"seed_played":"-704860397445160201","potions_obtained":[{"floor":6,"key":"Weak Potion"},{"floor":12,"key":"Dexterity Potion"},{"floor":14,"key":"Fruit Juice"},{"floor":16,"key":"Swift Potion"},{"floor":18,"key":"SteroidPotion"},{"floor":22,"key":"Dexterity Potion"},{"floor":24,"key":"Energy Potion"},{"floor":25,"key":"AttackPotion"},{"floor":35,"key":"Strength Potion"},{"floor":38,"key":"SkillPotion"},{"floor":54,"key":"Dexterity Potion"}],"is_trial":false,"path_per_floor":["M","?","$","T","?","M","E","R","T","E","M","M","$","M","R","B",null,"M","M","$","M","M","R","E","M","T","?","M","M","?","T","R","B",null,"M","?","M","M","?","M","R","M","T","$","R","M","R","$","R","B",null,"R","$","E","B"],"character_chosen":"THE_SILENT","items_purchased":["Accuracy","Mayhem","Infinite Blades","Deflect","Ice Cream","Chemical X","Deflect","Infinite Blades+1","Predator+1","Thinking Ahead"],"campfire_rested":0,"item_purchase_floors":[3,13,20,20,44,44,44,44,44,44],"current_hp_per_floor":[70,63,63,63,63,63,63,63,63,49,49,40,40,45,45,45,75,72,72,72,72,67,67,20,20,20,20,19,19,19,19,19,19,75,72,72,71,71,71,61,61,61,61,61,61,61,61,61,61,49,75,75,75,70,0],"gold":46,"neow_bonus":"THREE_ENEMY_KILL","is_prod":false,"is_daily":false,"chose_seed":false,"campfire_upgraded":8,"win_rate":0,"timestamp":1547213488,"path_taken":["M","?","?","?","?","M","E","R","T","E","M","M","$","M","R","BOSS","M","M","$","?","?","R","E","M","T","?","?","M","?","?","R","BOSS","M","?","M","M","?","?","R","M","T","$","R","?","R","?","R","BOSS","R","$","E","BOSS"],"build_version":"2019-01-10","purchased_purges":0,"victory":false,"max_hp_per_floor":[70,70,70,70,70,70,70,70,70,70,70,70,70,75,75,75,75,75,75,75,75,75,75,75,75,75,75,75,75,75,75,75,75,75,75,75,75,75,75,75,75,75,75,75,75,75,75,75,75,75,75,75,75,75,75],"card_choices":[{"not_picked":["Dagger Throw","Poisoned Stab"],"picked":"Infinite Blades","floor":1},{"not_picked":["Deflect","Deadly Poison"],"picked":"Finisher","floor":6},{"not_picked":["Reflex","Bouncing Flask","Finisher"],"picked":"SKIP","floor":7},{"not_picked":["Dodge and Roll","Dagger Spray+1"],"picked":"Footwork","floor":10},{"not_picked":["Quick Slash+1","Setup"],"picked":"Flying Knee+1","floor":11},{"not_picked":["Catalyst","Tactician"],"picked":"Backflip","floor":12},{"not_picked":["Expertise","Dagger Throw+1"],"picked":"Leg Sweep","floor":14},{"not_picked":["Venomology","Storm of Steel"],"picked":"Doppelganger","floor":16},{"not_picked":["Dagger Spray+1","All Out Attack+1"],"picked":"Dash+1","floor":18},{"not_picked":["Prepared","Outmaneuver"],"picked":"Dodge and Roll","floor":19},{"not_picked":["Poisoned Stab+1","Blade Dance"],"picked":"All Out Attack+1","floor":21},{"not_picked":["Venomology","Outmaneuver"],"picked":"Terror","floor":22},{"not_picked":["Tactician+1","Terror","Distraction"],"picked":"SKIP","floor":24},{"not_picked":["Noxious Fumes","Quick Slash+1"],"picked":"Crippling Poison","floor":25},{"not_picked":["Crippling Poison+1","Flying Knee+1","Tactician+1"],"picked":"SKIP","floor":28},{"not_picked":["Flechettes+1","Bane+1"],"picked":"Footwork","floor":29},{"not_picked":["Wraith Form v2","Bullet Time"],"picked":"Venomology","floor":33},{"not_picked":["Underhanded Strike+1","Tactician"],"picked":"Blade Dance+1","floor":35},{"not_picked":["Backstab+1","Deflect"],"picked":"Backflip+1","floor":37},{"not_picked":["Footwork+1","Flying Knee+1"],"picked":"All Out Attack+1","floor":38},{"not_picked":["Distraction+1","Poisoned Stab+1"],"picked":"Caltrops","floor":39},{"not_picked":["Noxious Fumes","Reflex"],"picked":"Dodge and Roll","floor":40},{"not_picked":["Flechettes+1","Concentrate+1"],"picked":"PiercingWail","floor":42},{"not_picked":["Concentrate","A Thousand Cuts+1"],"picked":"Dodge and Roll+1","floor":46},{"not_picked":["Catalyst+1","Outmaneuver","Noxious Fumes+1"],"picked":"SKIP","floor":54}],"player_experience":4040230,"relics_obtained":[{"floor":4,"key":"Happy Flower"},{"floor":7,"key":"War Paint"},{"floor":9,"key":"Molten Egg 2"},{"floor":10,"key":"Bag of Preparation"},{"floor":24,"key":"Gremlin Horn"},{"floor":26,"key":"PreservedInsect"},{"floor":39,"key":"Old Coin"},{"floor":43,"key":"Frozen Egg 2"},{"floor":54,"key":"Boot"}],"event_choices":[{"cards_removed":["Strike_G"],"damage_healed":0,"gold_gain":0,"player_choice":"Card Removal","damage_taken":7,"max_hp_gain":0,"max_hp_loss":0,"event_name":"Golden Wing","floor":2,"gold_loss":0},{"damage_healed":0,"gold_gain":0,"player_choice":"Upgraded","damage_taken":0,"max_hp_gain":0,"max_hp_loss":0,"event_name":"Upgrade Shrine","floor":5,"gold_loss":0,"cards_upgraded":["Infinite Blades"]},{"damage_healed":0,"gold_gain":0,"player_choice":"Upgraded","damage_taken":0,"max_hp_gain":0,"max_hp_loss":0,"event_name":"Upgrade Shrine","floor":27,"gold_loss":0,"cards_upgraded":["Footwork"]},{"damage_healed":0,"gold_gain":99,"player_choice":"Stole From Cult","damage_taken":0,"max_hp_gain":0,"max_hp_loss":0,"event_name":"Nest","floor":30,"gold_loss":0},{"damage_healed":0,"gold_gain":0,"player_choice":"Ignored","damage_taken":0,"max_hp_gain":0,"max_hp_loss":0,"event_name":"Mysterious Sphere","floor":36,"gold_loss":0},{"damage_healed":0,"gold_gain":0,"player_choice":"Fight","damage_taken":0,"max_hp_gain":0,"max_hp_loss":0,"event_name":"MindBloom","floor":39,"gold_loss":0}],"is_beta":true,"boss_relics":[{"not_picked":["Orrery","Velvet Choker"],"picked":"Coffee Dripper"},{"not_picked":["HoveringKite","Snecko Eye"],"picked":"WristBlade"}],"items_purged_floors":[],"is_endless":false,"potions_floor_spawned":[6,12,14,16,18,22,24,25,35,38,54],"killed_by":"The Heart","ascension_level":1}