{"gold_per_floor":[110,110,9,28,203,231,231,265,338,364,364],"floor_reached":11,"playtime":327,"items_purged":["Strike_G"],"score":177,"play_id":"18e17d88-fe1d-4442-a943-1d4d805c1f55","local_time":"20190217135616","is_ascension_mode":true,"campfire_choices":[{"data":"Noxious Fumes","floor":7,"key":"SMITH"}],"neow_cost":"NONE","seed_source_timestamp":10082571392360,"circlet_count":0,"master_deck":["AscendersBane","Defend_G+1","Defend_G","Defend_G","Defend_G","Defend_G+1","Strike_G","Strike_G","Strike_G","Strike_G","Survivor+1","Neutralize","Dagger Spray","PiercingWail+1","Noxious Fumes+1","Doubt","Envenom"],"relics":["Ring of the Snake","NeowsBlessing","War Paint","Strawberry","Kunai","Molten Egg 2","Ginger"],"potions_floor_usage":[8,8],"damage_taken":[{"damage":0,"enemies":"Small Slimes","floor":1,"turns":1},{"damage":0,"enemies":"2 Louse","floor":4,"turns":1},{"damage":0,"enemies":"Lagavulin","floor":6,"turns":1},{"damage":14,"enemies":"Gremlin Nob","floor":8,"turns":6},{"damage":31,"enemies":"3 Sentries","floor":10,"turns":8},{"damage":12,"enemies":"Lagavulin Event","floor":11,"turns":5}],"seed_played":"9068640414910515625","potions_obtained":[{"floor":4,"key":"EssenceOfSteel"},{"floor":6,"key":"SpeedPotion"}],"is_trial":false,"path_per_floor":["M","?","$","M","?","E","R","E","T","E","?"],"character_chosen":"THE_SILENT","items_purchased":["PiercingWail"],"campfire_rested":0,"item_purchase_floors":[3],"current_hp_per_floor":[63,49,49,49,49,49,49,42,42,11,0],"gold":364,"neow_bonus":"THREE_ENEMY_KILL","is_prod":false,"is_daily":false,"chose_seed":false,"campfire_upgraded":1,"win_rate":0,"timestamp":1550440576,"path_taken":["M","?","$","M","?","E","R","E","T","E","?"],"build_version":"2019-01-23","purchased_purges":1,"victory":false,"max_hp_per_floor":[70,70,70,70,70,70,70,77,77,77,77],"card_choices":[{"not_picked":["Flying Knee","Deflect"],"picked":"Dagger Spray","floor":1},{"not_picked":["Deflect","Slice"],"picked":"Noxious Fumes","floor":4},{"not_picked":["Underhanded Strike","Blade Dance","Outmaneuver"],"picked":"SKIP","floor":6},{"not_picked":["Outmaneuver","Terror","Choke"],"picked":"SKIP","floor":8},{"not_picked":["Leg Sweep","PiercingWail"],"picked":"Envenom","floor":10}],"player_experience":189052,"relics_obtained":[{"floor":6,"key":"War Paint"},{"floor":8,"key":"Strawberry"},{"floor":9,"key":"Kunai"},{"floor":10,"key":"Molten Egg 2"}],"event_choices":[{"damage_healed":0,"gold_gain":0,"player_choice":"Entered Light","damage_taken":14,"max_hp_gain":0,"max_hp_loss":0,"event_name":"Shining Light","floor":2,"gold_loss":0,"cards_upgraded":["Survivor","Defend_G"]},{"damage_healed":0,"gold_gain":175,"player_choice":"AGREE","damage_taken":0,"max_hp_gain":0,"max_hp_loss":0,"event_name":"Liars Game","floor":5,"gold_loss":0,"cards_obtained":["Doubt"]},{"damage_healed":0,"gold_gain":0,"player_choice":"Searched \u00272\u0027 times","damage_taken":0,"relics_obtained":["Ginger"],"max_hp_gain":0,"max_hp_loss":0,"event_name":"Dead Adventurer","floor":11,"gold_loss":0}],"is_beta":false,"boss_relics":[],"items_purged_floors":[3],"is_endless":false,"potions_floor_spawned":[4,6],"killed_by":"Lagavulin Event","ascension_level":11}