{"gold_per_floor":[115,126,139,152,152,152,217,217,240,275,285,34,34,50,50,146,146,156,156,174,174,194,229,229,256,256,256,291,160,160,360,360,464,464,475,556,574,586,636,636,664,664,664,664,664,693,167,167,167,167,167,167,3,37,37],"floor_reached":56,"playtime":4473,"items_purged":["Strike_B","Strike_B"],"score":1715,"play_id":"f8c0ace8-c114-4b29-b986-65246d027e2c","local_time":"20181209234212","is_ascension_mode":true,"campfire_choices":[{"data":"Zap","floor":6,"key":"SMITH"},{"data":"Coolheaded","floor":8,"key":"SMITH"},{"data":"Discovery","floor":15,"key":"SMITH"},{"data":"Fission","floor":24,"key":"SMITH"},{"floor":27,"key":"REST"},{"data":"Capacitor","floor":32,"key":"SMITH"},{"data":"Fission","floor":40,"key":"SMITH"},{"floor":42,"key":"RECALL"},{"data":"Capacitor","floor":49,"key":"SMITH"},{"data":"Go for the Eyes","floor":52,"key":"SMITH"}],"neow_cost":"TEN_PERCENT_HP_LOSS","seed_source_timestamp":1360761011566655,"circlet_count":0,"master_deck":["Strike_B","Defend_B","Defend_B","Defend_B","Zap+1","Dualcast+1","Go for the Eyes","Coolheaded+1","Gash","All For One","Steam","Hologram","Discovery+1","Glacier","Fission+1","Rebound+1","Capacitor+1","Ghostly","Ghostly","Ghostly","Ghostly","Ghostly","Genetic Algorithm+1","Undo+1","Reboot","Go for the Eyes+1","Turbo","Glacier","Necronomicurse","All For One","Hologram+1","Beam Cell","Fission+1","Gash","Capacitor+1","Deep Breath","Gash+1"],"relics":["Cracked Core","Dead Branch","Tiny Chest","Strawberry","War Paint","Lantern","Sozu","Mango","Turnip","Smiling Mask","Ornamental Fan","Bottled Flame","Necronomicon","Lizard Tail","Bottled Tornado","FossilizedHelix","Thread and Needle","Bronze Scales","Membership Card","Mummified Hand","Sundial","Pear","Shuriken","Bird Faced Urn"],"potions_floor_usage":[10,10,55,55],"damage_taken":[{"damage":1,"enemies":"Cultist","floor":1,"turns":4},{"damage":1,"enemies":"2 Louse","floor":2,"turns":2},{"damage":0,"enemies":"Small Slimes","floor":3,"turns":3},{"damage":7,"enemies":"3 Louse","floor":4,"turns":4},{"damage":14,"enemies":"3 Sentries","floor":7,"turns":7},{"damage":5,"enemies":"Gremlin Nob","floor":10,"turns":3},{"damage":0,"enemies":"Red Slaver","floor":11,"turns":3},{"damage":0,"enemies":"Large Slime","floor":14,"turns":2},{"damage":0,"enemies":"Slime Boss","floor":16,"turns":10},{"damage":0,"enemies":"3 Byrds","floor":18,"turns":4},{"damage":0,"enemies":"Shell Parasite","floor":20,"turns":3},{"damage":0,"enemies":"Snake Plant","floor":22,"turns":4},{"damage":0,"enemies":"Book of Stabbing","floor":23,"turns":5},{"damage":29,"enemies":"Gremlin Leader","floor":25,"turns":10},{"damage":0,"enemies":"Book of Stabbing","floor":28,"turns":5},{"damage":0,"enemies":"Champ","floor":33,"turns":13},{"damage":0,"enemies":"3 Darklings","floor":35,"turns":7},{"damage":0,"enemies":"Orb Walker","floor":37,"turns":4},{"damage":2,"enemies":"Sphere and 2 Shapes","floor":38,"turns":3},{"damage":0,"enemies":"2 Orb Walkers","floor":39,"turns":6},{"damage":0,"enemies":"Giant Head","floor":41,"turns":8},{"damage":0,"enemies":"Reptomancer","floor":46,"turns":9},{"damage":0,"enemies":"Awakened One","floor":50,"turns":12},{"damage":0,"enemies":"Shield and Spear","floor":54,"turns":5},{"damage":22,"enemies":"The Heart","floor":55,"turns":9}],"seed_played":"9135142971145611961","potions_obtained":[{"floor":2,"key":"Weak Potion"},{"floor":4,"key":"Poison Potion"},{"floor":7,"key":"FearPotion"},{"floor":10,"key":"FairyPotion"},{"floor":16,"key":"Strength Potion"}],"is_trial":false,"path_per_floor":["M","M","M","M","?","R","E","R","T","E","M","$","?","M","R","B",null,"M","T","M","?","M","E","R","E","T","R","E","$","?","?","R","B",null,"M","T","M","M","?","R","E","R","T","?","?","E","$","T","R","B",null,"R","$","E","B",null],"character_chosen":"DEFECT","items_purchased":["Discovery","Lantern","Turbo","Glacier","Membership Card","Capacitor","Mummified Hand","Sundial","Deep Breath","Shuriken"],"campfire_rested":1,"item_purchase_floors":[12,12,29,29,47,47,47,47,53,53],"current_hp_per_floor":[67,66,66,59,52,52,38,38,45,40,40,40,40,40,40,40,75,75,89,89,44,44,44,44,15,15,28,28,28,12,12,12,12,44,44,44,44,42,42,42,42,42,42,42,42,42,42,52,52,52,54,54,54,54,45],"gold":37,"neow_bonus":"ONE_RARE_RELIC","is_prod":false,"is_daily":false,"chose_seed":false,"campfire_upgraded":8,"win_rate":0,"timestamp":1544416932,"path_taken":["M","M","M","M","?","R","E","R","T","E","M","$","?","?","R","BOSS","M","?","M","?","M","E","R","E","T","R","E","$","?","?","R","BOSS","M","?","M","M","?","R","E","R","T","?","?","E","?","?","R","BOSS","R","$","E","BOSS"],"build_version":"2018-12-06","purchased_purges":2,"victory":true,"max_hp_per_floor":[68,68,68,68,68,68,68,68,75,75,75,75,75,75,75,75,75,75,89,89,44,44,44,44,44,44,44,44,44,44,44,44,44,44,44,44,44,44,44,44,44,44,44,44,44,44,44,54,54,54,54,54,54,54,54],"card_choices":[{"not_picked":["Hologram","Force Field"],"picked":"Go for the Eyes","floor":1},{"not_picked":["Rebound","Redo"],"picked":"Coolheaded","floor":2},{"not_picked":["Compile Driver","Reprogram"],"picked":"Hologram","floor":3},{"not_picked":["Stack","Heatsinks"],"picked":"Gash","floor":4},{"not_picked":["Hologram","Gash"],"picked":"All For One","floor":7},{"not_picked":["Cold Snap","Coolheaded"],"picked":"Steam","floor":10},{"not_picked":["Loop","Streamline"],"picked":"Hologram","floor":11},{"not_picked":["Storm","Sweeping Beam"],"picked":"Glacier","floor":14},{"not_picked":["Buffer","Echo Form"],"picked":"Fission","floor":16},{"not_picked":["Conserve Battery","Consume+1"],"picked":"Rebound+1","floor":18},{"not_picked":["Cold Snap","Go for the Eyes"],"picked":"Capacitor","floor":20},{"not_picked":["Barrage+1","Rebound"],"picked":"Genetic Algorithm+1","floor":22},{"not_picked":["Blizzard+1","Go for the Eyes"],"picked":"Undo+1","floor":23},{"not_picked":["Creative AI","Ball Lightning"],"picked":"Reboot","floor":25},{"not_picked":["Streamline","Ball Lightning"],"picked":"Go for the Eyes","floor":28},{"not_picked":["Biased Cognition","Rainbow"],"picked":"All For One","floor":33},{"not_picked":["Rebound","Turbo"],"picked":"Hologram+1","floor":35},{"not_picked":["Conserve Battery+1","Go for the Eyes"],"picked":"Beam Cell","floor":37},{"not_picked":["Ball Lightning+1","Conserve Battery"],"picked":"Fission","floor":38},{"not_picked":["Turbo","Lockon+1","Cold Snap+1"],"picked":"SKIP","floor":41},{"not_picked":["Steam Power","Sunder+1"],"picked":"Gash","floor":46},{"not_picked":["Ball Lightning","Barrage"],"picked":"Gash+1","floor":54}],"player_experience":3737004,"relics_obtained":[{"floor":7,"key":"Tiny Chest"},{"floor":9,"key":"Strawberry"},{"floor":10,"key":"War Paint"},{"floor":19,"key":"Mango"},{"floor":23,"key":"Turnip"},{"floor":25,"key":"Smiling Mask"},{"floor":26,"key":"Ornamental Fan"},{"floor":28,"key":"Bottled Flame"},{"floor":30,"key":"Necronomicon"},{"floor":36,"key":"Bottled Tornado"},{"floor":39,"key":"FossilizedHelix"},{"floor":41,"key":"Thread and Needle"},{"floor":46,"key":"Bronze Scales"},{"floor":48,"key":"Pear"},{"floor":54,"key":"Bird Faced Urn"}],"event_choices":[{"cards_removed":["Strike_B"],"damage_healed":0,"gold_gain":0,"player_choice":"Card Removal","damage_taken":7,"max_hp_gain":0,"max_hp_loss":0,"event_name":"Golden Wing","floor":5,"gold_loss":0},{"cards_removed":["Defend_B"],"damage_healed":0,"gold_gain":0,"player_choice":"Purged","damage_taken":0,"max_hp_gain":0,"max_hp_loss":0,"event_name":"Purifier","floor":13,"gold_loss":0},{"damage_healed":0,"gold_gain":0,"player_choice":"Became a Ghost","damage_taken":0,"max_hp_gain":0,"max_hp_loss":45,"event_name":"Ghosts","floor":21,"gold_loss":0,"cards_obtained":["Ghostly","Ghostly","Ghostly","Ghostly","Ghostly"]},{"damage_healed":0,"gold_gain":0,"player_choice":"Obtained Book","damage_taken":16,"max_hp_gain":0,"max_hp_loss":0,"event_name":"Cursed Tome","floor":30,"gold_loss":0},{"damage_healed":0,"gold_gain":250,"player_choice":"Bet on Owner","damage_taken":0,"max_hp_gain":0,"max_hp_loss":0,"event_name":"The Joust","floor":31,"gold_loss":50},{"damage_healed":0,"gold_gain":0,"player_choice":"Fight","damage_taken":0,"max_hp_gain":0,"max_hp_loss":0,"event_name":"Mysterious Sphere","floor":39,"gold_loss":0},{"damage_healed":0,"gold_gain":0,"player_choice":"Ignored","damage_taken":0,"max_hp_gain":0,"max_hp_loss":0,"event_name":"Tomb of Lord Red Mask","floor":44,"gold_loss":0},{"cards_removed":["Hologram"],"damage_healed":0,"gold_gain":0,"player_choice":"Removed Skill","damage_taken":0,"max_hp_gain":0,"max_hp_loss":0,"event_name":"Falling","floor":45,"gold_loss":0}],"is_beta":true,"boss_relics":[{"not_picked":["Runic Pyramid","White Beast Statue"],"picked":"Sozu"},{"not_picked":["Snecko Eye","Velvet Choker"],"picked":"Lizard Tail"}],"items_purged_floors":[29,47],"is_endless":false,"potions_floor_spawned":[2,4,7,10,16,18,23,33,38,46],"ascension_level":1}