{"gold_per_floor":[118,118,118,33,0,11,29,44,68,68,68,34,53,53],"floor_reached":14,"playtime":289,"items_purged":[],"score":92,"play_id":"79d89338-a513-4da3-aa71-b6d8342dace4","local_time":"20190222225901","is_ascension_mode":true,"campfire_choices":[{"data":"Zap","floor":10,"key":"SMITH"}],"neow_cost":"PERCENT_DAMAGE","seed_source_timestamp":27664012207046,"circlet_count":0,"master_deck":["Strike_B","Strike_B","Defend_B","Defend_B","Defend_B","Defend_B","Zap+1","Dualcast+1","Loop+1","Aggregate","Double Energy","Ball Lightning","Self Repair","Melter","Double Energy","Self Repair","Static Discharge"],"relics":["Cracked Core","Oddly Smooth Stone","Turnip"],"potions_floor_usage":[8,14],"damage_taken":[{"damage":4,"enemies":"2 Louse","floor":1,"turns":3},{"damage":2,"enemies":"Jaw Worm","floor":6,"turns":3},{"damage":5,"enemies":"Small Slimes","floor":7,"turns":3},{"damage":6,"enemies":"Looter","floor":8,"turns":2},{"damage":15,"enemies":"Blue Slaver","floor":13,"turns":4},{"damage":0,"enemies":"Exordium Thugs","floor":14,"turns":1}],"seed_played":"-5753949095293376025","potions_obtained":[{"floor":6,"key":"SteroidPotion"},{"floor":13,"key":"Regen Potion"}],"is_trial":false,"path_per_floor":["M","?","?","$","?","M","M","M","T","R","T","$","M","M"],"character_chosen":"DEFECT","items_purchased":["Ball Lightning","Self Repair","Self Repair"],"campfire_rested":0,"item_purchase_floors":[4,4,12],"current_hp_per_floor":[50,35,35,35,35,40,35,29,29,29,29,29,28,28],"gold":53,"neow_bonus":"TRANSFORM_TWO_CARDS","is_prod":false,"is_daily":false,"chose_seed":false,"campfire_upgraded":1,"win_rate":0,"timestamp":1550872741,"path_taken":["M","?","?","$","?","M","M","M","T","R","?","?","M","M"],"build_version":"2019-01-23","purchased_purges":0,"victory":false,"max_hp_per_floor":[75,75,75,75,75,75,75,75,75,75,75,75,75,75],"card_choices":[{"not_picked":["Go for the Eyes","Heatsinks"],"picked":"Double Energy","floor":1},{"not_picked":["Conserve Battery","Rebound"],"picked":"Melter","floor":6},{"not_picked":["Sweeping Beam","Meteor Strike"],"picked":"Double Energy","floor":7},{"not_picked":["Skim","Beam Cell","Aggregate"],"picked":"SKIP","floor":8},{"not_picked":["Barrage","Gash"],"picked":"Static Discharge","floor":13}],"player_experience":234330,"relics_obtained":[{"floor":9,"key":"Oddly Smooth Stone"},{"floor":11,"key":"Turnip"}],"event_choices":[{"damage_healed":0,"gold_gain":0,"player_choice":"Entered Light","damage_taken":15,"max_hp_gain":0,"max_hp_loss":0,"event_name":"Shining Light","floor":2,"gold_loss":0,"cards_upgraded":["Loop","Dualcast"]},{"damage_healed":0,"gold_gain":0,"player_choice":"Ignored","damage_taken":0,"max_hp_gain":0,"max_hp_loss":0,"event_name":"Liars Game","floor":3,"gold_loss":0},{"damage_healed":0,"gold_gain":0,"player_choice":"Left Gold","damage_taken":0,"max_hp_gain":0,"max_hp_loss":0,"event_name":"World of Goop","floor":5,"gold_loss":33}],"is_beta":false,"boss_relics":[],"items_purged_floors":[],"is_endless":false,"potions_floor_spawned":[6,13],"killed_by":"Exordium Thugs","ascension_level":3}