{"gold_per_floor":[116,116,127,137,157,191,191,220,268,278,278,278,291,54,54,156,156,167,181,199,217,229,229,247,264,264,294,43,43,75,87,87,192,192,209,119,139,159,259,259,270,270,294,304,304,329,343,69,69,69],"floor_reached":51,"playtime":5461,"items_purged":["Defend_G","Defend_G","Strike_G"],"score":919,"play_id":"8e6917d0-0ce8-484c-8d0a-db05cce8b868","local_time":"20190222120129","is_ascension_mode":true,"campfire_choices":[{"floor":7,"key":"REST"},{"data":"After Image","floor":12,"key":"SMITH"},{"floor":15,"key":"REST"},{"data":"Apotheosis","floor":23,"key":"SMITH"},{"floor":32,"key":"REST"},{"floor":40,"key":"DIG"},{"floor":42,"key":"DIG"},{"floor":45,"key":"REST"},{"floor":49,"key":"REST"}],"neow_cost":"NONE","seed_source_timestamp":624319314437765,"circlet_count":0,"master_deck":["Defend_G","Defend_G+1","Strike_G+1","Survivor","Neutralize+1","Backflip","Blur+1","Well Laid Plans","PiercingWail","After Image+1","Backstab","Apotheosis+1","Adrenaline","Terror+1","Crippling Poison","Deadly Poison","Skewer","Caltrops","After Image","Cloak And Dagger+1","Dagger Spray+1","Tools of the Trade","Footwork","Catalyst"],"relics":["Ring of the Snake","Dodecahedron","Mercury Hourglass","War Paint","Sozu","Dream Catcher","Vajra","Regal Pillow","Oddly Smooth Stone","Empty Cage","Shovel","Bottled Flame","Pantograph","Orichalcum","Omamori"],"potions_floor_usage":[6,6,8,27],"damage_taken":[{"damage":4,"enemies":"Jaw Worm","floor":1,"turns":3},{"damage":2,"enemies":"Cultist","floor":3,"turns":4},{"damage":0,"enemies":"Small Slimes","floor":4,"turns":5},{"damage":9,"enemies":"2 Fungi Beasts","floor":5,"turns":4},{"damage":22,"enemies":"3 Sentries","floor":6,"turns":11},{"damage":52,"enemies":"Gremlin Nob","floor":8,"turns":6},{"damage":2,"enemies":"Gremlin Gang","floor":10,"turns":4},{"damage":2,"enemies":"Lots of Slimes","floor":13,"turns":4},{"damage":1,"enemies":"Slime Boss","floor":16,"turns":10},{"damage":0,"enemies":"3 Byrds","floor":18,"turns":6},{"damage":0,"enemies":"Chosen","floor":19,"turns":5},{"damage":0,"enemies":"Centurion and Healer","floor":20,"turns":9},{"damage":0,"enemies":"Sentry and Sphere","floor":21,"turns":9},{"damage":0,"enemies":"Snake Plant","floor":22,"turns":4},{"damage":0,"enemies":"3 Cultists","floor":24,"turns":6},{"damage":7,"enemies":"Centurion and Healer","floor":25,"turns":6},{"damage":13,"enemies":"Slavers","floor":27,"turns":6},{"damage":2,"enemies":"Book of Stabbing","floor":30,"turns":5},{"damage":0,"enemies":"Chosen and Byrds","floor":31,"turns":4},{"damage":0,"enemies":"Automaton","floor":33,"turns":9},{"damage":4,"enemies":"3 Darklings","floor":35,"turns":5},{"damage":5,"enemies":"Orb Walker","floor":37,"turns":3},{"damage":2,"enemies":"Spire Growth","floor":38,"turns":6},{"damage":10,"enemies":"Mind Bloom Boss Battle","floor":39,"turns":4},{"damage":4,"enemies":"3 Darklings","floor":41,"turns":4},{"damage":0,"enemies":"Sphere and 2 Shapes","floor":44,"turns":5},{"damage":12,"enemies":"Giant Head","floor":46,"turns":9},{"damage":3,"enemies":"Writhing Mass","floor":47,"turns":8},{"damage":40,"enemies":"Awakened One","floor":50,"turns":17}],"seed_played":"8149036212116727273","potions_obtained":[{"floor":3,"key":"Regen Potion"},{"floor":5,"key":"Explosive Potion"},{"floor":6,"key":"FearPotion"},{"floor":16,"key":"Regen Potion"}],"is_trial":false,"path_per_floor":["M","?","M","M","M","E","R","E","T","M","?","R","M","$","R","B",null,"M","M","M","M","M","R","M","M","T","E","$","?","E","M","R","B",null,"M","?","M","M","?","R","M","R","T","M","R","E","M","$","R","B",null],"character_chosen":"THE_SILENT","items_purchased":["Apotheosis","Regal Pillow","Footwork","Catalyst"],"campfire_rested":5,"item_purchase_floors":[14,28,48,48],"current_hp_per_floor":[66,71,69,69,60,53,75,23,23,21,21,21,19,19,41,40,66,66,66,66,66,66,66,66,59,59,61,61,61,59,59,75,75,75,71,71,66,64,54,54,50,50,50,50,75,63,60,60,75,35],"gold":69,"neow_bonus":"UPGRADE_CARD","is_prod":false,"is_daily":false,"chose_seed":false,"campfire_upgraded":2,"win_rate":0,"timestamp":1550833289,"path_taken":["M","?","M","M","M","E","R","E","T","M","?","R","?","$","R","BOSS","M","M","M","?","M","R","M","M","T","E","$","?","E","M","R","BOSS","M","?","?","?","?","R","M","R","T","M","R","E","M","$","R","BOSS"],"build_version":"2019-01-23","purchased_purges":3,"victory":true,"max_hp_per_floor":[70,75,75,75,75,75,75,75,75,75,75,75,75,75,75,75,75,75,75,75,75,75,75,75,75,75,75,75,75,75,75,75,75,75,75,75,75,75,75,75,75,75,75,75,75,75,75,75,75,75],"card_choices":[{"not_picked":["Underhanded Strike","Prepared","Quick Slash"],"picked":"SKIP","floor":1},{"not_picked":["Dagger Throw","Deflect"],"picked":"Backflip","floor":3},{"not_picked":["Predator","PiercingWail"],"picked":"Blur","floor":4},{"not_picked":["Bouncing Flask","Dodge and Roll"],"picked":"Well Laid Plans","floor":5},{"not_picked":["Underhanded Strike","Sucker Punch","Choke"],"picked":"SKIP","floor":6},{"not_picked":["Underhanded Strike","Prepared"],"picked":"PiercingWail","floor":8},{"not_picked":["Catalyst","Flying Knee"],"picked":"After Image","floor":10},{"not_picked":["Accuracy","Flechettes","PiercingWail"],"picked":"SKIP","floor":13},{"not_picked":["Bullet Time","Venomology"],"picked":"Adrenaline","floor":16},{"not_picked":["Sucker Punch","Flying Knee+1"],"picked":"Terror+1","floor":18},{"not_picked":["Cloak And Dagger","Poisoned Stab","Eviscerate"],"picked":"SKIP","floor":19},{"not_picked":["Reflex+1","Well Laid Plans+1"],"picked":"Crippling Poison","floor":20},{"not_picked":["Underhanded Strike+1","Backflip","Deflect"],"picked":"SKIP","floor":21},{"not_picked":["Setup+1","Dagger Spray","Riddle With Holes"],"picked":"SKIP","floor":22},{"not_picked":["Finisher","Concentrate"],"picked":"Deadly Poison","floor":24},{"not_picked":["Concentrate+1","Prepared","Doppelganger"],"picked":"SKIP","floor":25},{"not_picked":["Deadly Poison","Catalyst","Backflip"],"picked":"SKIP","floor":27},{"not_picked":["Backstab","Predator","Sucker Punch+1"],"picked":"SKIP","floor":30},{"not_picked":["Dagger Spray","Eviscerate"],"picked":"Skewer","floor":31},{"not_picked":["Crippling Poison","Slice"],"picked":"Caltrops","floor":32},{"not_picked":["Grand Finale","Malaise"],"picked":"After Image","floor":33},{"not_picked":["Well Laid Plans","Dodge and Roll","Flying Knee+1"],"picked":"SKIP","floor":35},{"not_picked":["PiercingWail","Heel Hook","Flying Knee+1"],"picked":"SKIP","floor":37},{"not_picked":["Dodge and Roll","Skewer","Eviscerate"],"picked":"SKIP","floor":38},{"not_picked":["Flying Knee","Masterful Stab"],"picked":"Cloak And Dagger+1","floor":39},{"not_picked":["Malaise","Poisoned Stab+1"],"picked":"Dagger Spray+1","floor":41},{"not_picked":["Distraction+1","Deadly Poison","Quick Slash+1"],"picked":"SKIP","floor":44},{"not_picked":["Endless Agony","Dagger Throw","Tactician"],"picked":"SKIP","floor":46},{"not_picked":["Sucker Punch+1","Blade Dance"],"picked":"Tools of the Trade","floor":47}],"player_experience":341987,"relics_obtained":[{"floor":6,"key":"Dodecahedron"},{"floor":8,"key":"Mercury Hourglass"},{"floor":9,"key":"War Paint"},{"floor":26,"key":"Dream Catcher"},{"floor":27,"key":"Vajra"},{"floor":30,"key":"Oddly Smooth Stone"},{"floor":39,"key":"Shovel"},{"floor":40,"key":"Bottled Flame"},{"floor":42,"key":"Pantograph"},{"floor":43,"key":"Orichalcum"},{"floor":46,"key":"Omamori"}],"event_choices":[{"damage_healed":0,"gold_gain":0,"player_choice":"Donut","damage_taken":0,"max_hp_gain":5,"max_hp_loss":0,"event_name":"Big Fish","floor":2,"gold_loss":0},{"damage_healed":0,"gold_gain":0,"cards_transformed":["Strike_G"],"player_choice":"Transformed","damage_taken":0,"max_hp_gain":0,"max_hp_loss":0,"event_name":"Transmorgrifier","floor":11,"gold_loss":0,"cards_obtained":["Backstab"]},{"damage_healed":0,"gold_gain":0,"player_choice":"Ignored","damage_taken":0,"max_hp_gain":0,"max_hp_loss":0,"event_name":"Ghosts","floor":29,"gold_loss":0},{"cards_removed":["Strike_G"],"damage_healed":0,"gold_gain":0,"player_choice":"Upgrade and Remove","damage_taken":0,"max_hp_gain":0,"max_hp_loss":0,"event_name":"Designer","floor":36,"gold_loss":90,"cards_upgraded":["Strike_G"]},{"damage_healed":0,"gold_gain":0,"player_choice":"Fight","damage_taken":0,"max_hp_gain":0,"max_hp_loss":0,"event_name":"MindBloom","floor":39,"gold_loss":0}],"is_beta":false,"boss_relics":[{"not_picked":["Lizard Tail","Busted Crown"],"picked":"Sozu"},{"not_picked":["Astrolabe","Tiny House"],"picked":"Empty Cage"}],"items_purged_floors":[14,28,48],"is_endless":false,"potions_floor_spawned":[3,5,6,16,18,20,21,24,25,35,37,44],"ascension_level":5}