{"gold_per_floor":[118,118,118,136,136,166,180,180,180,191,210,210,210,225,225,299,299,314,185,200,200,217,243,258,276,302,314],"floor_reached":27,"playtime":1335,"items_purged":[],"score":574,"play_id":"fd95ded3-dcae-4aa2-b833-3e3a588e1054","local_time":"20190129203052","daily_mods":["SealedDeck"],"is_ascension_mode":true,"campfire_choices":[{"data":"Corruption","floor":8,"key":"SMITH"},{"data":"Flame Barrier","floor":13,"key":"SMITH"},{"data":"Entrench","floor":15,"key":"SMITH"}],"neow_cost":"","seed_source_timestamp":1680338470089306,"circlet_count":0,"master_deck":["AscendersBane","True Grit+1","Flame Barrier+1","Armaments","Disarm","Entrench+1","True Grit","Body Slam+1","Battle Trance","Corruption+1","Dark Embrace","Flame Barrier","Disarm","Armaments","Battle Trance","Flame Barrier"],"relics":["Burning Blood","Darkstone Periapt","Red Skull","Bottled Tornado","Fusion Hammer","Juzu Bracelet","MawBank"],"potions_floor_usage":[25],"damage_taken":[{"damage":0,"enemies":"2 Louse","floor":1,"turns":3},{"damage":0,"enemies":"Jaw Worm","floor":4,"turns":3},{"damage":18,"enemies":"Gremlin Nob","floor":6,"turns":4},{"damage":0,"enemies":"Cultist","floor":7,"turns":2},{"damage":7,"enemies":"2 Fungi Beasts","floor":10,"turns":5},{"damage":0,"enemies":"Large Slime","floor":11,"turns":3},{"damage":0,"enemies":"Exordium Wildlife","floor":14,"turns":3},{"damage":0,"enemies":"Hexaghost","floor":16,"turns":10},{"damage":0,"enemies":"Spheric Guardian","floor":18,"turns":4},{"damage":1,"enemies":"Shell Parasite","floor":20,"turns":5},{"damage":5,"enemies":"Shelled Parasite and Fungi","floor":22,"turns":6},{"damage":2,"enemies":"Book of Stabbing","floor":23,"turns":6},{"damage":0,"enemies":"Snake Plant","floor":24,"turns":3},{"damage":5,"enemies":"Chosen and Byrds","floor":25,"turns":6},{"damage":9,"enemies":"Snecko","floor":27,"turns":4}],"seed_played":"267360143824182642","potions_obtained":[{"floor":1,"key":"SteroidPotion"},{"floor":10,"key":"Weak Potion"}],"is_trial":true,"path_per_floor":["M","?","?","M","?","E","M","R","T","M","M","?","R","M","R","B",null,"M","$","M","?","M","E","M","M","T","M"],"character_chosen":"IRONCLAD","items_purchased":["Disarm","SkillPotion"],"campfire_rested":0,"item_purchase_floors":[19,19],"current_hp_per_floor":[74,51,51,57,57,45,51,51,51,50,56,49,49,55,55,61,72,75,75,75,75,75,75,75,75,75,66],"gold":314,"neow_bonus":"","is_prod":false,"is_daily":false,"chose_seed":false,"campfire_upgraded":3,"win_rate":0,"timestamp":1548811852,"path_taken":["M","?","?","?","?","E","M","R","T","M","M","?","R","M","R","BOSS","M","$","M","?","M","E","M","M","T","M"],"build_version":"2019-01-23","purchased_purges":0,"victory":false,"max_hp_per_floor":[75,75,75,75,75,75,75,75,75,75,75,75,75,75,75,75,75,75,75,75,75,75,75,75,75,75,75],"card_choices":[{"not_picked":["Flex","Perfected Strike","Heavy Blade"],"picked":"SKIP","floor":1},{"not_picked":["Clash","Searing Blow","Anger"],"picked":"SKIP","floor":4},{"not_picked":["Searing Blow","Iron Wave"],"picked":"Corruption","floor":6},{"not_picked":["Intimidate","Hemokinesis","Anger"],"picked":"SKIP","floor":7},{"not_picked":["Pummel","Cleave","Wild Strike"],"picked":"SKIP","floor":10},{"not_picked":["Feed","Headbutt","Thunderclap"],"picked":"SKIP","floor":11},{"not_picked":["Headbutt","Sword Boomerang","Iron Wave"],"picked":"SKIP","floor":14},{"not_picked":["Brutality","Immolate"],"picked":"Dark Embrace","floor":16},{"not_picked":["Iron Wave","Thunderclap"],"picked":"Flame Barrier","floor":18},{"not_picked":["Combust","Anger"],"picked":"Armaments","floor":20},{"not_picked":["Corruption","Clash","Body Slam"],"picked":"SKIP","floor":22},{"not_picked":["Evolve","Iron Wave+1"],"picked":"Battle Trance","floor":23},{"not_picked":["True Grit","Pommel Strike","Perfected Strike"],"picked":"SKIP","floor":24},{"not_picked":["Sword Boomerang","Armaments"],"picked":"Flame Barrier","floor":25}],"player_experience":839169,"relics_obtained":[{"floor":6,"key":"Red Skull"},{"floor":9,"key":"Bottled Tornado"},{"floor":23,"key":"Juzu Bracelet"},{"floor":26,"key":"MawBank"}],"event_choices":[{"damage_healed":0,"gold_gain":0,"player_choice":"Entered Light","damage_taken":23,"max_hp_gain":0,"max_hp_loss":0,"event_name":"Shining Light","floor":2,"gold_loss":0,"cards_upgraded":["Body Slam","True Grit"]},{"cards_removed":["Cleave"],"damage_healed":0,"gold_gain":0,"player_choice":"Gave Card","damage_taken":0,"relics_obtained":["Darkstone Periapt"],"max_hp_gain":0,"max_hp_loss":0,"event_name":"WeMeetAgain","floor":3,"gold_loss":0},{"damage_healed":0,"gold_gain":0,"player_choice":"Ignored","damage_taken":0,"max_hp_gain":0,"max_hp_loss":0,"event_name":"Liars Game","floor":5,"gold_loss":0},{"cards_removed":["Iron Wave"],"damage_healed":0,"gold_gain":0,"player_choice":"Card Removal","damage_taken":7,"max_hp_gain":0,"max_hp_loss":0,"event_name":"Golden Wing","floor":12,"gold_loss":0},{"damage_healed":0,"gold_gain":0,"player_choice":"Ignored","damage_taken":0,"max_hp_gain":0,"max_hp_loss":0,"event_name":"Ghosts","floor":21,"gold_loss":0}],"is_beta":false,"boss_relics":[{"not_picked":["Orrery","Black Star"],"picked":"Fusion Hammer"}],"items_purged_floors":[],"is_endless":false,"potions_floor_spawned":[1,10,14,18,22,24],"killed_by":"Snecko","ascension_level":20}