{"gold_per_floor":[111,127,145,295,295,295,307,307,357,368,381,381,381,407,407,485,485,500,52,52,70,81,92,92,109,109,120,120,120],"floor_reached":29,"playtime":1038,"items_purged":["Doubt"],"score":458,"play_id":"22ddf224-7acb-46c3-a377-3682eb211e3e","local_time":"20190128135843","is_ascension_mode":true,"campfire_choices":[{"data":"Zap","floor":6.0,"key":"SMITH"},{"data":"Dualcast","floor":8.0,"key":"SMITH"},{"floor":12.0,"key":"REST"},{"data":"Self Repair","floor":15.0,"key":"SMITH"},{"floor":24.0,"key":"REST"}],"neow_cost":"NONE","seed_source_timestamp":0,"circlet_count":0,"master_deck":["AscendersBane","Strike_B","Strike_B+1","Strike_B","Strike_B","Defend_B","Defend_B","Defend_B","Defend_B","Zap+1","Dualcast+1","Rebound","Sweeping Beam","Rebound","Gash+1","Echo Form","Conserve Battery","Hologram","Steam","Self Repair+1","Buffer","Tempest+1","Defragment","Gash","Cold Snap+1","Steam","Amplify","Rebound+1","Steam","Gash+1"],"special_seed":0,"relics":["Cracked Core","Dream Catcher","Orichalcum","Black Star","Medical Kit","Letter Opener","MutagenicStrength"],"potions_floor_usage":[27,27,29],"damage_taken":[{"damage":3.0,"enemies":"Small Slimes","floor":1.0,"turns":2.0},{"damage":2.0,"enemies":"2 Louse","floor":2.0,"turns":3.0},{"damage":1.0,"enemies":"Cultist","floor":3.0,"turns":3.0},{"damage":14.0,"enemies":"Blue Slaver","floor":7.0,"turns":4.0},{"damage":7.0,"enemies":"2 Fungi Beasts","floor":10.0,"turns":3.0},{"damage":2.0,"enemies":"Red Slaver","floor":11.0,"turns":3.0},{"damage":6.0,"enemies":"Lagavulin","floor":14.0,"turns":7.0},{"damage":45.0,"enemies":"The Guardian","floor":16.0,"turns":11.0},{"damage":50.0,"enemies":"2 Thieves","floor":18.0,"turns":5.0},{"damage":16.0,"enemies":"Spheric Guardian","floor":21.0,"turns":5.0},{"damage":15.0,"enemies":"Snecko","floor":22.0,"turns":6.0},{"damage":4.0,"enemies":"Centurion and Healer","floor":23.0,"turns":8.0},{"damage":36.0,"enemies":"Snake Plant","floor":25.0,"turns":4.0},{"damage":22,"enemies":"Shelled Parasite and Fungi","floor":27,"turns":6},{"damage":9,"enemies":"Centurion and Healer","floor":29,"turns":1}],"seed_played":"2271363426188257243","potions_obtained":[{"floor":1.0,"key":"Poison Potion"},{"floor":7.0,"key":"Weak Potion"},{"floor":14.0,"key":"SpeedPotion"},{"floor":21.0,"key":"LiquidBronze"},{"floor":22.0,"key":"Energy Potion"},{"floor":25.0,"key":"SkillPotion"},{"floor":27,"key":"FocusPotion"}],"is_trial":false,"path_per_floor":["M","M","M","?","?","R","M","R","T","M","M","R","?","E","R","B",null,"M","$","?","M","M","M","R","M","T","M","?","M"],"character_chosen":"DEFECT","items_purchased":["Medical Kit","Defragment","Gash","SkillPotion"],"campfire_rested":2,"item_purchase_floors":[19,19,19,19],"current_hp_per_floor":[61,59,58,58,37,37,23,23,23,16,14,35,71,65,65,40,63,23,23,23,17,12,18,39,23,23,1,1,0],"gold":120,"neow_bonus":"THREE_CARDS","is_prod":false,"is_daily":false,"chose_seed":false,"campfire_upgraded":3,"win_rate":0,"timestamp":1548651523,"path_taken":["M","M","M","?","?","R","M","R","T","M","M","R","?","E","R","BOSS","M","?","?","M","M","M","R","M","T","M","?","M"],"build_version":"2019-01-23","purchased_purges":1,"victory":false,"max_hp_per_floor":[71,71,71,71,71,71,71,71,71,71,71,71,71,71,71,71,71,71,71,71,71,71,71,71,71,71,71,71,71],"card_choices":[{"not_picked":["Redo","Aggregate"],"picked":"Rebound","floor":0.0},{"not_picked":["Aggregate","Undo"],"picked":"Sweeping Beam","floor":1.0},{"not_picked":["Sweeping Beam","Leap"],"picked":"Rebound","floor":2.0},{"not_picked":["Leap","Melter"],"picked":"Gash","floor":3.0},{"not_picked":["Ball Lightning","Chill"],"picked":"Echo Form","floor":7.0},{"not_picked":["Hologram","Steam"],"picked":"Conserve Battery","floor":10.0},{"not_picked":["Force Field","Storm"],"picked":"Hologram","floor":11.0},{"not_picked":["Steam Power","Go for the Eyes"],"picked":"Steam","floor":12.0},{"not_picked":["Stack","Turbo"],"picked":"Self Repair","floor":14.0},{"not_picked":["Fission","Meteor Strike"],"picked":"Buffer","floor":16.0},{"not_picked":["Stack","Barrage"],"picked":"Tempest+1","floor":18.0},{"not_picked":["Heatsinks","Steam Power"],"picked":"Cold Snap+1","floor":21.0},{"not_picked":["Go for the Eyes+1","Sweeping Beam"],"picked":"Steam","floor":22.0},{"not_picked":["Go for the Eyes","Glacier"],"picked":"Amplify","floor":23.0},{"not_picked":["Streamline","Beam Cell"],"picked":"Rebound+1","floor":24.0},{"not_picked":["Go for the Eyes","Aggregate"],"picked":"Steam","floor":25.0},{"not_picked":["Machine Learning","Sweeping Beam"],"picked":"Gash+1","floor":27}],"player_experience":1092924,"relics_obtained":[{"floor":9.0,"key":"Dream Catcher"},{"floor":14.0,"key":"Orichalcum"},{"floor":26.0,"key":"Letter Opener"}],"event_choices":[{"damage_healed":0.0,"max_hp_gain":0.0,"max_hp_loss":0.0,"gold_gain":150.0,"event_name":"Liars Game","player_choice":"AGREE","floor":4.0,"gold_loss":0.0,"damage_taken":0.0,"cards_obtained":["Doubt"]},{"damage_healed":0.0,"max_hp_gain":0.0,"max_hp_loss":0.0,"gold_gain":0.0,"event_name":"Shining Light","player_choice":"Entered Light","floor":5.0,"gold_loss":0.0,"damage_taken":21.0,"cards_upgraded":["Strike_B","Gash"]},{"damage_healed":36.0,"max_hp_gain":0.0,"max_hp_loss":0.0,"gold_gain":0.0,"event_name":"Wheel of Change","player_choice":"Full Heal","floor":13.0,"gold_loss":0.0,"damage_taken":0.0},{"damage_healed":0.0,"max_hp_gain":0.0,"max_hp_loss":0.0,"gold_gain":0.0,"event_name":"Vampires","player_choice":"Ignored","floor":20.0,"gold_loss":0.0,"damage_taken":0.0},{"damage_healed":0,"gold_gain":0,"player_choice":"Inject Mutagens","damage_taken":0,"relics_obtained":["MutagenicStrength"],"max_hp_gain":0,"max_hp_loss":0,"event_name":"Drug Dealer","floor":28,"gold_loss":0}],"is_beta":false,"boss_relics":[{"not_picked":["Orrery","Runic Pyramid"],"picked":"Black Star"}],"items_purged_floors":[19],"is_endless":false,"potions_floor_spawned":[1,7,14,21,22,25,27],"killed_by":"Centurion and Healer","ascension_level":20}