{"gold_per_floor":[118,118,193,193,193,193,227,240,240,240,415,415,246,273,273,374,374,393,413,413,413,427,427,455,467,479,491,538,550,662,746,758,870,882,904,967,999,1030,1042,1054,1094,1123,1135,1165,1177,254,254,274,274,274,274,274,24,53,53],"floor_reached":56,"playtime":4180,"items_purged":["Doubt","Shame","Pain"],"score":1517,"play_id":"20035a2c-27b5-4291-ab84-685e84575b99","local_time":"20190216042711","is_ascension_mode":true,"campfire_choices":[{"data":"Zap","floor":6.0,"key":"SMITH"},{"data":"Dualcast","floor":10.0,"key":"SMITH"},{"data":"Cold Snap","floor":12.0,"key":"SMITH"},{"data":"Sunder","floor":15.0,"key":"SMITH"},{"data":"Biased Cognition","floor":23.0,"key":"SMITH"},{"data":"Blizzard","floor":25.0,"key":"SMITH"},{"data":"Coolheaded","floor":27.0,"key":"SMITH"},{"data":"Coolheaded","floor":32.0,"key":"SMITH"},{"data":"Heatsinks","floor":40.0,"key":"SMITH"},{"data":"Glacier","floor":45.0,"key":"SMITH"},{"floor":47.0,"key":"RECALL"},{"data":"Amplify","floor":49.0,"key":"SMITH"},{"data":"Storm","floor":52.0,"key":"SMITH"}],"neow_cost":"NONE","seed_source_timestamp":62907559435900,"circlet_count":0,"master_deck":["Defend_B","Defend_B","Defend_B","Defend_B","Zap+1","Dualcast+1","Cold Snap+1","Skim","Coolheaded+1","Capacitor","Sunder+1","Biased Cognition+1","Coolheaded+1","Ball Lightning+1","Bite","Bite","Bite","Bite","Bite","Clumsy","Blizzard+1","Capacitor","Loop+1","Clumsy","Creative AI","White Noise+1","Ball Lightning","Heatsinks+1","Shame","Chill+1","Glacier+1","Storm+1","Amplify+1","Loop+1","Go for the Eyes"],"special_seed":0,"relics":["Cracked Core","NeowsBlessing","Shuriken","Oddly Smooth Stone","Thread and Needle","Cursed Key","MawBank","Bottled Lightning","Meat on the Bone","Unceasing Top","Mummified Hand","Blue Candle","Snecko Eye","Gambling Chip","Bottled Flame","Sundial","Nunchaku","Bottled Tornado","Frozen Egg 2","Runic Capacitor","Bag of Preparation"],"potions_floor_usage":[],"damage_taken":[{"damage":0.0,"enemies":"Small Slimes","floor":1.0,"turns":1.0},{"damage":0.0,"enemies":"Lagavulin","floor":7.0,"turns":1.0},{"damage":0.0,"enemies":"Cultist","floor":8.0,"turns":1.0},{"damage":15.0,"enemies":"3 Sentries","floor":14.0,"turns":6.0},{"damage":12.0,"enemies":"Slime Boss","floor":16.0,"turns":10.0},{"damage":1.0,"enemies":"Chosen","floor":18.0,"turns":5.0},{"damage":6.0,"enemies":"2 Thieves","floor":19.0,"turns":3.0},{"damage":3.0,"enemies":"Sentry and Sphere","floor":22.0,"turns":4.0},{"damage":8.0,"enemies":"Book of Stabbing","floor":24.0,"turns":5.0},{"damage":39.0,"enemies":"Slavers","floor":28.0,"turns":6.0},{"damage":8.0,"enemies":"Colosseum Slavers","floor":30.0,"turns":4.0},{"damage":4.0,"enemies":"Colosseum Nobs","floor":30.0,"turns":4.0},{"damage":52.0,"enemies":"Collector","floor":33.0,"turns":10.0},{"damage":10.0,"enemies":"Orb Walker","floor":35.0,"turns":5.0},{"damage":27.0,"enemies":"2 Orb Walkers","floor":36.0,"turns":4.0},{"damage":15.0,"enemies":"3 Darklings","floor":37.0,"turns":3.0},{"damage":12.0,"enemies":"Maw","floor":38.0,"turns":5.0},{"damage":53.0,"enemies":"Nemesis","floor":41.0,"turns":7.0},{"damage":26.0,"enemies":"Jaw Worm Horde","floor":42.0,"turns":4.0},{"damage":3.0,"enemies":"Transient","floor":44.0,"turns":5.0},{"damage":9.0,"enemies":"3 Darklings","floor":48.0,"turns":4.0},{"damage":16.0,"enemies":"Donu and Deca","floor":50.0,"turns":6.0},{"damage":11.0,"enemies":"Shield and Spear","floor":54.0,"turns":3.0},{"damage":93,"enemies":"The Heart","floor":55,"turns":7}],"seed_played":"4995938641840222973","potions_obtained":[{"floor":16.0,"key":"Regen Potion"},{"floor":18.0,"key":"GamblersBrew"},{"floor":28.0,"key":"Strength Potion"},{"floor":36.0,"key":"Dexterity Potion"},{"floor":38.0,"key":"AttackPotion"},{"floor":44.0,"key":"SpeedPotion"},{"floor":48.0,"key":"FairyPotion"}],"is_trial":false,"path_per_floor":["M","?","?","?","?","R","E","M","T","R","?","R","$","E","R","B",null,"M","M","?","T","M","R","E","R","T","R","E","?","?","T","R","B",null,"M","?","M","M","T","R","E","M","T","M","R","$","R","M","R","B",null,"R","$","E","B",null],"character_chosen":"DEFECT","items_purchased":["Coolheaded","Capacitor","Storm","Bottled Tornado","Frozen Egg 2","Runic Capacitor","FairyPotion","Loop+1","Go for the Eyes"],"campfire_rested":0,"item_purchase_floors":[13,13,46,46,46,46,46,53,53],"current_hp_per_floor":[68,53,42,67,67,67,67,67,67,67,67,67,67,52,52,42,67,68,64,64,64,73,73,69,69,69,69,40,65,67,67,67,39,66,62,45,46,50,50,50,33,33,33,44,44,44,44,43,43,43,67,67,67,66,27],"gold":53,"neow_bonus":"THREE_ENEMY_KILL","is_prod":false,"is_daily":false,"chose_seed":false,"campfire_upgraded":12,"win_rate":0,"timestamp":1550287631,"path_taken":["M","?","?","?","?","R","E","?","T","R","?","R","$","E","R","BOSS","M","M","?","?","M","R","E","R","T","R","E","?","?","?","R","BOSS","M","?","M","M","?","R","E","?","T","M","R","$","R","M","R","BOSS","R","$","E","BOSS"],"build_version":"2019-01-23","purchased_purges":3,"victory":true,"max_hp_per_floor":[75,75,75,75,75,75,75,75,75,75,75,75,75,75,75,75,75,75,75,75,75,75,75,75,75,75,75,75,75,75,75,75,75,75,75,75,75,75,75,75,75,75,75,75,75,75,75,75,75,75,75,75,75,75,75],"card_choices":[{"not_picked":["Stack","Turbo"],"picked":"Go for the Eyes","floor":1.0},{"not_picked":["Static Discharge","Hologram"],"picked":"Cold Snap","floor":7.0},{"not_picked":["Chaos","Steam"],"picked":"Skim","floor":8.0},{"not_picked":["Steam","Defragment"],"picked":"Sunder","floor":14.0},{"not_picked":["Hyperbeam","Core Surge"],"picked":"Biased Cognition","floor":16.0},{"not_picked":["Genetic Algorithm","Beam Cell"],"picked":"Coolheaded","floor":18.0},{"not_picked":["Capacitor","Go for the Eyes"],"picked":"Ball Lightning+1","floor":19.0},{"not_picked":["Rebound","Stack","Gash+1"],"picked":"SKIP","floor":22.0},{"not_picked":["Melter+1","Lockon"],"picked":"Blizzard","floor":24.0},{"not_picked":["Tempest+1","Chaos+1"],"picked":"Capacitor","floor":28.0},{"not_picked":["Reprogram","Turbo"],"picked":"Loop+1","floor":30.0},{"not_picked":["Amplify","Rainbow"],"picked":"Creative AI","floor":33.0},{"not_picked":["Steam","Cold Snap"],"picked":"White Noise+1","floor":35.0},{"not_picked":["Coolheaded+1","Beam Cell"],"picked":"Ball Lightning","floor":37.0},{"not_picked":["Leap+1","Conserve Battery+1"],"picked":"Heatsinks","floor":38.0},{"not_picked":["Rainbow","Sweeping Beam+1"],"picked":"Chill+1","floor":41.0},{"not_picked":["Sweeping Beam+1","Conserve Battery"],"picked":"Glacier","floor":42.0},{"not_picked":["Barrage","Recycle","Redo"],"picked":"SKIP","floor":44.0},{"not_picked":["Barrage","Gash"],"picked":"Amplify","floor":48.0},{"not_picked":["Doom and Gloom+1","Steam+1","Double Energy+1"],"picked":"SKIP","floor":54.0}],"player_experience":207172,"relics_obtained":[{"floor":7.0,"key":"Oddly Smooth Stone"},{"floor":9.0,"key":"Thread and Needle"},{"floor":14.0,"key":"Blood Vial"},{"floor":24.0,"key":"MawBank"},{"floor":26.0,"key":"Bottled Lightning"},{"floor":28.0,"key":"Meat on the Bone"},{"floor":30.0,"key":"Unceasing Top"},{"floor":30.0,"key":"Mummified Hand"},{"floor":31.0,"key":"Blue Candle"},{"floor":36.0,"key":"Gambling Chip"},{"floor":39.0,"key":"Bottled Flame"},{"floor":41.0,"key":"Sundial"},{"floor":43.0,"key":"Nunchaku"},{"floor":54.0,"key":"Bag of Preparation"}],"event_choices":[{"damage_healed":0.0,"max_hp_gain":0.0,"max_hp_loss":0.0,"gold_gain":0.0,"event_name":"Shining Light","player_choice":"Entered Light","floor":2.0,"gold_loss":0.0,"damage_taken":15.0,"cards_upgraded":["Strike_B","Strike_B"]},{"damage_healed":0.0,"max_hp_gain":0.0,"max_hp_loss":0.0,"gold_gain":75.0,"event_name":"World of Goop","player_choice":"Gather Gold","floor":3.0,"gold_loss":0.0,"damage_taken":11.0},{"damage_healed":25.0,"max_hp_gain":0.0,"max_hp_loss":0.0,"gold_gain":0.0,"event_name":"Big Fish","player_choice":"Banana","floor":4.0,"gold_loss":0.0,"damage_taken":0.0},{"cards_removed":["Go for the Eyes"],"damage_healed":0.0,"max_hp_gain":0.0,"max_hp_loss":0.0,"gold_gain":0.0,"event_name":"WeMeetAgain","player_choice":"Gave Card","floor":5.0,"gold_loss":0.0,"damage_taken":0.0,"relics_obtained":["Shuriken"]},{"damage_healed":0.0,"max_hp_gain":0.0,"max_hp_loss":0.0,"gold_gain":175.0,"event_name":"Liars Game","player_choice":"AGREE","floor":11.0,"gold_loss":0.0,"damage_taken":0.0,"cards_obtained":["Doubt"]},{"damage_healed":0.0,"max_hp_gain":0.0,"max_hp_loss":0.0,"gold_gain":0.0,"event_name":"Vampires","player_choice":"Became a vampire (Vial)","floor":20.0,"relics_lost":["Blood Vial"],"gold_loss":0.0,"damage_taken":0.0,"cards_obtained":["Bite","Bite","Bite","Bite","Bite"]},{"damage_healed":25.0,"max_hp_gain":0.0,"max_hp_loss":0.0,"gold_gain":0.0,"event_name":"The Library","player_choice":"Heal","floor":29.0,"gold_loss":0.0,"damage_taken":0.0},{"damage_healed":0.0,"max_hp_gain":0.0,"max_hp_loss":0.0,"gold_gain":0.0,"event_name":"Colosseum","player_choice":"Fight","floor":30.0,"gold_loss":0.0,"damage_taken":0.0},{"damage_healed":0.0,"max_hp_gain":0.0,"max_hp_loss":0.0,"gold_gain":0.0,"event_name":"Colosseum","player_choice":"Fought Nobs","floor":30.0,"gold_loss":0.0,"damage_taken":0.0},{"damage_healed":0.0,"max_hp_gain":0.0,"max_hp_loss":0.0,"gold_gain":0.0,"event_name":"Mysterious Sphere","player_choice":"Fight","floor":36.0,"gold_loss":0.0,"damage_taken":0.0}],"is_beta":false,"boss_relics":[{"not_picked":["Runic Pyramid","Tiny House"],"picked":"Cursed Key"},{"not_picked":["FrozenCore","Velvet Choker"],"picked":"Snecko Eye"}],"items_purged_floors":[13,46,53],"is_endless":false,"potions_floor_spawned":[16,18,28,30,36,37,38,44,48,54],"ascension_level":6}