{"gold_per_floor":[114,129,146,146,146,179,195,4,4,30,42,42,42,58,58,154,154,172,187,112,112,127,127,52,52,52,62,78,78,78],"floor_reached":30,"playtime":2610,"items_purged":["Strike_B"],"score":242,"play_id":"3dde4100-1ada-45bf-abf4-fe204ad1ec3f","local_time":"20190206212945","is_ascension_mode":false,"campfire_choices":[{"floor":13,"key":"REST"},{"data":"Machine Learning","floor":15,"key":"SMITH"},{"data":"Buffer","floor":23,"key":"SMITH"},{"data":"Zap","floor":25,"key":"SMITH"},{"data":"Conserve Battery","floor":29,"key":"SMITH"}],"neow_cost":"NONE","seed_source_timestamp":269080566308995,"circlet_count":0,"master_deck":["Strike_B","Strike_B","Defend_B","Defend_B","Defend_B","Defend_B","Zap+1","Dualcast+1","Coolheaded","Blizzard","Steam","Machine Learning+1","Doom and Gloom","Melter","Cold Snap","BootSequence","Compile Driver","Ball Lightning","Self Repair","Buffer+1","Cold Snap+1","Redo+1","White Noise","Defragment+1","FTL+1","Leap+1","Tempest","Conserve Battery+1","Consume+1","Conserve Battery+1"],"relics":["Cracked Core","NeowsBlessing","Question Card","Art of War","Prayer Wheel","Incense Burner","Inserter","Unceasing Top"],"potions_floor_usage":[10,16,19,28],"damage_taken":[{"damage":0,"enemies":"Small Slimes","floor":1,"turns":1},{"damage":0,"enemies":"Jaw Worm","floor":2,"turns":1},{"damage":0,"enemies":"Cultist","floor":3,"turns":1},{"damage":27,"enemies":"Lagavulin","floor":6,"turns":9},{"damage":13,"enemies":"Gremlin Gang","floor":7,"turns":6},{"damage":19,"enemies":"3 Sentries","floor":10,"turns":7},{"damage":12,"enemies":"Blue Slaver","floor":11,"turns":3},{"damage":7,"enemies":"3 Louse","floor":14,"turns":2},{"damage":25,"enemies":"Slime Boss","floor":16,"turns":10},{"damage":0,"enemies":"Spheric Guardian","floor":18,"turns":5},{"damage":21,"enemies":"2 Thieves","floor":19,"turns":5},{"damage":15,"enemies":"Centurion and Healer","floor":22,"turns":6},{"damage":22,"enemies":"Snecko","floor":27,"turns":5},{"damage":0,"enemies":"Cultist and Chosen","floor":28,"turns":5},{"damage":45,"enemies":"Slavers","floor":30,"turns":4}],"seed_played":"5698206442302970400","potions_obtained":[{"floor":1,"key":"Energy Potion"},{"floor":10,"key":"GamblersBrew"},{"floor":14,"key":"Ancient Potion"},{"floor":16,"key":"Weak Potion"},{"floor":19,"key":"SpeedPotion"},{"floor":22,"key":"Explosive Potion"}],"is_trial":false,"path_per_floor":["M","M","M","?","?","E","M","$","T","E","M","?","R","M","R","B",null,"M","M","?","?","M","R","$","R","T","M","M","R","E"],"character_chosen":"DEFECT","items_purchased":["Art of War","Melter"],"campfire_rested":1,"item_purchase_floors":[8,8],"current_hp_per_floor":[75,75,75,75,75,48,35,35,35,16,4,29,51,44,44,26,75,75,54,54,54,46,46,46,46,46,31,38,38,0],"gold":78,"neow_bonus":"THREE_ENEMY_KILL","is_prod":false,"is_daily":false,"chose_seed":false,"campfire_upgraded":4,"win_rate":0.0,"timestamp":1549484985,"path_taken":["M","M","M","?","?","E","M","$","T","E","M","?","R","M","R","BOSS","M","M","?","?","?","R","$","R","T","M","M","R","E"],"build_version":"2019-01-23","purchased_purges":1,"victory":false,"max_hp_per_floor":[75,75,75,75,75,75,75,75,75,75,75,75,75,75,75,75,75,75,75,75,75,75,75,75,75,75,75,75,75,75],"card_choices":[{"not_picked":["Heatsinks","Leap"],"picked":"Coolheaded","floor":1},{"not_picked":["Stack","Coolheaded"],"picked":"Blizzard","floor":2},{"not_picked":["Fission","Stack"],"picked":"Steam","floor":3},{"not_picked":["BootSequence","Melter"],"picked":"Machine Learning","floor":6},{"not_picked":["Barrage","Go for the Eyes","Gash"],"picked":"Doom and Gloom","floor":7},{"not_picked":["Barrage","Melter","Coolheaded"],"picked":"Cold Snap","floor":10},{"not_picked":["Chaos","Go for the Eyes","Coolheaded"],"picked":"BootSequence","floor":11},{"not_picked":["Lockon","Barrage","Chaos"],"picked":"Compile Driver","floor":11},{"not_picked":["Beam Cell","Force Field","Amplify"],"picked":"Ball Lightning","floor":14},{"not_picked":["Darkness","Cold Snap","Ball Lightning"],"picked":"Self Repair","floor":14},{"not_picked":["Thunder Strike","Seek","Multi-Cast"],"picked":"Buffer","floor":16},{"not_picked":["Leap","Darkness","BootSequence"],"picked":"Cold Snap+1","floor":18},{"not_picked":["Compile Driver","Hello World","Conserve Battery"],"picked":"Redo+1","floor":18},{"not_picked":["Storm","Redo","Compile Driver"],"picked":"White Noise","floor":19},{"not_picked":["Streamline","Barrage","Doom and Gloom"],"picked":"Defragment","floor":19},{"not_picked":["Sweeping Beam+1","Go for the Eyes","All For One"],"picked":"FTL+1","floor":22},{"not_picked":["Streamline","Darkness","Gash"],"picked":"Leap+1","floor":22},{"not_picked":["Beam Cell","Redo","Gash"],"picked":"Tempest","floor":27},{"not_picked":["Capacitor","Heatsinks+1","Scrape"],"picked":"Conserve Battery","floor":27},{"not_picked":["Force Field","Streamline","Skim"],"picked":"Consume+1","floor":28},{"not_picked":["Chaos+1","Defragment","Coolheaded"],"picked":"Conserve Battery+1","floor":28}],"player_experience":39090,"relics_obtained":[{"floor":6,"key":"Question Card"},{"floor":9,"key":"Prayer Wheel"},{"floor":10,"key":"Incense Burner"},{"floor":26,"key":"Unceasing Top"}],"event_choices":[{"damage_healed":0,"gold_gain":0,"player_choice":"Ignored","damage_taken":0,"max_hp_gain":0,"max_hp_loss":0,"event_name":"Liars Game","floor":4,"gold_loss":0},{"damage_healed":0,"gold_gain":0,"player_choice":"Grow","damage_taken":0,"max_hp_gain":0,"max_hp_loss":0,"event_name":"Living Wall","floor":5,"gold_loss":0,"cards_upgraded":["Dualcast"]},{"damage_healed":25,"gold_gain":0,"player_choice":"Banana","damage_taken":0,"max_hp_gain":0,"max_hp_loss":0,"event_name":"Big Fish","floor":12,"gold_loss":0},{"cards_removed":["Strike_B"],"damage_healed":0,"gold_gain":0,"player_choice":"Gave Gold","damage_taken":0,"max_hp_gain":0,"max_hp_loss":0,"event_name":"Beggar","floor":20,"gold_loss":75},{"damage_healed":0,"gold_gain":0,"player_choice":"Upgraded","damage_taken":0,"max_hp_gain":0,"max_hp_loss":0,"event_name":"Upgrade Shrine","floor":21,"gold_loss":0,"cards_upgraded":["Defragment"]}],"is_beta":false,"boss_relics":[{"not_picked":["Coffee Dripper","Calling Bell"],"picked":"Inserter"}],"items_purged_floors":[24],"is_endless":false,"potions_floor_spawned":[1,10,14,16,19,22],"killed_by":"Slavers","ascension_level":0}