{"gold_per_floor":[17,17,34,47,57,57,157,170,170,186,217,232,245,259,259,363,363,381,11,22,22,33,68,68,82,82,96,96,116,66,80,80,175,175,195,195,92,110,60,90,90,90,90,90,105,123,136,163,163,163],"floor_reached":51,"playtime":3533,"items_purged":["Regret","Strike_B","Strike_B","Strike_B"],"score":812,"play_id":"4adc2a76-1cf7-43e1-9a50-dd40ebc9d3d0","local_time":"20190116224714","is_ascension_mode":false,"campfire_choices":[{"data":"Apotheosis","floor":6.0,"key":"SMITH"},{"data":"White Noise","floor":15.0,"key":"SMITH"},{"floor":24.0,"key":"REST"},{"data":"Machine Learning","floor":32.0,"key":"SMITH"},{"floor":42.0,"key":"REST"},{"floor":44.0,"key":"REST"},{"floor":49,"key":"REST"}],"neow_cost":"NO_GOLD","seed_source_timestamp":0,"circlet_count":0,"master_deck":["Defend_B","Defend_B","Defend_B","Defend_B","Zap","Dualcast","Good Instincts","Apotheosis+1","Coolheaded","Reprogram","Go for the Eyes","Steam","Seek","Conserve Battery","Gash","Beam Cell","White Noise+1","All For One","Gash","Hologram","Machine Learning+1","Echo Form","Gash","Gash","Gash","Gash+1"],"special_seed":0,"relics":["Cracked Core","Blood Vial","Regal Pillow","Meat on the Bone","Black Star","Shuriken","Omamori","Smiling Mask","Pear","Fusion Hammer","Singing Bowl","Question Card","Bottled Flame","Turnip","Pocketwatch"],"potions_floor_usage":[50,50],"damage_taken":[{"damage":4.0,"enemies":"Jaw Worm","floor":1.0,"turns":4.0},{"damage":2.0,"enemies":"2 Louse","floor":3.0,"turns":2.0},{"damage":2.0,"enemies":"Cultist","floor":4.0,"turns":3.0},{"damage":13.0,"enemies":"Exordium Wildlife","floor":5.0,"turns":3.0},{"damage":2.0,"enemies":"Large Slime","floor":8.0,"turns":5.0},{"damage":9.0,"enemies":"Exordium Thugs","floor":10.0,"turns":4.0},{"damage":11.0,"enemies":"Gremlin Nob","floor":11.0,"turns":3.0},{"damage":1.0,"enemies":"Blue Slaver","floor":12.0,"turns":3.0},{"damage":11.0,"enemies":"Large Slime","floor":13.0,"turns":5.0},{"damage":1.0,"enemies":"2 Fungi Beasts","floor":14.0,"turns":4.0},{"damage":21.0,"enemies":"Hexaghost","floor":16.0,"turns":13.0},{"damage":3.0,"enemies":"Chosen","floor":18.0,"turns":3.0},{"damage":8.0,"enemies":"2 Thieves","floor":20.0,"turns":3.0},{"damage":5.0,"enemies":"3 Cultists","floor":22.0,"turns":5.0},{"damage":40.0,"enemies":"Gremlin Leader","floor":23.0,"turns":7.0},{"damage":6.0,"enemies":"Snake Plant","floor":25.0,"turns":4.0},{"damage":1.0,"enemies":"Shelled Parasite and Fungi","floor":27.0,"turns":3.0},{"damage":0.0,"enemies":"3 Cultists","floor":29.0,"turns":4.0},{"damage":7.0,"enemies":"Centurion and Healer","floor":31.0,"turns":2.0},{"damage":0.0,"enemies":"Collector","floor":33.0,"turns":7.0},{"damage":22.0,"enemies":"3 Shapes","floor":35.0,"turns":6.0},{"damage":5.0,"enemies":"Orb Walker","floor":38.0,"turns":3.0},{"damage":51.0,"enemies":"Reptomancer","floor":40.0,"turns":5.0},{"damage":18.0,"enemies":"3 Darklings","floor":45.0,"turns":4.0},{"damage":28.0,"enemies":"Transient","floor":46.0,"turns":5.0},{"damage":37.0,"enemies":"Writhing Mass","floor":47.0,"turns":4.0},{"damage":0.0,"enemies":"Giant Head","floor":48.0,"turns":3.0},{"damage":77,"enemies":"Time Eater","floor":50,"turns":7}],"seed_played":"642690314378169078","potions_obtained":[{"floor":4.0,"key":"AttackPotion"},{"floor":5.0,"key":"SkillPotion"},{"floor":12.0,"key":"Fire Potion"},{"floor":13.0,"key":"Block Potion"},{"floor":16.0,"key":"PowerPotion"},{"floor":22.0,"key":"FearPotion"},{"floor":25.0,"key":"SneckoOil"},{"floor":29.0,"key":"AttackPotion"},{"floor":31.0,"key":"Strength Potion"},{"floor":33.0,"key":"FearPotion"},{"floor":38.0,"key":"LiquidBronze"},{"floor":40.0,"key":"FearPotion"},{"floor":46.0,"key":"Swift Potion"},{"floor":48.0,"key":"SpeedPotion"}],"is_trial":false,"path_per_floor":["M","?","M","M","M","R","?","M","T","M","E","M","M","M","R","B",null,"M","$","M","?","M","E","R","M","T","M","?","M","$","M","R","B",null,"M","?","$","M","$","E","?","R","T","R","M","M","M","E","R","B",null],"character_chosen":"DEFECT","items_purchased":["Gash","Shuriken","Gash"],"campfire_rested":4,"item_purchase_floors":[19,19,37],"current_hp_per_floor":[71,71,71,71,60,60,60,60,60,53,44,45,48,49,49,42,75,72,72,66,57,54,28,65,61,71,72,72,74,74,69,69,71,85,63,63,63,60,60,23,23,63,63,85,69,55,34,48,89,24],"gold":163,"neow_bonus":"RANDOM_COLORLESS_2","is_prod":false,"is_daily":false,"chose_seed":false,"campfire_upgraded":3,"win_rate":0.0,"timestamp":1547700434,"path_taken":["M","?","M","M","M","R","?","M","T","M","E","M","M","?","R","BOSS","M","$","M","?","M","E","R","M","T","M","?","M","?","?","R","BOSS","M","?","$","M","$","E","?","R","T","R","M","M","?","E","R","BOSS"],"build_version":"2018-11-15","purchased_purges":4,"victory":true,"max_hp_per_floor":[75,75,75,75,75,75,75,75,75,75,75,75,75,75,75,75,75,75,75,75,75,75,75,75,75,85,85,85,85,85,85,85,85,85,85,85,85,85,85,85,85,85,85,85,87,87,89,89,89,89],"card_choices":[{"not_picked":["Compile Driver","Cold Snap"],"picked":"Coolheaded","floor":1.0},{"not_picked":["Stack","Ball Lightning"],"picked":"Reprogram","floor":3.0},{"not_picked":["Streamline","Darkness"],"picked":"Go for the Eyes","floor":4.0},{"not_picked":["Redo","Stack"],"picked":"Steam","floor":5.0},{"not_picked":["Skim","Static Discharge"],"picked":"Seek","floor":8.0},{"not_picked":["Sweeping Beam","Leap"],"picked":"Conserve Battery","floor":10.0},{"not_picked":["White Noise","Cold Snap"],"picked":"Gash","floor":11.0},{"not_picked":["Static Discharge","Coolheaded"],"picked":"Beam Cell","floor":12.0},{"not_picked":["Go for the Eyes","Turbo","Loop"],"picked":"SKIP","floor":13.0},{"not_picked":["Capacitor","Tempest"],"picked":"White Noise","floor":14.0},{"not_picked":["Hyperbeam","Core Surge"],"picked":"All For One","floor":16.0},{"not_picked":["Steam","Compile Driver","Sweeping Beam+1"],"picked":"SKIP","floor":18.0},{"not_picked":["Rip and Tear+1","Stack"],"picked":"Hologram","floor":20.0},{"not_picked":["BootSequence","Cold Snap","Compile Driver"],"picked":"SKIP","floor":22.0},{"not_picked":["Coolheaded","Stack","Genetic Algorithm"],"picked":"SKIP","floor":23.0},{"not_picked":["Genetic Algorithm+1","Cold Snap","Double Energy"],"picked":"SKIP","floor":25.0},{"not_picked":["Stack+1","Go for the Eyes"],"picked":"Machine Learning","floor":27.0},{"not_picked":["Capacitor+1","Leap","Melter"],"picked":"SKIP","floor":29.0},{"not_picked":["Genetic Algorithm","Sunder+1","Redo"],"picked":"SKIP","floor":31.0},{"not_picked":["Core Surge","Creative AI"],"picked":"Echo Form","floor":33.0},{"not_picked":["Leap","Loop","Melter"],"picked":"SKIP","floor":35.0},{"not_picked":["Leap","Conserve Battery","Go for the Eyes+1"],"picked":"SKIP","floor":38.0},{"not_picked":["Rebound","Reboot"],"picked":"Gash","floor":40.0},{"not_picked":["Hologram+1","Melter","Blizzard+1","Stack"],"picked":"Singing Bowl","floor":45.0},{"not_picked":["Heatsinks+1","White Noise","Redo+1"],"picked":"Gash","floor":46.0},{"not_picked":["Sweeping Beam","Turbo","Meteor Strike","Compile Driver+1"],"picked":"Singing Bowl","floor":47.0},{"not_picked":["Rainbow","Turbo+1","Coolheaded+1"],"picked":"Gash+1","floor":48.0}],"player_experience":291828,"relics_obtained":[{"floor":9.0,"key":"Regal Pillow"},{"floor":11.0,"key":"Meat on the Bone"},{"floor":23.0,"key":"Omamori"},{"floor":23.0,"key":"Smiling Mask"},{"floor":26.0,"key":"Pear"},{"floor":40.0,"key":"Singing Bowl"},{"floor":40.0,"key":"Question Card"},{"floor":43.0,"key":"Bottled Flame"},{"floor":48.0,"key":"Turnip"},{"floor":48.0,"key":"Pocketwatch"}],"event_choices":[{"damage_healed":0.0,"max_hp_gain":0.0,"max_hp_loss":0.0,"gold_gain":0.0,"event_name":"Big Fish","player_choice":"Box","floor":2.0,"gold_loss":0.0,"damage_taken":0.0,"relics_obtained":["Blood Vial"],"cards_obtained":["Regret"]},{"damage_healed":0.0,"max_hp_gain":0.0,"max_hp_loss":0.0,"gold_gain":100.0,"event_name":"Golden Shrine","player_choice":"Pray","floor":7.0,"gold_loss":0.0,"damage_taken":0.0},{"damage_healed":0.0,"max_hp_gain":0.0,"max_hp_loss":0.0,"gold_gain":0.0,"event_name":"Cursed Tome","player_choice":"Stopped","floor":21.0,"gold_loss":0.0,"damage_taken":9.0},{"cards_removed":["Strike_B"],"damage_healed":0.0,"max_hp_gain":0.0,"max_hp_loss":0.0,"gold_gain":0.0,"event_name":"Back to Basics","player_choice":"Elegance","floor":28.0,"gold_loss":0.0,"damage_taken":0.0},{"damage_healed":0.0,"max_hp_gain":0.0,"max_hp_loss":0.0,"gold_gain":0.0,"event_name":"Tomb of Lord Red Mask","player_choice":"Ignored","floor":36.0,"gold_loss":0.0,"damage_taken":0.0},{"damage_healed":0.0,"max_hp_gain":0.0,"max_hp_loss":0.0,"gold_gain":0.0,"event_name":"The Moai Head","player_choice":"Ignored","floor":41.0,"gold_loss":0.0,"damage_taken":0.0}],"is_beta":false,"boss_relics":[{"not_picked":["FrozenCore","Philosopher\u0027s Stone"],"picked":"Black Star"},{"not_picked":["Velvet Choker","Runic Dome"],"picked":"Fusion Hammer"}],"items_purged_floors":[19,30,37,39],"is_endless":false,"potions_floor_spawned":[4,5,12,13,16,22,25,29,31,33,38,40,46,48],"ascension_level":0}