{"gold_per_floor":[112,132,4,18,18,18,18,18,18,18,18,34,34,34,34,137,137,147,147,9,9,9,9,19,19,19,32,32,32,32,46,46,147,147,157,171,171,171,171,171,198,198,198,214,214,214,214,18,18,18],"floor_reached":50,"playtime":2615,"items_purged":["Strike_R","Strike_R","Clothesline"],"score":477,"play_id":"ab7bba7d-f316-4da1-b023-5588b99be238","local_time":"20190204082410","is_ascension_mode":false,"campfire_choices":[{"data":"Bash","floor":6,"key":"SMITH"},{"data":"Armaments","floor":8,"key":"SMITH"},{"data":"Body Slam","floor":11,"key":"SMITH"},{"data":"Cleave","floor":13,"key":"SMITH"},{"data":"Defend_R","floor":15,"key":"SMITH"},{"data":"Barricade","floor":23,"key":"SMITH"},{"data":"Uppercut","floor":25,"key":"SMITH"},{"floor":32,"key":"REST"},{"data":"Double Tap","floor":40,"key":"SMITH"},{"floor":42,"key":"REST"},{"floor":45,"key":"REST"},{"floor":49,"key":"REST"}],"neow_cost":"NONE","seed_source_timestamp":49127646738903,"circlet_count":0,"master_deck":["Defend_R","Defend_R+1","Defend_R","Defend_R","Bash+1","Inflame+1","Body Slam+1","Armaments+1","Cleave+1","Barricade+1","Infernal Blade+1","Uppercut+1","Rage+1","Double Tap+1","Pommel Strike+1","PanicButton","Ghostly Armor","Shrug It Off","Entrench"],"relics":["Burning Blood","Juzu Bracelet","Velvet Choker","Unceasing Top","Enchiridion","Philosopher\u0027s Stone","Self Forming Clay","Shuriken"],"potions_floor_usage":[33,41,44,50],"damage_taken":[{"damage":1,"enemies":"Jaw Worm","floor":1,"turns":5},{"damage":1,"enemies":"Cultist","floor":2,"turns":3},{"damage":10,"enemies":"Small Slimes","floor":4,"turns":5},{"damage":21,"enemies":"3 Louse","floor":12,"turns":5},{"damage":70,"enemies":"Hexaghost","floor":16,"turns":11},{"damage":6,"enemies":"Shell Parasite","floor":18,"turns":7},{"damage":0,"enemies":"Spheric Guardian","floor":24,"turns":4},{"damage":17,"enemies":"Snake Plant","floor":27,"turns":4},{"damage":7,"enemies":"Centurion and Healer","floor":31,"turns":7},{"damage":33,"enemies":"Collector","floor":33,"turns":13},{"damage":5,"enemies":"Orb Walker","floor":35,"turns":3},{"damage":20,"enemies":"3 Darklings","floor":36,"turns":5},{"damage":82,"enemies":"Reptomancer","floor":41,"turns":6},{"damage":36,"enemies":"Sphere and 2 Shapes","floor":44,"turns":6},{"damage":86,"enemies":"Donu and Deca","floor":50,"turns":10}],"seed_played":"4735256158180468280","potions_obtained":[{"floor":2,"key":"SpeedPotion"},{"floor":4,"key":"Poison Potion"},{"floor":18,"key":"Regen Potion"},{"floor":24,"key":"Regen Potion"},{"floor":41,"key":"Poison Potion"}],"is_trial":false,"path_per_floor":["M","M","$","M","?","R","$","R","T","?","R","M","R","?","R","B",null,"M","?","$","?","?","R","M","R","T","M","?","?","?","M","R","B",null,"M","M","?","?","?","R","E","R","T","M","R","?","?","$","R","B"],"character_chosen":"IRONCLAD","items_purchased":["Armaments","Uppercut","Entrench"],"campfire_rested":4,"item_purchase_floors":[3,20,48],"current_hp_per_floor":[88,88,88,84,84,84,84,84,84,89,89,74,74,74,74,10,93,93,93,93,93,93,93,93,93,93,82,82,66,48,47,76,64,98,98,84,84,84,84,84,20,49,49,19,48,48,48,48,75,0],"gold":18,"neow_bonus":"TEN_PERCENT_HP_BONUS","is_prod":false,"is_daily":false,"chose_seed":false,"campfire_upgraded":8,"win_rate":0.0,"timestamp":1549265050,"path_taken":["M","M","$","M","?","R","?","R","T","?","R","M","R","?","R","BOSS","M","?","$","?","?","R","M","R","T","M","?","?","?","M","R","BOSS","M","M","?","?","?","R","E","R","T","M","R","?","?","$","R","BOSS"],"build_version":"2019-01-23","purchased_purges":3,"victory":false,"max_hp_per_floor":[88,88,88,88,88,88,88,88,88,93,93,93,93,93,93,93,93,93,93,93,93,93,93,93,93,93,93,93,93,98,98,98,98,98,98,98,98,98,98,98,98,98,98,98,98,98,93,93,93,93],"card_choices":[{"not_picked":["True Grit","Warcry"],"picked":"Inflame","floor":1},{"not_picked":["True Grit","Metallicize"],"picked":"Body Slam","floor":2},{"not_picked":["Blood for Blood","Dropkick","True Grit"],"picked":"SKIP","floor":4},{"not_picked":["Infernal Blade","Headbutt"],"picked":"Cleave","floor":12},{"not_picked":["Bludgeon","Demon Form"],"picked":"Barricade","floor":16},{"not_picked":["Perfected Strike","True Grit"],"picked":"Infernal Blade+1","floor":18},{"not_picked":["Twin Strike","Heavy Blade"],"picked":"Clothesline","floor":24},{"not_picked":["Battle Trance","Hemokinesis"],"picked":"Uppercut+1","floor":27},{"not_picked":["Cleave","Fiend Fire"],"picked":"Rage+1","floor":31},{"not_picked":["Offering","Brutality"],"picked":"Double Tap","floor":33},{"not_picked":["Body Slam+1","Perfected Strike"],"picked":"Pommel Strike+1","floor":35},{"not_picked":["Rampage","Twin Strike","True Grit"],"picked":"SKIP","floor":36},{"not_picked":["Dark Shackles","Dramatic Entrance"],"picked":"PanicButton","floor":38},{"not_picked":["Warcry+1","Blood for Blood+1"],"picked":"Ghostly Armor","floor":41},{"not_picked":["Armaments+1","Disarm"],"picked":"Shrug It Off","floor":44}],"player_experience":10979,"relics_obtained":[{"floor":9,"key":"Juzu Bracelet"},{"floor":26,"key":"Unceasing Top"},{"floor":29,"key":"Enchiridion"},{"floor":41,"key":"Self Forming Clay"},{"floor":43,"key":"Shuriken"}],"event_choices":[{"damage_healed":0,"gold_gain":0,"player_choice":"Upgraded","damage_taken":0,"max_hp_gain":0,"max_hp_loss":0,"event_name":"Upgrade Shrine","floor":5,"gold_loss":0,"cards_upgraded":["Inflame"]},{"damage_healed":0,"gold_gain":0,"player_choice":"Donut","damage_taken":0,"max_hp_gain":5,"max_hp_loss":0,"event_name":"Big Fish","floor":10,"gold_loss":0},{"cards_removed":["Strike_R"],"damage_healed":0,"gold_gain":0,"player_choice":"Offered Basic","damage_taken":0,"max_hp_gain":0,"max_hp_loss":0,"event_name":"Bonfire Elementals","floor":14,"gold_loss":0},{"cards_removed":["Strike_R"],"damage_healed":0,"gold_gain":0,"player_choice":"Elegance","damage_taken":0,"max_hp_gain":0,"max_hp_loss":0,"event_name":"Back to Basics","floor":19,"gold_loss":0},{"cards_removed":["Strike_R"],"damage_healed":0,"gold_gain":0,"player_choice":"Purged","damage_taken":0,"max_hp_gain":0,"max_hp_loss":0,"event_name":"Purifier","floor":21,"gold_loss":0},{"damage_healed":0,"gold_gain":0,"player_choice":"Ignored","damage_taken":0,"max_hp_gain":0,"max_hp_loss":0,"event_name":"Vampires","floor":22,"gold_loss":0},{"damage_healed":0,"gold_gain":0,"player_choice":"Ignored","damage_taken":0,"max_hp_gain":0,"max_hp_loss":0,"event_name":"N\u0027loth","floor":28,"gold_loss":0},{"damage_healed":0,"gold_gain":0,"player_choice":"Obtained Book","damage_taken":16,"max_hp_gain":0,"max_hp_loss":0,"event_name":"Cursed Tome","floor":29,"gold_loss":0},{"damage_healed":0,"gold_gain":0,"player_choice":"Shed Blood","damage_taken":23,"max_hp_gain":5,"max_hp_loss":0,"event_name":"Forgotten Altar","floor":30,"gold_loss":0},{"cards_removed":["Uppercut"],"damage_healed":0,"gold_gain":0,"player_choice":"Removed Attack","damage_taken":0,"max_hp_gain":0,"max_hp_loss":0,"event_name":"Falling","floor":37,"gold_loss":0},{"damage_healed":0,"gold_gain":0,"player_choice":"Memory 1","damage_taken":0,"max_hp_gain":0,"max_hp_loss":0,"event_name":"SensoryStone","floor":38,"gold_loss":0},{"damage_healed":0,"gold_gain":0,"player_choice":"Ignored","damage_taken":0,"max_hp_gain":0,"max_hp_loss":0,"event_name":"SecretPortal","floor":39,"gold_loss":0},{"damage_healed":0,"gold_gain":0,"player_choice":"Ignored","damage_taken":0,"max_hp_gain":0,"max_hp_loss":0,"event_name":"Mysterious Sphere","floor":46,"gold_loss":0},{"damage_healed":0,"gold_gain":0,"player_choice":"Max HP","damage_taken":0,"max_hp_gain":0,"max_hp_loss":5,"event_name":"Winding Halls","floor":47,"gold_loss":0}],"is_beta":false,"boss_relics":[{"not_picked":["Cursed Key","Busted Crown"],"picked":"Velvet Choker"},{"not_picked":["Runic Pyramid","Runic Cube"],"picked":"Philosopher\u0027s Stone"}],"items_purged_floors":[3,20,48],"is_endless":false,"potions_floor_spawned":[2,4,18,24,41],"killed_by":"Donu and Deca","ascension_level":0}