{"gold_per_floor":[113,129,146,164,177,177,208,208,234,254,266,266,266],"floor_reached":13,"playtime":410,"items_purged":[],"score":178,"play_id":"a3dccf8c-c6ac-4019-991e-3a3b8fa0043b","local_time":"20190221173222","is_ascension_mode":true,"campfire_choices":[{"data":"True Grit","floor":6.0,"key":"SMITH"}],"neow_cost":"NONE","seed_source_timestamp":0,"circlet_count":0,"master_deck":["AscendersBane","Strike_R","Strike_R","Strike_R","Strike_R","Defend_R","Defend_R","Defend_R","Defend_R","Bash","Wild Strike","True Grit+1","Iron Wave","Second Wind","Uppercut","Iron Wave","Perfected Strike"],"special_seed":0,"relics":["Burning Blood","Orichalcum","Dream Catcher","Potion Belt"],"potions_floor_usage":[7,7],"damage_taken":[{"damage":4.0,"enemies":"Small Slimes","floor":1.0,"turns":4.0},{"damage":14.0,"enemies":"2 Louse","floor":2.0,"turns":3.0},{"damage":7.0,"enemies":"Jaw Worm","floor":3.0,"turns":6.0},{"damage":19.0,"enemies":"Large Slime","floor":4.0,"turns":7.0},{"damage":14.0,"enemies":"Blue Slaver","floor":5.0,"turns":4.0},{"damage":28,"enemies":"Lagavulin","floor":7,"turns":7},{"damage":11,"enemies":"Exordium Thugs","floor":10,"turns":5},{"damage":16,"enemies":"3 Louse","floor":11,"turns":5}],"seed_played":"-5055468006685424572","potions_obtained":[{"floor":3.0,"key":"Weak Potion"},{"floor":4.0,"key":"Swift Potion"},{"floor":5.0,"key":"Energy Potion"},{"floor":7,"key":"Energy Potion"}],"is_trial":false,"path_per_floor":["M","M","M","M","M","R","E","?","T","M","M","?","?"],"character_chosen":"IRONCLAD","items_purchased":[],"campfire_rested":0,"item_purchase_floors":[],"current_hp_per_floor":[77,69,68,55,47,47,25,25,25,20,10,5,0],"gold":266,"neow_bonus":"TEN_PERCENT_HP_BONUS","is_prod":false,"is_daily":false,"chose_seed":false,"campfire_upgraded":1,"win_rate":0,"timestamp":1550737942,"path_taken":["M","M","M","M","M","R","E","?","T","M","M","?","?"],"build_version":"2019-01-23","purchased_purges":0,"victory":false,"max_hp_per_floor":[82,82,82,82,82,82,82,82,82,82,82,82,82],"card_choices":[{"not_picked":["Havoc","Rupture"],"picked":"Wild Strike","floor":1.0},{"not_picked":["Uppercut","Body Slam"],"picked":"True Grit","floor":2.0},{"not_picked":["Warcry","Pommel Strike"],"picked":"Iron Wave","floor":3.0},{"not_picked":["Heavy Blade","Armaments"],"picked":"Second Wind","floor":4.0},{"not_picked":["Flex","Metallicize"],"picked":"Uppercut","floor":5.0},{"not_picked":["Seeing Red","Thunderclap","Searing Blow"],"picked":"SKIP","floor":7},{"not_picked":["Fire Breathing","Wild Strike"],"picked":"Iron Wave","floor":10},{"not_picked":["Pummel","Combust"],"picked":"Perfected Strike","floor":11}],"player_experience":1150286,"relics_obtained":[{"floor":7,"key":"Orichalcum"},{"floor":9,"key":"Dream Catcher"}],"event_choices":[{"cards_removed":["Strike_R"],"damage_healed":0,"gold_gain":0,"player_choice":"Forget","damage_taken":0,"max_hp_gain":0,"max_hp_loss":0,"event_name":"Living Wall","floor":8,"gold_loss":0},{"damage_healed":0,"gold_gain":0,"player_choice":"Success","damage_taken":5,"relics_obtained":["Potion Belt"],"max_hp_gain":0,"max_hp_loss":0,"event_name":"Scrap Ooze","floor":12,"gold_loss":0}],"is_beta":false,"boss_relics":[],"items_purged_floors":[],"is_endless":false,"potions_floor_spawned":[3,4,5,7],"ascension_level":20}