{"gold_per_floor":[110,123,123,48,198,198,231,231,302,314,314,314,331,343,343,419,419,436,436],"floor_reached":19,"playtime":435,"items_purged":[],"score":384,"play_id":"041f584c-b073-4f46-af8a-75cbf172c74b","local_time":"20190220150004","is_ascension_mode":true,"campfire_choices":[{"data":"Bash","floor":6.0,"key":"SMITH"},{"data":"Flex","floor":8.0,"key":"SMITH"},{"data":"Heavy Blade","floor":12.0,"key":"SMITH"},{"data":"Heavy Blade","floor":15,"key":"SMITH"}],"neow_cost":"NONE","seed_source_timestamp":0,"circlet_count":0,"master_deck":["AscendersBane","Strike_R","Strike_R","Strike_R","Strike_R","Strike_R","Defend_R","Defend_R","Defend_R","Bash+1","Heavy Blade+1","Iron Wave","Doubt","Flex+1","Shrug It Off","Warcry","Heavy Blade+1","Impervious","Flex"],"special_seed":0,"relics":["Burning Blood","NeowsBlessing","Happy Flower","Anchor","Gremlin Horn","Coffee Dripper"],"potions_floor_usage":[16],"damage_taken":[{"damage":0.0,"enemies":"2 Louse","floor":1.0,"turns":2.0},{"damage":0.0,"enemies":"Jaw Worm","floor":2.0,"turns":1.0},{"damage":0.0,"enemies":"Lagavulin","floor":7.0,"turns":1.0},{"damage":0.0,"enemies":"Small Slimes","floor":10.0,"turns":3.0},{"damage":0.0,"enemies":"Exordium Thugs","floor":13.0,"turns":4.0},{"damage":0,"enemies":"Large Slime","floor":14,"turns":5},{"damage":64,"enemies":"Slime Boss","floor":16,"turns":8},{"damage":52,"enemies":"Spheric Guardian","floor":18,"turns":6},{"damage":20,"enemies":"Shell Parasite","floor":19,"turns":4}],"seed_played":"-2581605954827010229","potions_obtained":[{"floor":7.0,"key":"FairyPotion"},{"floor":13,"key":"SkillPotion"},{"floor":16,"key":"LiquidBronze"}],"is_trial":false,"path_per_floor":["M","M","?","?","?","R","E","R","T","M","?","R","M","M","R","B",null,"M","M"],"character_chosen":"IRONCLAD","items_purchased":[],"campfire_rested":0,"item_purchase_floors":[],"current_hp_per_floor":[74,75,57,57,57,57,63,63,63,69,69,69,75,75,75,17,61,15,0],"gold":436,"neow_bonus":"THREE_ENEMY_KILL","is_prod":false,"is_daily":false,"chose_seed":false,"campfire_upgraded":4,"win_rate":0,"timestamp":1550642404,"path_taken":["M","M","?","?","?","R","E","R","T","M","?","R","M","M","R","BOSS","M","M"],"build_version":"2019-01-23","purchased_purges":0,"victory":false,"max_hp_per_floor":[75,75,75,75,75,75,75,75,75,75,75,75,75,75,75,75,75,75,75],"card_choices":[{"not_picked":["Havoc","Combust"],"picked":"Heavy Blade","floor":1.0},{"not_picked":["Ghostly Armor","Warcry"],"picked":"Iron Wave","floor":2.0},{"not_picked":["True Grit","Sword Boomerang"],"picked":"Flex","floor":7.0},{"not_picked":["Havoc","Clash"],"picked":"Shrug It Off","floor":10.0},{"not_picked":["True Grit","Sever Soul"],"picked":"Warcry","floor":13},{"not_picked":["Burning Pact","Flame Barrier"],"picked":"Heavy Blade","floor":14},{"not_picked":["Juggernaut","Exhume"],"picked":"Impervious","floor":16},{"not_picked":["Clash+1","Pommel Strike"],"picked":"Flex","floor":18}],"player_experience":1145474,"relics_obtained":[{"floor":7.0,"key":"Anchor"}],"event_choices":[{"damage_healed":0.0,"max_hp_gain":0.0,"max_hp_loss":0.0,"gold_gain":0.0,"event_name":"Scrap Ooze","player_choice":"Success","floor":3.0,"gold_loss":0.0,"damage_taken":18.0,"relics_obtained":["Happy Flower"]},{"cards_removed":["Defend_R"],"damage_healed":0.0,"max_hp_gain":0.0,"max_hp_loss":0.0,"gold_gain":0.0,"event_name":"The Cleric","player_choice":"Card Removal","floor":4.0,"gold_loss":75.0,"damage_taken":0.0},{"damage_healed":0.0,"max_hp_gain":0.0,"max_hp_loss":0.0,"gold_gain":150.0,"event_name":"Liars Game","player_choice":"AGREE","floor":5.0,"gold_loss":0.0,"damage_taken":0.0,"cards_obtained":["Doubt"]},{"damage_healed":0.0,"max_hp_gain":0.0,"max_hp_loss":0.0,"gold_gain":0.0,"event_name":"WeMeetAgain","player_choice":"Gave Potion","floor":11.0,"gold_loss":0.0,"damage_taken":0.0,"relics_obtained":["Gremlin Horn"]}],"is_beta":false,"boss_relics":[{"not_picked":["Calling Bell","Black Star"],"picked":"Coffee Dripper"}],"items_purged_floors":[],"is_endless":false,"potions_floor_spawned":[7,13,16],"killed_by":"Shell Parasite","ascension_level":20}