{"gold_per_floor":[114,127,141,157,171,200,200,232,258,108,141,194,213,213,213,316,316,332,42,58,58,58,58,78,107,107,136,156,156,156,171,171,270,270,287,1286,408,408,408,408,433,453,453,471,522,522,91,111,111,111],"floor_reached":51,"playtime":2497,"items_purged":[],"score":1510,"play_id":"7cb62b63-3660-4389-89c5-726c5c9b4f5b","local_time":"20190207215429","daily_mods":["Hoarder","Insanity","Heirloom","Time Dilation"],"is_ascension_mode":false,"campfire_choices":[{"data":"Hyperbeam","floor":7.0,"key":"SMITH"},{"data":"Hyperbeam","floor":15.0,"key":"SMITH"},{"data":"Static Discharge","floor":23,"key":"SMITH"},{"floor":30,"key":"REST"},{"floor":32,"key":"REST"},{"floor":40,"key":"REST"},{"floor":46,"key":"REST"},{"data":"Mind Blast","floor":49,"key":"SMITH"}],"neow_cost":"","seed_source_timestamp":0,"circlet_count":0,"master_deck":["Reprogram","Beam Cell","Ball Lightning","Steam","Stack","Ball Lightning","Loop","Leap","Compile Driver","Glacier","Undo","White Noise","Ball Lightning","Barrage","Capacitor","Sweeping Beam","Sweeping Beam","Steam","Recycle","Leap","Reprogram","Steam","Gash","Stack","Redo","Hologram","Static Discharge","Streamline","Melter","Ball Lightning","Beam Cell","Steam","Fusion","Barrage","Coolheaded","Sweeping Beam","Static Discharge+1","Aggregate","Sweeping Beam","Beam Cell","Streamline","Beam Cell","Reinforced Body","Leap","Barrage","Conserve Battery","Cold Snap","Redo","Beam Cell","Steam","Self Repair","Self Repair","Self Repair","Beam Cell","Beam Cell","Beam Cell","Genetic Algorithm","Genetic Algorithm","Genetic Algorithm","Conserve Battery","Conserve Battery","Conserve Battery","Hyperbeam","Hyperbeam+1","Hyperbeam+1","Sweeping Beam","Sweeping Beam","Sweeping Beam","Reprogram","Reprogram","Reprogram","Echo Form","Echo Form","Echo Form","Redo","Redo","Zap","Zap","Zap","Good Instincts","Good Instincts","Good Instincts","Hyperbeam","Hyperbeam","Hyperbeam","Stack","Stack","Stack","Sweeping Beam","Sweeping Beam","Sweeping Beam","Shame","Shame","Shame","Defragment+1","Defragment+1","Defragment+1","Reinforced Body","Reinforced Body","Reinforced Body","Glacier","Glacier","Glacier","Cold Snap+1","Cold Snap+1","Cold Snap+1","RitualDagger","RitualDagger","RitualDagger","Sweeping Beam+1","Sweeping Beam+1","Sweeping Beam+1","Machine Learning","Machine Learning","Machine Learning","White Noise","White Noise","White Noise","Normality","Normality","Normality","Normality","Normality","Normality","Static Discharge","Static Discharge","Static Discharge","Dramatic Entrance","Dramatic Entrance","Dramatic Entrance","Dramatic Entrance","Dramatic Entrance","Dramatic Entrance","Finesse","Finesse","Finesse","Barrage","Barrage","Barrage","Hologram+1","Hologram+1","Hologram+1","Streamline+1","Streamline+1","Streamline+1","Seek","Seek","Seek","Mind Blast","Mind Blast","Mind Blast+1","Dramatic Entrance","Dramatic Entrance","Dramatic Entrance","Beam Cell","Beam Cell","Beam Cell"],"special_seed":0,"relics":["Cracked Core","Gambling Chip","DataDisk","Happy Flower","Pen Nib","Lantern","Orichalcum","Inserter","FossilizedHelix","Strawberry","Art of War","Blood Vial","Thread and Needle","Anchor","Nuclear Battery","Turnip","Du-Vu Doll","Toolbox","The Courier","Dead Branch","Unceasing Top","Medical Kit","Potion Belt"],"potions_floor_usage":[20,28,33,33,48],"damage_taken":[{"damage":0.0,"enemies":"Small Slimes","floor":1.0,"turns":1.0},{"damage":11.0,"enemies":"Jaw Worm","floor":2.0,"turns":2.0},{"damage":0.0,"enemies":"Cultist","floor":3.0,"turns":2.0},{"damage":6.0,"enemies":"Exordium Wildlife","floor":4.0,"turns":2.0},{"damage":7.0,"enemies":"Red Slaver","floor":5.0,"turns":2.0},{"damage":9.0,"enemies":"3 Sentries","floor":6.0,"turns":2.0},{"damage":23.0,"enemies":"Lagavulin","floor":8.0,"turns":5.0},{"damage":6.0,"enemies":"3 Sentries","floor":11.0,"turns":2.0},{"damage":0.0,"enemies":"Looter","floor":13.0,"turns":1.0},{"damage":14.0,"enemies":"Slime Boss","floor":16.0,"turns":7.0},{"damage":21,"enemies":"2 Thieves","floor":18,"turns":4},{"damage":6,"enemies":"Shell Parasite","floor":20,"turns":4},{"damage":35,"enemies":"Shelled Parasite and Fungi","floor":24,"turns":5},{"damage":0,"enemies":"Slavers","floor":25,"turns":1},{"damage":41,"enemies":"Book of Stabbing","floor":27,"turns":5},{"damage":5,"enemies":"Centurion and Healer","floor":28,"turns":7},{"damage":0,"enemies":"Chosen and Byrds","floor":31,"turns":5},{"damage":20,"enemies":"Collector","floor":33,"turns":8},{"damage":0,"enemies":"3 Shapes","floor":35,"turns":3},{"damage":0,"enemies":"Giant Head","floor":41,"turns":5},{"damage":0,"enemies":"Orb Walker","floor":42,"turns":1},{"damage":0,"enemies":"Maw","floor":44,"turns":2},{"damage":0,"enemies":"2 Orb Walkers","floor":45,"turns":1},{"damage":0,"enemies":"Transient","floor":48,"turns":1},{"damage":0,"enemies":"Time Eater","floor":50,"turns":1}],"seed_played":"982312605176665203","potions_obtained":[{"floor":1.0,"key":"FocusPotion"},{"floor":4.0,"key":"Dexterity Potion"},{"floor":6.0,"key":"Poison Potion"},{"floor":11.0,"key":"Regen Potion"},{"floor":27,"key":"Poison Potion"},{"floor":28,"key":"Ancient Potion"},{"floor":42,"key":"PowerPotion"},{"floor":45,"key":"Energy Potion"},{"floor":48,"key":"EssenceOfSteel"}],"is_trial":true,"path_per_floor":["M","M","M","M","M","E","R","E","T","$","E","?","M","?","R","B",null,"M","$","M","?","?","R","M","E","T","E","M","?","R","M","R","B",null,"M","?","$","?","?","R","E","M","T","M","?","R","$","M","R","B",null],"character_chosen":"DEFECT","items_purchased":["Lantern","FossilizedHelix","Turnip","Du-Vu Doll","Toolbox","Static Discharge","Mind Blast","Dramatic Entrance","Medical Kit","Potion Belt"],"campfire_rested":4,"item_purchase_floors":[10,19,37,37,37,37,47,47,47,47],"current_hp_per_floor":[75,64,64,58,51,42,42,26,26,26,20,20,20,20,20,20,75,61,61,75,82,82,82,61,61,61,29,26,20,44,46,70,59,82,82,82,82,72,72,82,82,82,82,82,82,82,82,82,82,82],"gold":111,"neow_bonus":"","is_prod":false,"is_daily":false,"chose_seed":false,"campfire_upgraded":4,"win_rate":0,"timestamp":1549605269,"path_taken":["M","M","M","M","M","E","R","E","T","$","E","?","M","?","R","BOSS","M","$","M","?","?","R","M","E","T","E","?","?","R","M","R","BOSS","M","?","$","?","?","R","E","M","T","M","?","R","$","M","R","BOSS"],"build_version":"2019-01-23","purchased_purges":0,"victory":true,"max_hp_per_floor":[75,75,75,75,75,75,75,75,75,75,75,75,75,75,75,75,75,75,75,75,82,82,82,82,82,82,82,82,82,82,82,82,82,82,82,82,82,82,82,82,82,82,82,82,82,82,82,82,82,82],"card_choices":[{"not_picked":["Double Energy","Leap"],"picked":"Self Repair","floor":1.0},{"not_picked":["Go for the Eyes","Defragment"],"picked":"Beam Cell","floor":2.0},{"not_picked":["Hello World","Static Discharge"],"picked":"Genetic Algorithm","floor":3.0},{"not_picked":["Coolheaded","Stack"],"picked":"Conserve Battery","floor":4.0},{"not_picked":["Redo","Cold Snap"],"picked":"Hyperbeam","floor":5.0},{"not_picked":["Storm","Chaos"],"picked":"Sweeping Beam","floor":6.0},{"not_picked":["Darkness","Rebound"],"picked":"Reprogram","floor":8.0},{"not_picked":["Undo","Rebound"],"picked":"Echo Form","floor":11.0},{"not_picked":["Compile Driver","Gash"],"picked":"Redo","floor":13.0},{"not_picked":["Electrodynamics","Reboot"],"picked":"Hyperbeam","floor":16.0},{"not_picked":["Genetic Algorithm+1","Sweeping Beam+1"],"picked":"Stack","floor":18},{"not_picked":["Hello World","Go for the Eyes"],"picked":"Sweeping Beam","floor":20},{"not_picked":["Beam Cell","Sweeping Beam"],"picked":"Defragment+1","floor":24},{"not_picked":["Turbo","Darkness"],"picked":"Reinforced Body","floor":25},{"not_picked":["Coolheaded","Rebound"],"picked":"Glacier","floor":27},{"not_picked":["Gash","Skim"],"picked":"Cold Snap+1","floor":28},{"not_picked":["Leap","Storm"],"picked":"Sweeping Beam+1","floor":31},{"not_picked":["Core Surge","Thunder Strike"],"picked":"Machine Learning","floor":33},{"not_picked":["Redo+1","Compile Driver+1"],"picked":"White Noise","floor":35},{"not_picked":["Jack Of All Trades","Trip"],"picked":"Dramatic Entrance","floor":38},{"not_picked":["Panacea","Dark Shackles"],"picked":"Dramatic Entrance","floor":38},{"not_picked":["HandOfGreed","Sadistic Nature"],"picked":"Finesse","floor":38},{"not_picked":["Reinforced Body","Cold Snap"],"picked":"Barrage","floor":41},{"not_picked":["Redo","Stack+1"],"picked":"Hologram+1","floor":42},{"not_picked":["Cold Snap","Compile Driver"],"picked":"Streamline+1","floor":44},{"not_picked":["Redo+1","Coolheaded"],"picked":"Seek","floor":45},{"not_picked":["Compile Driver","Conserve Battery+1"],"picked":"Beam Cell","floor":48}],"player_experience":120512,"relics_obtained":[{"floor":6.0,"key":"DataDisk"},{"floor":8.0,"key":"Happy Flower"},{"floor":9.0,"key":"Pen Nib"},{"floor":11.0,"key":"Orichalcum"},{"floor":25,"key":"Blood Vial"},{"floor":26,"key":"Thread and Needle"},{"floor":27,"key":"Anchor"},{"floor":41,"key":"The Courier"},{"floor":43,"key":"Dead Branch"},{"floor":45,"key":"Unceasing Top"}],"event_choices":[{"damage_healed":0.0,"max_hp_gain":0.0,"max_hp_loss":0.0,"gold_gain":53.0,"event_name":"Golden Wing","player_choice":"Gained Gold","floor":12.0,"gold_loss":0.0,"damage_taken":0.0},{"damage_healed":0.0,"max_hp_gain":0.0,"max_hp_loss":0.0,"gold_gain":0.0,"event_name":"Match and Keep!","player_choice":"2 cards matched","floor":14.0,"gold_loss":0.0,"damage_taken":0.0,"cards_obtained":["Zap","Good Instincts"]},{"damage_healed":0,"gold_gain":0,"player_choice":"Stole Relic","damage_taken":0,"relics_obtained":["Strawberry"],"max_hp_gain":0,"max_hp_loss":0,"event_name":"Addict","floor":21,"gold_loss":0,"cards_obtained":["Shame"]},{"damage_healed":0,"gold_gain":0,"player_choice":"Gave Potion","damage_taken":0,"relics_obtained":["Art of War"],"max_hp_gain":0,"max_hp_loss":0,"event_name":"WeMeetAgain","floor":22,"gold_loss":0},{"damage_healed":0,"gold_gain":0,"player_choice":"Joined the Cult","damage_taken":6,"max_hp_gain":0,"max_hp_loss":0,"event_name":"Nest","floor":29,"gold_loss":0,"cards_obtained":["RitualDagger"]},{"damage_healed":0,"gold_gain":999,"player_choice":"Gold","damage_taken":0,"max_hp_gain":0,"max_hp_loss":0,"event_name":"MindBloom","floor":36,"gold_loss":0,"cards_obtained":["Normality","Normality"]},{"damage_healed":0,"gold_gain":0,"player_choice":"Memory 3","damage_taken":10,"max_hp_gain":0,"max_hp_loss":0,"event_name":"SensoryStone","floor":38,"gold_loss":0},{"cards_removed":["Redo"],"damage_healed":0,"gold_gain":0,"player_choice":"Removed Skill","damage_taken":0,"max_hp_gain":0,"max_hp_loss":0,"event_name":"Falling","floor":39,"gold_loss":0},{"damage_healed":0,"gold_gain":0,"player_choice":"Fight","damage_taken":0,"max_hp_gain":0,"max_hp_loss":0,"event_name":"Mysterious Sphere","floor":45,"gold_loss":0}],"is_beta":false,"boss_relics":[{"not_picked":["Empty Cage","Runic Pyramid"],"picked":"Inserter"},{"not_picked":["Philosopher\u0027s Stone","Busted Crown"],"picked":"Nuclear Battery"}],"items_purged_floors":[],"is_endless":false,"potions_floor_spawned":[1,4,6,11,13,18,27,28,42,45,48],"ascension_level":0}