{"gold_per_floor":[109,127,46,66,85,114,114,147,147,147,174,188,188,206,206,305,305,317,327,337,357,357],"floor_reached":22,"playtime":1310,"items_purged":[],"score":242,"play_id":"b2ee18c8-c8fc-4386-ab26-688e7afaf7f2","local_time":"20190205215824","is_ascension_mode":true,"campfire_choices":[{"data":"Bane","floor":7,"key":"SMITH"},{"floor":10,"key":"REST"},{"data":"Bane","floor":13,"key":"SMITH"},{"data":"Deadly Poison","floor":15,"key":"SMITH"}],"neow_cost":"NONE","seed_source_timestamp":775128419660523,"circlet_count":0,"master_deck":["Survivor","Neutralize","Bane+1","Prepared","Noxious Fumes","Noxious Fumes","Endless Agony","Burst","Sucker Punch","Bane+1","Deadly Poison+1","Wraith Form v2","Skewer","Masterful Stab","Dagger Throw","Endless Agony","Dodge and Roll","Choke","Bullet Time","Calculated Gamble","Footwork","A Thousand Cuts","Escape Plan","Poisoned Stab","Crippling Poison","Noxious Fumes"],"relics":["Ring of the Snake","PreservedInsect","Ornamental Fan","Mercury Hourglass","Dream Catcher","Pandora\u0027s Box"],"potions_floor_usage":[6,11,16,16,22],"damage_taken":[{"damage":1,"enemies":"Cultist","floor":1,"turns":5},{"damage":3,"enemies":"Small Slimes","floor":2,"turns":5},{"damage":4,"enemies":"Jaw Worm","floor":4,"turns":3},{"damage":4,"enemies":"Looter","floor":5,"turns":4},{"damage":21,"enemies":"Gremlin Nob","floor":6,"turns":5},{"damage":27,"enemies":"3 Sentries","floor":8,"turns":6},{"damage":10,"enemies":"Gremlin Nob","floor":11,"turns":3},{"damage":6,"enemies":"Blue Slaver","floor":12,"turns":3},{"damage":0,"enemies":"Large Slime","floor":14,"turns":4},{"damage":11,"enemies":"Hexaghost","floor":16,"turns":9},{"damage":17,"enemies":"3 Byrds","floor":18,"turns":4},{"damage":0,"enemies":"Chosen","floor":19,"turns":3},{"damage":19,"enemies":"3 Cultists","floor":20,"turns":4},{"damage":15,"enemies":"Snecko","floor":21,"turns":5},{"damage":32,"enemies":"Cultist and Chosen","floor":22,"turns":4}],"seed_played":"1086592464239752790","potions_obtained":[{"floor":1,"key":"GhostInAJar"},{"floor":5,"key":"Strength Potion"},{"floor":8,"key":"FearPotion"},{"floor":14,"key":"Block Potion"},{"floor":16,"key":"Ancient Potion"},{"floor":19,"key":"AttackPotion"}],"is_trial":false,"path_per_floor":["M","M","$","M","M","E","R","E","T","R","E","M","R","M","R","B",null,"M","M","M","M","M"],"character_chosen":"THE_SILENT","items_purchased":["Noxious Fumes"],"campfire_rested":1,"item_purchase_floors":[3],"current_hp_per_floor":[76,73,73,69,65,44,44,17,17,40,30,24,24,24,24,13,77,60,60,41,26,0],"gold":357,"neow_bonus":"TEN_PERCENT_HP_BONUS","is_prod":false,"is_daily":false,"chose_seed":false,"campfire_upgraded":3,"win_rate":0,"timestamp":1549432704,"path_taken":["M","?","$","M","M","E","R","E","T","R","E","M","R","M","R","BOSS","M","M","M","M","M"],"build_version":"2019-01-23","purchased_purges":0,"victory":false,"max_hp_per_floor":[77,77,77,77,77,77,77,77,77,77,77,77,77,77,77,77,77,77,77,77,77,77],"card_choices":[{"not_picked":["Acrobatics","Dodge and Roll"],"picked":"Bane","floor":1},{"not_picked":["Backflip","Acrobatics"],"picked":"Prepared","floor":2},{"not_picked":["Outmaneuver","Catalyst"],"picked":"Noxious Fumes","floor":4},{"not_picked":["Terror","Underhanded Strike","Cloak And Dagger"],"picked":"SKIP","floor":5},{"not_picked":["Distraction","Masterful Stab"],"picked":"Endless Agony","floor":6},{"not_picked":["Finisher","Blur"],"picked":"Burst","floor":8},{"not_picked":["Deflect","Reflex"],"picked":"Sucker Punch","floor":11},{"not_picked":["Terror","Poisoned Stab"],"picked":"Bane","floor":12},{"not_picked":["Acrobatics","A Thousand Cuts"],"picked":"Deadly Poison","floor":14},{"not_picked":["Phantasmal Killer","After Image"],"picked":"Wraith Form v2","floor":16},{"not_picked":["Acrobatics","Leg Sweep+1"],"picked":"Escape Plan","floor":18},{"not_picked":["Caltrops","Riddle With Holes"],"picked":"Poisoned Stab","floor":19},{"not_picked":["Outmaneuver","Quick Slash"],"picked":"Crippling Poison","floor":20},{"not_picked":["Flying Knee+1","Backstab"],"picked":"Noxious Fumes","floor":21}],"player_experience":94782,"relics_obtained":[{"floor":6,"key":"PreservedInsect"},{"floor":8,"key":"Ornamental Fan"},{"floor":9,"key":"Mercury Hourglass"},{"floor":11,"key":"Dream Catcher"}],"event_choices":[],"is_beta":false,"boss_relics":[{"not_picked":["White Beast Statue","Tiny House"],"picked":"Pandora\u0027s Box"}],"items_purged_floors":[],"is_endless":false,"potions_floor_spawned":[1,5,8,14,16,19],"killed_by":"Cultist and Chosen","ascension_level":3}