{"gold_per_floor":[112,1,12,28,28,61,61,90,117,130,141,141,170,183,183,284,284,298,21,34,34,34,34,48,75,75,89,105,130,149,159,159,260,260,273,273,284,284,284,284,311,311,336,371,388,388,404,417,417,417,417,417,33,66,66],"floor_reached":56,"playtime":3124,"items_purged":["Strike_B","Zap"],"score":1377,"play_id":"c52ca104-67d7-4945-a6dd-9f10fd8399a2","local_time":"20181130102218","is_ascension_mode":true,"campfire_choices":[{"floor":7,"key":"REST"},{"data":"Loop","floor":15,"key":"SMITH"},{"data":"Sunder","floor":23,"key":"SMITH"},{"floor":32,"key":"REST"},{"floor":40,"key":"RECALL"},{"data":"Defragment","floor":46,"key":"SMITH"},{"data":"Capacitor","floor":49,"key":"SMITH"},{"data":"Steam Power","floor":52,"key":"SMITH"}],"neow_cost":"PERCENT_DAMAGE","seed_source_timestamp":536578441647524,"circlet_count":0,"master_deck":["Defend_B","Defend_B","Defend_B","Defend_B+1","Dualcast","Conserve Battery","Loop+1","Cold Snap+1","Sunder+1","Ball Lightning","Barrage","Rainbow","Ball Lightning","Capacitor+1","Core Surge","Hologram+1","BootSequence","Conserve Battery","Aggregate","Doom and Gloom","Steam Power+1","Loop+1","Coolheaded+1","Ball Lightning+1","Storm+1","Glacier+1","Echo Form","White Noise","Defragment+1","Leap","Glacier","Fusion+1","Defragment+1","Discovery","Storm+1","White Noise","Self Repair+1","Coolheaded+1"],"relics":["Cracked Core","Bronze Scales","Smiling Mask","Whetstone","Art of War","Philosopher\u0027s Stone","DataDisk","Potion Belt","Oddly Smooth Stone","Darkstone Periapt","Orrery","Ginger","Molten Egg 2","ClockworkSouvenir","Omamori"],"potions_floor_usage":[6,20,25,33,44,54,55,55,55,55],"damage_taken":[{"damage":0,"enemies":"Small Slimes","floor":1,"turns":3},{"damage":1,"enemies":"2 Louse","floor":3,"turns":3},{"damage":4,"enemies":"Cultist","floor":4,"turns":4},{"damage":19,"enemies":"Gremlin Nob","floor":6,"turns":4},{"damage":4,"enemies":"Lagavulin","floor":8,"turns":7},{"damage":10,"enemies":"Lots of Slimes","floor":10,"turns":2},{"damage":2,"enemies":"Blue Slaver","floor":11,"turns":3},{"damage":11,"enemies":"3 Sentries","floor":13,"turns":6},{"damage":0,"enemies":"Exordium Wildlife","floor":14,"turns":3},{"damage":10,"enemies":"Hexaghost","floor":16,"turns":8},{"damage":5,"enemies":"Chosen","floor":18,"turns":3},{"damage":0,"enemies":"Spheric Guardian","floor":20,"turns":2},{"damage":21,"enemies":"Shelled Parasite and Fungi","floor":24,"turns":4},{"damage":0,"enemies":"Slavers","floor":25,"turns":3},{"damage":5,"enemies":"Centurion and Healer","floor":27,"turns":5},{"damage":5,"enemies":"Sentry and Sphere","floor":28,"turns":4},{"damage":21,"enemies":"Gremlin Leader","floor":29,"turns":6},{"damage":1,"enemies":"Cultist and Chosen","floor":30,"turns":4},{"damage":16,"enemies":"Centurion and Healer","floor":31,"turns":5},{"damage":26,"enemies":"Champ","floor":33,"turns":8},{"damage":45,"enemies":"3 Darklings","floor":35,"turns":4},{"damage":0,"enemies":"3 Shapes","floor":37,"turns":5},{"damage":12,"enemies":"Nemesis","floor":41,"turns":9},{"damage":11,"enemies":"Giant Head","floor":44,"turns":7},{"damage":0,"enemies":"Transient","floor":45,"turns":5},{"damage":1,"enemies":"Sphere and 2 Shapes","floor":47,"turns":4},{"damage":3,"enemies":"Spire Growth","floor":48,"turns":4},{"damage":46,"enemies":"Time Eater","floor":50,"turns":7},{"damage":60,"enemies":"Shield and Spear","floor":54,"turns":6},{"damage":26,"enemies":"The Heart","floor":55,"turns":7}],"seed_played":"-9096970812500801592","potions_obtained":[{"floor":1,"key":"Energy Potion"},{"floor":8,"key":"Fire Potion"},{"floor":10,"key":"FocusPotion"},{"floor":13,"key":"Explosive Potion"},{"floor":18,"key":"Weak Potion"},{"floor":24,"key":"FearPotion"},{"floor":30,"key":"Poison Potion"},{"floor":31,"key":"Block Potion"},{"floor":33,"key":"FairyPotion"},{"floor":35,"key":"SkillPotion"},{"floor":47,"key":"Dexterity Potion"},{"floor":48,"key":"Swift Potion"}],"is_trial":false,"path_per_floor":["M","$","M","M","?","E","R","E","T","M","M","?","E","M","R","B",null,"M","$","M","?","?","R","M","E","T","M","M","E","M","M","R","B",null,"M","?","M","?","?","R","E","?","T","E","M","R","M","M","R","B",null,"R","$","E","B",null],"character_chosen":"DEFECT","items_purchased":["Loop","DataDisk","BootSequence","Conserve Battery","ClockworkSouvenir","Weak Potion","FocusPotion"],"campfire_rested":2,"item_purchase_floors":[2,19,19,19,53,53,53],"current_hp_per_floor":[68,68,67,63,45,26,52,48,48,38,36,36,25,25,25,15,89,84,84,84,84,84,84,63,63,63,58,53,32,31,15,41,15,89,44,44,44,44,78,78,66,66,66,55,55,55,54,71,71,25,78,78,78,28,12],"gold":66,"neow_bonus":"TWENTY_PERCENT_HP_BONUS","is_prod":false,"is_daily":false,"chose_seed":false,"campfire_upgraded":5,"win_rate":0,"timestamp":1543591338,"path_taken":["M","$","M","M","?","E","R","E","T","M","M","?","E","?","R","BOSS","M","?","M","?","?","R","M","E","T","?","M","E","M","M","R","BOSS","M","?","M","?","?","R","E","?","T","E","M","R","M","M","R","BOSS","R","$","E","BOSS"],"build_version":"2018-11-15","purchased_purges":2,"victory":true,"max_hp_per_floor":[89,89,89,89,89,89,89,89,89,89,89,89,89,89,89,89,89,89,89,89,89,89,89,89,89,89,89,89,89,89,89,89,89,89,89,89,89,89,78,78,78,78,78,78,78,78,78,78,78,78,78,78,78,78,78],"card_choices":[{"not_picked":["Chaos","Barrage"],"picked":"Conserve Battery","floor":1},{"not_picked":["FTL","Compile Driver"],"picked":"Cold Snap","floor":3},{"not_picked":["Turbo","Genetic Algorithm"],"picked":"Sunder","floor":4},{"not_picked":["Stack","Force Field","Turbo"],"picked":"SKIP","floor":6},{"not_picked":["Compile Driver","Coolheaded"],"picked":"Ball Lightning","floor":8},{"not_picked":["Rip and Tear","Gash"],"picked":"Barrage","floor":10},{"not_picked":["Sweeping Beam","Turbo"],"picked":"Rainbow","floor":11},{"not_picked":["Blizzard","Streamline"],"picked":"Ball Lightning","floor":13},{"not_picked":["Beam Cell","Conserve Battery"],"picked":"Capacitor","floor":14},{"not_picked":["Creative AI","Amplify"],"picked":"Core Surge","floor":16},{"not_picked":["Beam Cell","Sweeping Beam"],"picked":"Hologram+1","floor":18},{"not_picked":["Sweeping Beam","Melter+1","Loop"],"picked":"SKIP","floor":20},{"not_picked":["Static Discharge","Ball Lightning"],"picked":"Steam Power","floor":24},{"not_picked":["Auto Shields","Coolheaded+1"],"picked":"Loop+1","floor":25},{"not_picked":["Hologram+1","Genetic Algorithm"],"picked":"Coolheaded+1","floor":27},{"not_picked":["Rebound","Barrage","Turbo+1"],"picked":"SKIP","floor":28},{"not_picked":["Genetic Algorithm","Creative AI"],"picked":"Ball Lightning+1","floor":29},{"not_picked":["Go for the Eyes","Conserve Battery"],"picked":"Storm+1","floor":30},{"not_picked":["Steam+1","Conserve Battery"],"picked":"Glacier+1","floor":31},{"not_picked":["Electrodynamics","All For One"],"picked":"Echo Form","floor":33},{"not_picked":["Streamline","Echo Form"],"picked":"White Noise","floor":34},{"not_picked":["Fusion","Rebound"],"picked":"Defragment","floor":34},{"not_picked":["Rebound+1","Ball Lightning"],"picked":"Leap","floor":34},{"not_picked":["Rebound","Doom and Gloom"],"picked":"Glacier","floor":34},{"not_picked":["Doom and Gloom","Turbo+1"],"picked":"Fusion+1","floor":35},{"not_picked":["Ball Lightning","Steam+1"],"picked":"Defragment","floor":37},{"not_picked":["Panache","Bandage Up"],"picked":"Discovery","floor":38},{"not_picked":["Streamline","Barrage+1"],"picked":"Storm+1","floor":41},{"not_picked":["Buffer","Rainbow"],"picked":"White Noise","floor":44},{"not_picked":["Sweeping Beam+1","Streamline+1","Skim"],"picked":"SKIP","floor":45},{"not_picked":["Beam Cell+1","Ball Lightning+1"],"picked":"Self Repair+1","floor":47},{"not_picked":["Barrage+1","Gash+1"],"picked":"Coolheaded+1","floor":48},{"not_picked":["Double Energy","Barrage+1","Aggregate"],"picked":"SKIP","floor":54}],"player_experience":3601413,"relics_obtained":[{"floor":6,"key":"Bronze Scales"},{"floor":8,"key":"Smiling Mask"},{"floor":9,"key":"Whetstone"},{"floor":13,"key":"Art of War"},{"floor":25,"key":"Potion Belt"},{"floor":26,"key":"Oddly Smooth Stone"},{"floor":29,"key":"Darkstone Periapt"},{"floor":41,"key":"Ginger"},{"floor":44,"key":"Molten Egg 2"},{"floor":54,"key":"Omamori"}],"event_choices":[{"damage_healed":0,"gold_gain":0,"player_choice":"Entered Light","damage_taken":18,"max_hp_gain":0,"max_hp_loss":0,"event_name":"Shining Light","floor":5,"gold_loss":0,"cards_upgraded":["Strike_B","Defend_B"]},{"cards_removed":["Strike_B"],"damage_healed":0,"gold_gain":0,"player_choice":"Card Removal","damage_taken":0,"max_hp_gain":0,"max_hp_loss":0,"event_name":"Wheel of Change","floor":12,"gold_loss":0},{"damage_healed":0,"gold_gain":0,"player_choice":"Ignored","damage_taken":0,"max_hp_gain":0,"max_hp_loss":0,"event_name":"Vampires","floor":21,"gold_loss":0},{"damage_healed":0,"gold_gain":0,"cards_transformed":["Strike_B","Strike_B"],"player_choice":"Became Test Subject","damage_taken":0,"max_hp_gain":0,"max_hp_loss":0,"event_name":"Drug Dealer","floor":22,"gold_loss":0,"cards_obtained":["Aggregate","Doom and Gloom"]},{"damage_healed":0,"gold_gain":0,"player_choice":"Ignored","damage_taken":0,"max_hp_gain":0,"max_hp_loss":0,"event_name":"Tomb of Lord Red Mask","floor":36,"gold_loss":0},{"damage_healed":0,"gold_gain":0,"player_choice":"Memory 1","damage_taken":0,"max_hp_gain":0,"max_hp_loss":0,"event_name":"SensoryStone","floor":38,"gold_loss":0},{"damage_healed":78,"gold_gain":0,"player_choice":"Heal","damage_taken":0,"max_hp_gain":0,"max_hp_loss":11,"event_name":"The Moai Head","floor":39,"gold_loss":0},{"damage_healed":0,"gold_gain":0,"player_choice":"Upgraded","damage_taken":0,"max_hp_gain":0,"max_hp_loss":0,"event_name":"Upgrade Shrine","floor":42,"gold_loss":0,"cards_upgraded":["Defragment"]}],"is_beta":true,"boss_relics":[{"not_picked":["Lizard Tail","White Beast Statue"],"picked":"Philosopher\u0027s Stone"},{"not_picked":["Eternal Feather","Pandora\u0027s Box"],"picked":"Orrery"}],"items_purged_floors":[2,53],"is_endless":false,"potions_floor_spawned":[1,8,10,13,18,24,30,31,33,35,41,47,48],"ascension_level":1}