{"gold_per_floor":[12,12,12,25,37,66,85,112,142,170,180,207,52,152,152,256,256,266,277,290,19,36,36],"floor_reached":23,"playtime":1203,"items_purged":["Perfected Strike"],"score":268,"play_id":"4692231d-1503-44a1-bec6-b351baf8c1d1","local_time":"20190217230427","is_ascension_mode":true,"campfire_choices":[{"data":"Bash","floor":15,"key":"SMITH"}],"neow_cost":"NO_GOLD","seed_source_timestamp":168943785930573,"circlet_count":0,"master_deck":["Strike_R","Strike_R","Strike_R+1","Strike_R+1","Strike_R","Defend_R","Defend_R","Bash+1","Rampage","Fiend Fire","Thinking Ahead"],"relics":["Black Blood","Meat on the Bone","Potion Belt","Matryoshka","Tiny Chest","Orichalcum","WingedGreaves","Singing Bowl","Whetstone"],"potions_floor_usage":[16,16,23,23],"damage_taken":[{"damage":9,"enemies":"Jaw Worm","floor":1,"turns":4},{"damage":2,"enemies":"Small Slimes","floor":4,"turns":3},{"damage":1,"enemies":"Cultist","floor":5,"turns":3},{"damage":40,"enemies":"Lagavulin","floor":6,"turns":5},{"damage":6,"enemies":"Blue Slaver","floor":7,"turns":3},{"damage":32,"enemies":"Gremlin Nob","floor":8,"turns":4},{"damage":28,"enemies":"Lagavulin","floor":10,"turns":6},{"damage":5,"enemies":"Looter","floor":11,"turns":2},{"damage":21,"enemies":"3 Sentries","floor":12,"turns":7},{"damage":49,"enemies":"The Guardian","floor":16,"turns":8},{"damage":30,"enemies":"3 Byrds","floor":18,"turns":6},{"damage":22,"enemies":"Shell Parasite","floor":19,"turns":4},{"damage":44,"enemies":"Cultist and Chosen","floor":20,"turns":7},{"damage":33,"enemies":"Centurion and Healer","floor":22,"turns":5},{"damage":44,"enemies":"Gremlin Leader","floor":23,"turns":4}],"seed_played":"1996441355818358566","potions_obtained":[{"floor":4,"key":"Swift Potion"},{"floor":5,"key":"Dexterity Potion"},{"floor":10,"key":"Energy Potion"},{"floor":12,"key":"BloodPotion"},{"floor":16,"key":"LiquidBronze"},{"floor":18,"key":"Fire Potion"},{"floor":22,"key":"SkillPotion"}],"is_trial":false,"path_per_floor":["M","?","?","M","M","E","M","E","T","E","M","E","$","?","R","B",null,"M","M","M","$","M","E"],"character_chosen":"IRONCLAD","items_purchased":["Whetstone","Thinking Ahead"],"campfire_rested":0,"item_purchase_floors":[13,21],"current_hp_per_floor":[77,77,59,63,68,46,58,44,44,34,47,46,46,46,46,23,82,64,66,46,46,37,0],"gold":36,"neow_bonus":"REMOVE_TWO","is_prod":false,"is_daily":false,"chose_seed":false,"campfire_upgraded":1,"win_rate":0,"timestamp":1550473467,"path_taken":["M","?","?","M","M","E","M","E","T","E","M","E","$","?","R","BOSS","M","M","M","$","M","E"],"build_version":"2019-01-23","purchased_purges":1,"victory":false,"max_hp_per_floor":[80,80,80,80,80,80,80,80,80,80,80,82,82,82,82,82,82,84,86,88,88,90,90],"card_choices":[{"not_picked":["Body Slam","Heavy Blade"],"picked":"Perfected Strike","floor":1},{"not_picked":["Clothesline","Shrug It Off","Sever Soul"],"picked":"SKIP","floor":4},{"not_picked":["Intimidate","Flex"],"picked":"Rampage","floor":5},{"not_picked":["Heavy Blade","Cleave","Headbutt"],"picked":"SKIP","floor":6},{"not_picked":["Rage","Clash","Flex"],"picked":"SKIP","floor":7},{"not_picked":["Rage","Armaments","Flame Barrier"],"picked":"SKIP","floor":8},{"not_picked":["Body Slam","Entrench","Searing Blow"],"picked":"SKIP","floor":10},{"not_picked":["Twin Strike","Hemokinesis","Feel No Pain"],"picked":"SKIP","floor":11},{"not_picked":["Impervious","Shockwave","Disarm"],"picked":"Singing Bowl","floor":12},{"not_picked":["Immolate","Barricade"],"picked":"Fiend Fire","floor":16},{"not_picked":["Entrench","Anger+1","Havoc"],"picked":"Singing Bowl","floor":18},{"not_picked":["Flex","Intimidate","Sword Boomerang+1"],"picked":"Singing Bowl","floor":19},{"not_picked":["Combust+1","Cleave","Wild Strike"],"picked":"Singing Bowl","floor":20},{"not_picked":["Carnage","Disarm","Iron Wave"],"picked":"Singing Bowl","floor":22}],"player_experience":172762,"relics_obtained":[{"floor":6,"key":"Potion Belt"},{"floor":8,"key":"Matryoshka"},{"floor":9,"key":"Tiny Chest"},{"floor":9,"key":"Orichalcum"},{"floor":10,"key":"WingedGreaves"},{"floor":12,"key":"Singing Bowl"}],"event_choices":[{"damage_healed":0,"gold_gain":0,"player_choice":"Ignored","damage_taken":0,"max_hp_gain":0,"max_hp_loss":0,"event_name":"Liars Game","floor":2,"gold_loss":0},{"damage_healed":0,"gold_gain":0,"player_choice":"Success","damage_taken":18,"relics_obtained":["Meat on the Bone"],"max_hp_gain":0,"max_hp_loss":0,"event_name":"Scrap Ooze","floor":3,"gold_loss":0},{"damage_healed":0,"gold_gain":100,"player_choice":"Pray","damage_taken":0,"max_hp_gain":0,"max_hp_loss":0,"event_name":"Golden Shrine","floor":14,"gold_loss":0}],"is_beta":false,"boss_relics":[{"not_picked":["Tiny House","Calling Bell"],"picked":"Black Blood"}],"items_purged_floors":[21],"is_endless":false,"potions_floor_spawned":[4,5,10,12,16,18,22],"killed_by":"Gremlin Leader","ascension_level":4}