{"gold_per_floor":[362,362,1,15,26,26,53,17,98,98,98,98,98,113,113,217,217,236,21,31,8,8,8,8],"floor_reached":24,"playtime":1855,"items_purged":[],"score":269,"play_id":"252f0e44-b5f0-4015-bee7-9ee9439cbb0b","local_time":"20190222172815","is_ascension_mode":true,"campfire_choices":[{"floor":6,"key":"REST"},{"floor":10,"key":"REST"},{"data":"Acrobatics","floor":12,"key":"SMITH"},{"floor":15,"key":"REST"},{"floor":23,"key":"REST"}],"neow_cost":"PERCENT_DAMAGE","seed_source_timestamp":596260277737420,"circlet_count":0,"master_deck":["Defend_G+1","Defend_G+1","Defend_G+1","Defend_G+1","Defend_G+1","Strike_G+1","Strike_G+1","Strike_G+1","Strike_G+1","Survivor","Neutralize","Well Laid Plans","Noxious Fumes","Acrobatics+1","All Out Attack","Acrobatics+1","Tactician","Deflect","After Image","Decay","Prepared","After Image+1","Infinite Blades+1","Adrenaline","Caltrops+1","Backflip"],"relics":["Ring of the Snake","Membership Card","Tingsha","Omamori","Mercury Hourglass","Calling Bell","Smiling Mask","Frozen Egg 2","Gambling Chip","DollysMirror"],"potions_floor_usage":[],"damage_taken":[{"damage":20,"enemies":"Small Slimes","floor":1,"turns":4},{"damage":4,"enemies":"Cultist","floor":4,"turns":6},{"damage":1,"enemies":"Jaw Worm","floor":5,"turns":4},{"damage":32,"enemies":"Gremlin Nob","floor":7,"turns":5},{"damage":12,"enemies":"3 Louse","floor":14,"turns":2},{"damage":13,"enemies":"The Guardian","floor":16,"turns":10},{"damage":30,"enemies":"3 Byrds","floor":18,"turns":4},{"damage":0,"enemies":"Shell Parasite","floor":20,"turns":5},{"damage":51,"enemies":"Book of Stabbing","floor":24,"turns":7}],"seed_played":"5359192180270490443","potions_obtained":[{"floor":1,"key":"Ancient Potion"},{"floor":14,"key":"EntropicBrew"},{"floor":16,"key":"GhostInAJar"}],"is_trial":false,"path_per_floor":["M","?","$","M","M","R","E","$","T","R","?","R","?","M","R","B",null,"M","$","M","$","?","R","E"],"character_chosen":"THE_SILENT","items_purchased":["Membership Card","Noxious Fumes","Tingsha","Tactician","DollysMirror","Infinite Blades+1","Adrenaline","Backflip"],"campfire_rested":4,"item_purchase_floors":[3,3,3,8,19,19,19,21],"current_hp_per_floor":[25,25,25,21,20,41,9,9,9,30,30,30,23,11,32,19,57,27,27,27,27,27,48,0],"gold":8,"neow_bonus":"TWO_FIFTY_GOLD","is_prod":false,"is_daily":false,"chose_seed":false,"campfire_upgraded":1,"win_rate":0,"timestamp":1550834895,"path_taken":["M","?","$","M","?","R","E","$","T","R","?","R","?","M","R","BOSS","M","$","M","$","?","R","E"],"build_version":"2019-01-23","purchased_purges":0,"victory":false,"max_hp_per_floor":[70,70,70,70,70,70,70,70,70,70,70,70,70,70,70,70,70,70,70,70,70,70,70,70],"card_choices":[{"not_picked":["Dagger Throw","Blade Dance"],"picked":"Well Laid Plans","floor":1},{"not_picked":["Blade Dance","Predator"],"picked":"Acrobatics","floor":4},{"not_picked":["Flying Knee","Slice"],"picked":"All Out Attack","floor":5},{"not_picked":["Predator","Bane"],"picked":"Acrobatics","floor":7},{"not_picked":["Dagger Throw","Heel Hook"],"picked":"Deflect","floor":14},{"not_picked":["Storm of Steel","Tools of the Trade"],"picked":"After Image","floor":16},{"not_picked":["PiercingWail","Burst"],"picked":"Prepared","floor":18},{"not_picked":["Blade Dance","Leg Sweep"],"picked":"Caltrops+1","floor":20}],"player_experience":868528,"relics_obtained":[{"floor":7,"key":"Omamori"},{"floor":9,"key":"Mercury Hourglass"},{"floor":17,"key":"Smiling Mask"},{"floor":17,"key":"Frozen Egg 2"},{"floor":17,"key":"Gambling Chip"}],"event_choices":[{"cards_removed":["Strike_G"],"damage_healed":0,"gold_gain":0,"player_choice":"Offered Basic","damage_taken":0,"max_hp_gain":0,"max_hp_loss":0,"event_name":"Bonfire Elementals","floor":2,"gold_loss":0},{"damage_healed":0,"gold_gain":0,"player_choice":"Grow","damage_taken":0,"max_hp_gain":0,"max_hp_loss":0,"event_name":"Living Wall","floor":11,"gold_loss":0,"cards_upgraded":["Acrobatics"]},{"damage_healed":0,"gold_gain":0,"player_choice":"Damaged","damage_taken":7,"max_hp_gain":0,"max_hp_loss":0,"event_name":"Wheel of Change","floor":13,"gold_loss":0},{"damage_healed":0,"gold_gain":0,"player_choice":"Simplicity","damage_taken":0,"max_hp_gain":0,"max_hp_loss":0,"event_name":"Back to Basics","floor":22,"gold_loss":0,"cards_upgraded":["Defend_G","Defend_G","Defend_G","Defend_G","Defend_G","Strike_G","Strike_G","Strike_G","Strike_G"]}],"is_beta":false,"boss_relics":[{"not_picked":["Snecko Eye","White Beast Statue"],"picked":"Calling Bell"}],"items_purged_floors":[],"is_endless":false,"potions_floor_spawned":[1,14,16],"killed_by":"Book of Stabbing","ascension_level":8}