{"gold_per_floor":[118,118,193,211,166,189,223,239,262,262,278,293,324,12,12,141,141,116,116,140,155,155],"floor_reached":22,"playtime":2169,"items_purged":[],"score":218,"play_id":"a81cb094-94fb-4af1-89ea-a66cd3e92457","local_time":"20190219203934","is_ascension_mode":true,"campfire_choices":[{"floor":10,"key":"REST"},{"floor":15,"key":"REST"}],"neow_cost":"PERCENT_DAMAGE","seed_source_timestamp":399528463602749,"circlet_count":0,"master_deck":["Strike_R","Strike_R","Strike_R","Strike_R","Strike_R","Defend_R","Defend_R","Defend_R","Defend_R","Bash","Armaments+1","Uppercut","Shrug It Off","Heavy Blade","Whirlwind","Ghostly Armor","Demon Form","Feed","Spot Weakness"],"relics":["Burning Blood","Dead Branch","Golden Idol","Orichalcum","Bag of Preparation","Oddly Smooth Stone","Turnip","Orrery"],"potions_floor_usage":[7,12,13,16,16,22],"damage_taken":[{"damage":1,"enemies":"2 Louse","floor":1,"turns":3},{"damage":1,"enemies":"Cultist","floor":4,"turns":3},{"damage":13,"enemies":"Jaw Worm","floor":6,"turns":5},{"damage":24,"enemies":"Gremlin Nob","floor":7,"turns":5},{"damage":2,"enemies":"Red Slaver","floor":8,"turns":5},{"damage":7,"enemies":"2 Fungi Beasts","floor":11,"turns":5},{"damage":32,"enemies":"Lots of Slimes","floor":12,"turns":7},{"damage":25,"enemies":"3 Sentries","floor":13,"turns":7},{"damage":30,"enemies":"Hexaghost","floor":16,"turns":13},{"damage":30,"enemies":"2 Thieves","floor":18,"turns":5},{"damage":21,"enemies":"Chosen","floor":20,"turns":5},{"damage":31,"enemies":"Centurion and Healer","floor":21,"turns":9},{"damage":27,"enemies":"Chosen and Byrds","floor":22,"turns":6}],"seed_played":"4893491850355678346","potions_obtained":[{"floor":1,"key":"Weak Potion"},{"floor":8,"key":"Regen Potion"},{"floor":11,"key":"SkillPotion"},{"floor":12,"key":"Ancient Potion"},{"floor":13,"key":"Poison Potion"},{"floor":21,"key":"BloodPotion"}],"is_trial":false,"path_per_floor":["M","?","?","M","$","M","E","M","T","R","M","M","E","$","R","B",null,"M","?","M","M","M"],"character_chosen":"IRONCLAD","items_purchased":["Armaments","Turnip"],"campfire_rested":2,"item_purchase_floors":[5,14],"current_hp_per_floor":[61,41,33,38,38,31,13,17,17,41,40,29,10,10,34,10,80,56,56,41,16,0],"gold":155,"neow_bonus":"ONE_RARE_RELIC","is_prod":false,"is_daily":false,"chose_seed":false,"campfire_upgraded":0,"win_rate":0,"timestamp":1550605174,"path_taken":["M","?","?","M","$","M","E","M","T","R","?","M","E","$","R","BOSS","M","?","M","M","M"],"build_version":"2019-01-23","purchased_purges":0,"victory":false,"max_hp_per_floor":[80,80,80,80,80,80,80,80,80,80,80,80,80,80,80,80,80,80,80,80,80,83],"card_choices":[{"not_picked":["Sever Soul","Iron Wave","Pummel"],"picked":"SKIP","floor":1},{"not_picked":["Twin Strike","Shockwave","Cleave"],"picked":"SKIP","floor":4},{"not_picked":["Flex","Warcry"],"picked":"Uppercut","floor":6},{"not_picked":["Anger","Blood for Blood"],"picked":"Shrug It Off","floor":7},{"not_picked":["Perfected Strike","Infernal Blade"],"picked":"Heavy Blade","floor":8},{"not_picked":["Havoc","Warcry","Cleave"],"picked":"SKIP","floor":11},{"not_picked":["Body Slam","Feel No Pain"],"picked":"Whirlwind","floor":12},{"not_picked":["Reaper","Searing Blow"],"picked":"Ghostly Armor","floor":13},{"not_picked":["Barricade","Immolate"],"picked":"Demon Form","floor":16},{"not_picked":["Sentinel","Body Slam"],"picked":"Feed","floor":17},{"not_picked":["Body Slam+1","Evolve"],"picked":"Spot Weakness","floor":18},{"not_picked":["Twin Strike","Entrench","Pommel Strike"],"picked":"SKIP","floor":20},{"not_picked":["Entrench+1","Searing Blow+1","Warcry+1"],"picked":"SKIP","floor":21}],"player_experience":166990,"relics_obtained":[{"floor":7,"key":"Orichalcum"},{"floor":9,"key":"Bag of Preparation"},{"floor":13,"key":"Oddly Smooth Stone"}],"event_choices":[{"damage_healed":0,"gold_gain":0,"player_choice":"Take Damage","damage_taken":20,"relics_obtained":["Golden Idol"],"max_hp_gain":0,"max_hp_loss":0,"event_name":"Golden Idol","floor":2,"gold_loss":0},{"damage_healed":0,"gold_gain":75,"player_choice":"Touch","damage_taken":8,"max_hp_gain":0,"max_hp_loss":0,"event_name":"FaceTrader","floor":3,"gold_loss":0},{"damage_healed":0,"gold_gain":0,"player_choice":"Forge","damage_taken":0,"max_hp_gain":0,"max_hp_loss":0,"event_name":"Accursed Blacksmith","floor":19,"gold_loss":0,"cards_upgraded":["Armaments"]}],"is_beta":false,"boss_relics":[{"not_picked":["Snecko Eye","Fusion Hammer"],"picked":"Orrery"}],"items_purged_floors":[],"is_endless":false,"potions_floor_spawned":[1,8,11,12,13,21],"killed_by":"Chosen and Byrds","ascension_level":2}