{"gold_per_floor":[110,125,145,157,170,170,195,212,212,212,212,212,212,230,230,230],"floor_reached":16,"playtime":368,"items_purged":[],"score":177,"play_id":"67fc7eb1-2c6c-47de-93b1-9d12fba7fafc","local_time":"20181205180523","is_ascension_mode":true,"campfire_choices":[{"data":"Genetic Algorithm","floor":6.0,"key":"SMITH"},{"floor":10,"key":"REST"},{"data":"Zap","floor":13,"key":"SMITH"},{"data":"Streamline","floor":15,"key":"SMITH"}],"neow_cost":"NONE","seed_source_timestamp":0,"circlet_count":0,"master_deck":["AscendersBane","Strike_B","Strike_B","Strike_B","Strike_B","Defend_B+1","Defend_B","Defend_B","Defend_B+1","Zap+1","Dualcast","Cold Snap","Barrage","Doom and Gloom","Streamline+1","Genetic Algorithm+1","Ball Lightning","Thunder Strike","Steam"],"special_seed":0,"relics":["Cracked Core","Bronze Scales","Art of War","Emotion Chip"],"potions_floor_usage":[14],"damage_taken":[{"damage":0.0,"enemies":"2 Louse","floor":1.0,"turns":1.0},{"damage":10.0,"enemies":"Small Slimes","floor":2.0,"turns":4.0},{"damage":7.0,"enemies":"Jaw Worm","floor":3.0,"turns":3.0},{"damage":9.0,"enemies":"Blue Slaver","floor":4.0,"turns":3.0},{"damage":8.0,"enemies":"Looter","floor":5.0,"turns":3.0},{"damage":14.0,"enemies":"Lagavulin","floor":7.0,"turns":7.0},{"damage":11,"enemies":"Large Slime","floor":8,"turns":4},{"damage":3,"enemies":"Exordium Thugs","floor":14,"turns":4},{"damage":29,"enemies":"Slime Boss","floor":16,"turns":3}],"seed_played":"-8280237817085520062","potions_obtained":[{"floor":4.0,"key":"Strength Potion"},{"floor":5.0,"key":"Weak Potion"},{"floor":8,"key":"SpeedPotion"}],"is_trial":false,"path_per_floor":["M","M","M","M","M","R","E","M","T","R","?","?","R","M","R","B"],"character_chosen":"DEFECT","items_purchased":[],"campfire_rested":1,"item_purchase_floors":[],"current_hp_per_floor":[71,61,54,45,37,37,23,12,12,35,19,12,12,9,9,0],"gold":230,"neow_bonus":"TEN_PERCENT_HP_BONUS","is_prod":false,"is_daily":false,"chose_seed":false,"campfire_upgraded":3,"win_rate":0,"timestamp":1544000723,"path_taken":["M","M","M","M","M","R","E","M","T","R","?","?","R","M","R","BOSS"],"build_version":"2018-11-15","purchased_purges":0,"victory":false,"max_hp_per_floor":[78,78,78,78,78,78,78,78,78,78,78,78,78,78,78,78],"card_choices":[{"not_picked":["Hologram","Recycle"],"picked":"Cold Snap","floor":1.0},{"not_picked":["Blizzard","Capacitor"],"picked":"Barrage","floor":2.0},{"not_picked":["Consume","Steam"],"picked":"Doom and Gloom","floor":3.0},{"not_picked":["Barrage","Redo"],"picked":"Streamline","floor":4.0},{"not_picked":["Cold Snap","Skim"],"picked":"Genetic Algorithm","floor":5.0},{"not_picked":["Leap","Auto Shields"],"picked":"Ball Lightning","floor":7.0},{"not_picked":["Gash","Barrage"],"picked":"Thunder Strike","floor":8},{"not_picked":["Double Energy","Gash"],"picked":"Steam","floor":14}],"player_experience":937958,"relics_obtained":[{"floor":7.0,"key":"Bronze Scales"},{"floor":9,"key":"Art of War"}],"event_choices":[{"damage_healed":0,"gold_gain":0,"player_choice":"Entered Light","damage_taken":16,"max_hp_gain":0,"max_hp_loss":0,"event_name":"Shining Light","floor":11,"gold_loss":0,"cards_upgraded":["Defend_B","Defend_B"]},{"damage_healed":0,"gold_gain":0,"player_choice":"Success","damage_taken":7,"relics_obtained":["Emotion Chip"],"max_hp_gain":0,"max_hp_loss":0,"event_name":"Scrap Ooze","floor":12,"gold_loss":0}],"is_beta":false,"boss_relics":[],"items_purged_floors":[],"is_endless":false,"potions_floor_spawned":[4,5,8],"killed_by":"Slime Boss","ascension_level":14}