{"gold_per_floor":[115,132,147,147,147,172,194,227,250,250,265,265,343,0,0,100,100,119,119,119,69,84,84,113,130,130,130,147,161,161,177,177,177],"floor_reached":33,"playtime":777,"items_purged":[],"score":275,"play_id":"f599616b-8446-4744-b6e3-044ac84ea060","local_time":"20181116220920","is_ascension_mode":false,"campfire_choices":[{"data":"Flechettes","floor":10,"key":"SMITH"},{"data":"Dagger Spray","floor":12,"key":"SMITH"},{"data":"Masterful Stab","floor":15,"key":"SMITH"},{"data":"RitualDagger","floor":23,"key":"SMITH"},{"data":"Glass Knife","floor":27,"key":"SMITH"},{"data":"Backstab","floor":32,"key":"SMITH"}],"neow_cost":"NONE","seed_source_timestamp":0,"circlet_count":0,"master_deck":["Defend_G","Defend_G","Defend_G","Defend_G","Defend_G","Strike_G","Strike_G","Strike_G","Strike_G","Strike_G","Survivor","Neutralize","Masterful Stab+1","Flechettes+1","All Out Attack","Burst","Calculated Gamble","Finisher","Well Laid Plans","Dagger Spray+1","Glass Knife+1","Dagger Throw","RitualDagger+1","Slice+1","Backstab+1","PiercingWail","Masterful Stab+1","Escape Plan","Poisoned Stab+1"],"special_seed":0,"relics":["Ring of the Snake","Orichalcum","Odd Mushroom","Blood Vial","PreservedInsect","HandDrill","Boot","Eternal Feather","Dream Catcher","Ancient Tea Set","Dodecahedron","MutagenicStrength"],"potions_floor_usage":[7,16,16,24,31,33],"damage_taken":[{"damage":5.0,"enemies":"Small Slimes","floor":1.0,"turns":4.0},{"damage":1.0,"enemies":"Cultist","floor":2.0,"turns":3.0},{"damage":0.0,"enemies":"Jaw Worm","floor":3.0,"turns":2.0},{"damage":11.0,"enemies":"3 Sentries","floor":6.0,"turns":5.0},{"damage":1,"enemies":"The Mushroom Lair","floor":7,"turns":3},{"damage":12,"enemies":"Gremlin Nob","floor":8,"turns":5},{"damage":0,"enemies":"2 Fungi Beasts","floor":11,"turns":2},{"damage":36,"enemies":"Hexaghost","floor":16,"turns":11},{"damage":4,"enemies":"Chosen","floor":18,"turns":4},{"damage":18,"enemies":"Spheric Guardian","floor":22,"turns":4},{"damage":3,"enemies":"Slavers","floor":24,"turns":3},{"damage":4,"enemies":"Centurion and Healer","floor":25,"turns":4},{"damage":18,"enemies":"Cultist and Chosen","floor":28,"turns":5},{"damage":0,"enemies":"Snake Plant","floor":29,"turns":1},{"damage":0,"enemies":"Chosen and Byrds","floor":31,"turns":3},{"damage":83,"enemies":"Automaton","floor":33,"turns":10}],"seed_played":"-3932747325217409357","potions_obtained":[{"floor":0.0,"key":"FearPotion"},{"floor":0.0,"key":"LiquidBronze"},{"floor":0.0,"key":"PowerPotion"},{"floor":6.0,"key":"Swift Potion"},{"floor":7,"key":"FairyPotion"},{"floor":18,"key":"Poison Potion"},{"floor":22,"key":"Energy Potion"},{"floor":28,"key":"Block Potion"},{"floor":31,"key":"Explosive Potion"}],"is_trial":false,"path_per_floor":["M","M","M","?","$","E","?","E","T","R","M","R","?","$","R","B",null,"M","?","?","?","M","R","E","M","T","R","M","M","?","M","R","B"],"character_chosen":"THE_SILENT","items_purchased":["HandDrill","Boot"],"campfire_rested":0,"item_purchase_floors":[14,14],"current_hp_per_floor":[65,64,64,64,64,53,52,40,40,40,42,42,42,42,42,8,70,66,60,60,60,44,56,55,53,53,68,52,54,54,56,70,0],"gold":177,"neow_bonus":"THREE_SMALL_POTIONS","is_prod":false,"is_daily":false,"chose_seed":false,"campfire_upgraded":6,"win_rate":0,"timestamp":1542373760,"path_taken":["M","M","M","?","?","E","?","E","T","R","M","R","?","$","R","BOSS","M","?","?","?","?","R","E","M","T","R","M","M","?","M","R","BOSS"],"build_version":"2018-11-15","purchased_purges":0,"victory":false,"max_hp_per_floor":[70,70,70,70,70,70,70,70,70,70,70,70,70,70,70,70,70,70,70,70,70,70,70,70,70,70,70,70,70,70,70,70,70],"card_choices":[{"not_picked":["Underhanded Strike","Outmaneuver"],"picked":"Masterful Stab","floor":1.0},{"not_picked":["Tactician","Slice"],"picked":"Flechettes","floor":2.0},{"not_picked":["Dagger Throw","Flechettes"],"picked":"All Out Attack","floor":3.0},{"not_picked":["Night Terror","Malaise"],"picked":"Calculated Gamble","floor":6.0},{"not_picked":["Leg Sweep","Distraction"],"picked":"Finisher","floor":7},{"not_picked":["Reflex","Blur"],"picked":"Well Laid Plans","floor":8},{"not_picked":["Dodge and Roll","Deflect"],"picked":"Dagger Spray","floor":11},{"not_picked":["Phantasmal Killer","Venomology"],"picked":"Glass Knife","floor":16},{"not_picked":["Quick Slash","Escape Plan"],"picked":"Dagger Throw","floor":18},{"not_picked":["Infinite Blades","Outmaneuver"],"picked":"Slice+1","floor":22},{"not_picked":["Terror","Deflect"],"picked":"Backstab","floor":24},{"not_picked":["Dagger Throw","Calculated Gamble"],"picked":"PiercingWail","floor":25},{"not_picked":["Slice+1","Dagger Spray"],"picked":"Masterful Stab+1","floor":28},{"not_picked":["Distraction","Storm of Steel"],"picked":"Escape Plan","floor":29},{"not_picked":["Prepared","Cloak And Dagger"],"picked":"Poisoned Stab+1","floor":31}],"player_experience":825262,"relics_obtained":[{"floor":6.0,"key":"Orichalcum"},{"floor":7,"key":"Odd Mushroom"},{"floor":8,"key":"Blood Vial"},{"floor":9,"key":"PreservedInsect"},{"floor":24,"key":"Ancient Tea Set"},{"floor":26,"key":"Dodecahedron"}],"event_choices":[{"damage_healed":0.0,"max_hp_gain":0.0,"max_hp_loss":0.0,"gold_gain":0.0,"event_name":"Match and Keep!","player_choice":"1 cards matched","floor":4.0,"gold_loss":0.0,"damage_taken":0.0,"cards_obtained":["Burst"]},{"damage_healed":0,"gold_gain":0,"player_choice":"Fought Mushrooms","damage_taken":0,"max_hp_gain":0,"max_hp_loss":0,"event_name":"Mushrooms","floor":7,"gold_loss":0},{"damage_healed":0,"gold_gain":78,"player_choice":"Gained Gold","damage_taken":0,"max_hp_gain":0,"max_hp_loss":0,"event_name":"Golden Wing","floor":13,"gold_loss":0},{"damage_healed":0,"gold_gain":0,"player_choice":"Joined the Cult","damage_taken":6,"max_hp_gain":0,"max_hp_loss":0,"event_name":"Nest","floor":19,"gold_loss":0,"cards_obtained":["RitualDagger"]},{"damage_healed":0,"gold_gain":0,"player_choice":"Opened","damage_taken":0,"relics_obtained":["Dream Catcher"],"max_hp_gain":0,"max_hp_loss":0,"event_name":"The Mausoleum","floor":20,"gold_loss":0},{"damage_healed":0,"gold_gain":0,"player_choice":"Bet on Murderer","damage_taken":0,"max_hp_gain":0,"max_hp_loss":0,"event_name":"The Joust","floor":21,"gold_loss":50},{"damage_healed":0,"gold_gain":0,"player_choice":"Inject Mutagens","damage_taken":0,"relics_obtained":["MutagenicStrength"],"max_hp_gain":0,"max_hp_loss":0,"event_name":"Drug Dealer","floor":30,"gold_loss":0}],"is_beta":false,"boss_relics":[{"not_picked":["Pandora\u0027s Box","Philosopher\u0027s Stone"],"picked":"Eternal Feather"}],"items_purged_floors":[],"is_endless":false,"potions_floor_spawned":[3,6,7,8,11,18,22,28,31],"killed_by":"Automaton","ascension_level":0}