{"gold_per_floor":[13,27,42,59,134,134,167,167,167,196,216,242,242,175,175,270,270,285,297,46,60,80,80,180,208,288,288,314,7,7,32,32,131,131,145,105,115,126,137,137,168,168,168,182,210,557,557,586,586,586,586,586,51,82,82],"floor_reached":56,"playtime":4295,"items_purged":["Strike_R","Parasite"],"score":1834,"play_id":"f310e169-71c4-487b-8653-2e55626fe772","local_time":"20190209093404","is_ascension_mode":true,"campfire_choices":[{"data":"Anger","floor":6,"key":"SMITH"},{"data":"Fiend Fire","floor":8,"key":"SMITH"},{"data":"Armaments","floor":13,"key":"SMITH"},{"data":"Offering","floor":15,"key":"SMITH"},{"data":"Corruption","floor":23,"key":"SMITH"},{"data":"Juggernaut","floor":32,"key":"SMITH"},{"floor":40,"key":"RECALL"},{"floor":49,"key":"DIG"},{"floor":52,"key":"DIG"}],"neow_cost":"NO_GOLD","seed_source_timestamp":4741783532325576,"circlet_count":0,"master_deck":["Strike_R","Strike_R","Defend_R","Defend_R","Defend_R","Defend_R","Bash","Offering+1","Power Through","Clothesline","Feel No Pain","Anger+1","Fiend Fire+1","Bludgeon","Seeing Red","Armaments+1","Juggernaut+1","Sever Soul+1","Corruption+1","Finesse","Shrug It Off","Shockwave","Disarm","Shrug It Off","Ghostly","Ghostly","Ghostly","Ghostly","Ghostly","Havoc+1","Ghostly","Battle Trance","Reckless Charge+1","Second Wind","Dropkick+1","Intimidate+1","Barricade","Second Wind","Iron Wave+1","Power Through","Havoc+1","Burning Pact+1","Dual Wield","Impervious","Barricade","Iron Wave+1","Shrug It Off","Uppercut+1","Flex","Evolve+1"],"relics":["Burning Blood","Gremlin Horn","Dodecahedron","Happy Flower","Anchor","Cursed Key","Shovel","Sundial","Pear","Molten Egg 2","Question Card","DollysMirror","Ancient Tea Set","Snecko Eye","Oddly Smooth Stone","Meat on the Bone","Old Coin","Kunai","Ginger","Bottled Tornado","Thread and Needle","Du-Vu Doll"],"potions_floor_usage":[4,12,16,16,18,22,55,55,55],"damage_taken":[{"damage":7,"enemies":"Jaw Worm","floor":1,"turns":3},{"damage":5,"enemies":"Small Slimes","floor":2,"turns":4},{"damage":6,"enemies":"Cultist","floor":3,"turns":3},{"damage":7,"enemies":"2 Fungi Beasts","floor":4,"turns":4},{"damage":18,"enemies":"Gremlin Nob","floor":7,"turns":4},{"damage":9,"enemies":"3 Sentries","floor":10,"turns":7},{"damage":6,"enemies":"3 Louse","floor":11,"turns":2},{"damage":6,"enemies":"Lagavulin","floor":12,"turns":5},{"damage":34,"enemies":"The Guardian","floor":16,"turns":9},{"damage":6,"enemies":"Chosen","floor":18,"turns":3},{"damage":2,"enemies":"2 Thieves","floor":19,"turns":4},{"damage":6,"enemies":"3 Cultists","floor":21,"turns":3},{"damage":6,"enemies":"Cultist and Chosen","floor":22,"turns":4},{"damage":7,"enemies":"Colosseum Slavers","floor":24,"turns":3},{"damage":21,"enemies":"Colosseum Nobs","floor":24,"turns":3},{"damage":6,"enemies":"Gremlin Leader","floor":25,"turns":6},{"damage":6,"enemies":"Slavers","floor":28,"turns":6},{"damage":1,"enemies":"Gremlin Leader","floor":31,"turns":6},{"damage":1,"enemies":"Automaton","floor":33,"turns":8},{"damage":1,"enemies":"3 Darklings","floor":35,"turns":4},{"damage":6,"enemies":"3 Shapes","floor":37,"turns":3},{"damage":1,"enemies":"Maw","floor":38,"turns":4},{"damage":1,"enemies":"Sphere and 2 Shapes","floor":39,"turns":4},{"damage":1,"enemies":"Giant Head","floor":41,"turns":5},{"damage":0,"enemies":"4 Shapes","floor":44,"turns":4},{"damage":1,"enemies":"Nemesis","floor":45,"turns":7},{"damage":0,"enemies":"2 Orb Walkers","floor":46,"turns":5},{"damage":6,"enemies":"Reptomancer","floor":48,"turns":5},{"damage":6,"enemies":"Awakened One","floor":50,"turns":15},{"damage":0,"enemies":"Shield and Spear","floor":54,"turns":6},{"damage":6,"enemies":"The Heart","floor":55,"turns":10}],"seed_played":"-3015203963828341823","potions_obtained":[{"floor":1,"key":"Fire Potion"},{"floor":7,"key":"Poison Potion"},{"floor":11,"key":"Block Potion"},{"floor":12,"key":"BloodPotion"},{"floor":18,"key":"Fruit Juice"},{"floor":19,"key":"PowerPotion"},{"floor":21,"key":"EssenceOfSteel"},{"floor":24,"key":"SmokeBomb"},{"floor":36,"key":"EssenceOfSteel"},{"floor":36,"key":"Fire Potion"},{"floor":38,"key":"LiquidBronze"}],"is_trial":false,"path_per_floor":["M","M","M","M","?","R","E","R","T","E","M","E","R","?","R","B",null,"M","M","$","M","M","R","?","E","T","?","E","$","?","E","R","B",null,"M","?","M","M","M","R","E","?","T","M","E","?","?","E","R","B",null,"R","$","E","B",null],"character_chosen":"IRONCLAD","items_purchased":["Corruption","Finesse","DollysMirror","Battle Trance","Reckless Charge+1","Thread and Needle","Shrug It Off","Uppercut+1","Flex"],"campfire_rested":0,"item_purchase_floors":[20,20,29,29,29,53,53,53,53],"current_hp_per_floor":[79,80,80,79,68,68,56,56,56,53,53,53,53,53,53,33,80,85,85,85,85,85,85,69,79,79,47,47,47,47,47,47,47,47,47,47,47,47,47,47,47,45,45,45,45,45,45,45,45,45,45,45,42,42,42],"gold":82,"neow_bonus":"THREE_RARE_CARDS","is_prod":false,"is_daily":false,"chose_seed":false,"campfire_upgraded":6,"win_rate":0,"timestamp":1549722844,"path_taken":["M","M","M","M","?","R","E","R","T","E","M","E","R","?","R","BOSS","M","M","$","?","M","R","?","E","T","?","E","$","?","E","R","BOSS","M","?","M","?","M","R","E","?","T","M","E","?","?","E","R","BOSS","R","$","E","BOSS"],"build_version":"2019-02-06","purchased_purges":2,"victory":true,"max_hp_per_floor":[80,80,80,80,80,80,80,80,80,80,80,80,80,80,80,80,80,85,85,85,85,85,85,85,95,95,47,47,47,47,47,47,47,47,47,47,47,47,47,47,47,45,45,45,45,45,45,45,45,45,45,45,42,42,42],"card_choices":[{"not_picked":["Barricade","Double Tap"],"picked":"Offering","floor":0},{"not_picked":["Infernal Blade","Cleave"],"picked":"Power Through","floor":1},{"not_picked":["Armaments","Flex"],"picked":"Clothesline","floor":2},{"not_picked":["Havoc","Rupture"],"picked":"Feel No Pain","floor":3},{"not_picked":["True Grit","Battle Trance"],"picked":"Anger","floor":4},{"not_picked":["Feel No Pain","Corruption"],"picked":"Fiend Fire","floor":7},{"not_picked":["Twin Strike","Pommel Strike"],"picked":"Bludgeon","floor":10},{"not_picked":["Clash","Iron Wave"],"picked":"Seeing Red","floor":11},{"not_picked":["Whirlwind","Sword Boomerang"],"picked":"Armaments","floor":12},{"not_picked":["Impervious","Berserk"],"picked":"Juggernaut","floor":16},{"not_picked":["Warcry","Searing Blow"],"picked":"Sever Soul+1","floor":18},{"not_picked":["Seeing Red","Heavy Blade","Combust"],"picked":"SKIP","floor":19},{"not_picked":["Wild Strike","Body Slam"],"picked":"Shrug It Off","floor":21},{"not_picked":["Anger","Rage+1"],"picked":"Shockwave","floor":22},{"not_picked":["Clash","Headbutt"],"picked":"Disarm","floor":24},{"not_picked":["Anger+1","Brutality"],"picked":"Shrug It Off","floor":25},{"not_picked":["Pommel Strike+1","Dual Wield"],"picked":"Havoc+1","floor":28},{"not_picked":["Blood for Blood+1","Armaments","Headbutt+1"],"picked":"Intimidate+1","floor":31},{"not_picked":["Immolate+1","Feed+1","Fiend Fire+1"],"picked":"Barricade","floor":33},{"not_picked":["Cleave+1","Pommel Strike+1","Flex"],"picked":"Second Wind","floor":35},{"not_picked":["Uppercut+1","Headbutt+1","Pommel Strike+1"],"picked":"Iron Wave+1","floor":37},{"not_picked":["Iron Wave+1","Cleave+1","Battle Trance+1"],"picked":"Power Through","floor":38},{"not_picked":["Pommel Strike+1","Armaments+1","Evolve"],"picked":"Havoc+1","floor":39},{"not_picked":["Pommel Strike+1","Dual Wield","True Grit"],"picked":"Burning Pact+1","floor":41},{"not_picked":["Warcry","Pommel Strike+1","Cleave+1"],"picked":"Dual Wield","floor":44},{"not_picked":["Metallicize+1","Heavy Blade+1","Flex"],"picked":"Impervious","floor":45},{"not_picked":["Warcry","Whirlwind+1","Twin Strike+1"],"picked":"Barricade","floor":46},{"not_picked":["Havoc+1","Searing Blow+1","Flex"],"picked":"Iron Wave+1","floor":48},{"not_picked":["Sword Boomerang+1","Pummel+1","Clothesline+1"],"picked":"Evolve+1","floor":54}],"player_experience":4436355,"relics_obtained":[{"floor":7,"key":"Gremlin Horn"},{"floor":10,"key":"Dodecahedron"},{"floor":12,"key":"Happy Flower"},{"floor":24,"key":"Shovel"},{"floor":24,"key":"Sundial"},{"floor":25,"key":"Pear"},{"floor":26,"key":"Molten Egg 2"},{"floor":28,"key":"Question Card"},{"floor":31,"key":"Ancient Tea Set"},{"floor":41,"key":"Oddly Smooth Stone"},{"floor":45,"key":"Meat on the Bone"},{"floor":46,"key":"Old Coin"},{"floor":48,"key":"Kunai"},{"floor":49,"key":"Ginger"},{"floor":52,"key":"Bottled Tornado"},{"floor":54,"key":"Du-Vu Doll"}],"event_choices":[{"damage_healed":0,"gold_gain":75,"player_choice":"Gather Gold","damage_taken":11,"max_hp_gain":0,"max_hp_loss":0,"event_name":"World of Goop","floor":5,"gold_loss":0},{"damage_healed":0,"gold_gain":0,"player_choice":"Paid Gold","damage_taken":0,"relics_obtained":["Anchor"],"max_hp_gain":0,"max_hp_loss":0,"event_name":"WeMeetAgain","floor":14,"gold_loss":67},{"damage_healed":0,"gold_gain":0,"player_choice":"Fight","damage_taken":0,"max_hp_gain":0,"max_hp_loss":0,"event_name":"Colosseum","floor":24,"gold_loss":0},{"damage_healed":0,"gold_gain":0,"player_choice":"Fought Nobs","damage_taken":0,"max_hp_gain":0,"max_hp_loss":0,"event_name":"Colosseum","floor":24,"gold_loss":0},{"damage_healed":0,"gold_gain":0,"player_choice":"Became a Ghost","damage_taken":0,"max_hp_gain":0,"max_hp_loss":48,"event_name":"Ghosts","floor":27,"gold_loss":0,"cards_obtained":["Ghostly","Ghostly","Ghostly","Ghostly","Ghostly"]},{"damage_healed":0,"gold_gain":0,"cards_transformed":["Strike_R","Strike_R"],"player_choice":"Became Test Subject","damage_taken":0,"max_hp_gain":0,"max_hp_loss":0,"event_name":"Drug Dealer","floor":30,"gold_loss":0,"cards_obtained":["Second Wind","Dropkick"]},{"damage_healed":0,"gold_gain":0,"player_choice":"Bought 3 Potions","damage_taken":0,"max_hp_gain":0,"max_hp_loss":0,"event_name":"The Woman in Blue","floor":36,"gold_loss":0},{"damage_healed":0,"gold_gain":0,"player_choice":"Max HP","damage_taken":0,"max_hp_gain":0,"max_hp_loss":2,"event_name":"Winding Halls","floor":42,"gold_loss":0},{"damage_healed":0,"gold_gain":0,"player_choice":"Fight","damage_taken":0,"max_hp_gain":0,"max_hp_loss":0,"event_name":"Mysterious Sphere","floor":46,"gold_loss":0},{"damage_healed":0,"gold_gain":0,"player_choice":"Ignored","damage_taken":0,"max_hp_gain":0,"max_hp_loss":0,"event_name":"Tomb of Lord Red Mask","floor":47,"gold_loss":0}],"is_beta":true,"boss_relics":[{"not_picked":["Mark of Pain","Philosopher\u0027s Stone"],"picked":"Cursed Key"},{"not_picked":["Sozu","Black Blood"],"picked":"Snecko Eye"}],"items_purged_floors":[20,53],"is_endless":false,"potions_floor_spawned":[1,7,11,12,18,19,21,24,37,38,44,45],"ascension_level":1}