{"gold_per_floor":[212,212,225,9,9,9,45,45,72,97,97,141,141,185,185,185],"floor_reached":16,"playtime":442,"items_purged":["Strike_R"],"score":232,"play_id":"bbe44776-7fc6-4fa8-b150-6fc56f1dca3e","local_time":"20190204101440","is_ascension_mode":true,"campfire_choices":[{"data":"Bash","floor":6.0,"key":"SMITH"},{"floor":8,"key":"REST"},{"data":"Armaments","floor":15,"key":"SMITH"}],"neow_cost":"NONE","seed_source_timestamp":2163779758795476,"circlet_count":0,"master_deck":["AscendersBane","Strike_R","Strike_R","Strike_R","Strike_R","Defend_R","Defend_R","Defend_R","Defend_R+1","Bash+1","Twin Strike+1","Anger","Combust","Thunderclap","Dropkick","Armaments+1","Thunderclap"],"special_seed":0,"relics":["Burning Blood","Golden Idol","Juzu Bracelet","Centennial Puzzle","Bag of Marbles","Strawberry"],"potions_floor_usage":[7,12,14],"damage_taken":[{"damage":1.0,"enemies":"2 Louse","floor":1.0,"turns":3.0},{"damage":0.0,"enemies":"Small Slimes","floor":3.0,"turns":3.0},{"damage":13,"enemies":"3 Sentries","floor":7,"turns":6},{"damage":2,"enemies":"Jaw Worm","floor":10,"turns":3},{"damage":32,"enemies":"Lagavulin","floor":12,"turns":4},{"damage":11,"enemies":"Gremlin Nob","floor":14,"turns":3},{"damage":25,"enemies":"Hexaghost","floor":16,"turns":7}],"seed_played":"7712430154081177367","potions_obtained":[{"floor":3.0,"key":"Poison Potion"},{"floor":7,"key":"Poison Potion"}],"is_trial":false,"path_per_floor":["M","?","M","$","?","R","E","R","T","M","?","E","?","E","R","B"],"character_chosen":"IRONCLAD","items_purchased":["Combust","Fire Potion"],"campfire_rested":1,"item_purchase_floors":[4,4],"current_hp_per_floor":[73,47,53,53,53,53,46,68,68,72,72,46,23,25,25,0],"gold":185,"neow_bonus":"HUNDRED_GOLD","is_prod":false,"is_daily":false,"chose_seed":false,"campfire_upgraded":2,"win_rate":0,"timestamp":1549293280,"path_taken":["M","?","M","$","?","R","E","R","T","M","?","E","?","E","R","BOSS"],"build_version":"2019-01-23","purchased_purges":1,"victory":false,"max_hp_per_floor":[75,75,75,75,75,75,75,75,75,75,75,75,75,82,82,82],"card_choices":[{"not_picked":["Iron Wave","Thunderclap"],"picked":"Twin Strike","floor":1.0},{"not_picked":["Heavy Blade","Dual Wield"],"picked":"Anger","floor":3.0},{"not_picked":["Anger","Twin Strike"],"picked":"Thunderclap","floor":7},{"not_picked":["Feed","Heavy Blade"],"picked":"Dropkick","floor":10},{"not_picked":["Hemokinesis","Perfected Strike"],"picked":"Armaments","floor":12},{"not_picked":["Berserk","Anger"],"picked":"Thunderclap","floor":14}],"player_experience":870323,"relics_obtained":[{"floor":7,"key":"Juzu Bracelet"},{"floor":9,"key":"Centennial Puzzle"},{"floor":12,"key":"Bag of Marbles"},{"floor":14,"key":"Strawberry"}],"event_choices":[{"damage_healed":0.0,"max_hp_gain":0.0,"max_hp_loss":0.0,"gold_gain":0.0,"event_name":"Golden Idol","player_choice":"Take Damage","floor":2.0,"gold_loss":0.0,"damage_taken":26.0,"relics_obtained":["Golden Idol"]},{"damage_healed":0.0,"max_hp_gain":0.0,"max_hp_loss":0.0,"gold_gain":0.0,"event_name":"The Cleric","player_choice":"Leave","floor":5.0,"gold_loss":0.0,"damage_taken":0.0},{"damage_healed":0,"gold_gain":0,"player_choice":"Ignored","damage_taken":0,"max_hp_gain":0,"max_hp_loss":0,"event_name":"Liars Game","floor":11,"gold_loss":0},{"damage_healed":0,"gold_gain":0,"player_choice":"Entered Light","damage_taken":23,"max_hp_gain":0,"max_hp_loss":0,"event_name":"Shining Light","floor":13,"gold_loss":0,"cards_upgraded":["Twin Strike","Defend_R"]}],"is_beta":false,"boss_relics":[],"items_purged_floors":[4],"is_endless":false,"potions_floor_spawned":[3,7,10],"killed_by":"Hexaghost","ascension_level":20}