{"gold_per_floor":[109,109,34,34,52,78,101,136,136,146,146,175,69,88,88,183,183,201,214,226,250,265,265,282,307,361,361,387,387],"floor_reached":29,"playtime":5006,"items_purged":[],"score":283,"play_id":"69909888-7365-46e8-8a31-259b7d611250","local_time":"20190203181049","is_ascension_mode":false,"campfire_choices":[{"data":"Armaments","floor":11,"key":"SMITH"},{"floor":15,"key":"REST"},{"data":"Bloodletting","floor":23,"key":"SMITH"},{"floor":27,"key":"REST"}],"neow_cost":"","seed_source_timestamp":424110047386600,"circlet_count":0,"master_deck":["Strike_R","Strike_R","Strike_R","Strike_R","Strike_R","Defend_R","Defend_R","Defend_R","Defend_R","Bash","Pommel Strike+1","Metallicize","Bloodletting+1","Shrug It Off","Flex","Armaments+1","Blood for Blood","Battle Trance","Clash","Trip","Carnage","Demon Form","Sword Boomerang+1","Sword Boomerang+1","Double Tap","Fire Breathing","Iron Wave","Cleave+1"],"relics":["Burning Blood","Letter Opener","Odd Mushroom","Centennial Puzzle","Bottled Lightning","Anchor","White Beast Statue","Lantern","Boot","Blood Vial","Calipers"],"potions_floor_usage":[18,19,20,22,25],"damage_taken":[{"damage":3,"enemies":"Small Slimes","floor":1,"turns":3},{"damage":3,"enemies":"Cultist","floor":5,"turns":3},{"damage":37,"enemies":"Lagavulin","floor":6,"turns":9},{"damage":16,"enemies":"The Mushroom Lair","floor":7,"turns":6},{"damage":15,"enemies":"Gremlin Nob","floor":8,"turns":4},{"damage":0,"enemies":"Jaw Worm","floor":10,"turns":3},{"damage":29,"enemies":"Lagavulin","floor":12,"turns":5},{"damage":0,"enemies":"3 Louse","floor":14,"turns":2},{"damage":31,"enemies":"The Guardian","floor":16,"turns":9},{"damage":21,"enemies":"3 Byrds","floor":18,"turns":6},{"damage":10,"enemies":"Spheric Guardian","floor":19,"turns":4},{"damage":15,"enemies":"Centurion and Healer","floor":20,"turns":6},{"damage":3,"enemies":"Snake Plant","floor":22,"turns":4},{"damage":10,"enemies":"Snecko","floor":24,"turns":4},{"damage":57,"enemies":"Slavers","floor":25,"turns":6},{"damage":26,"enemies":"Book of Stabbing","floor":28,"turns":6},{"damage":24,"enemies":"Shelled Parasite and Fungi","floor":29,"turns":3}],"seed_played":"-2092472345362927677","potions_obtained":[{"floor":5,"key":"EssenceOfSteel"},{"floor":6,"key":"BloodPotion"},{"floor":8,"key":"PowerPotion"},{"floor":18,"key":"SteroidPotion"},{"floor":19,"key":"Strength Potion"},{"floor":20,"key":"SpeedPotion"},{"floor":22,"key":"FearPotion"},{"floor":25,"key":"Poison Potion"}],"is_trial":false,"path_per_floor":["M","?","$","?","M","E","?","E","T","M","R","E","$","M","R","B",null,"M","M","M","T","M","R","M","E","T","R","E","M"],"character_chosen":"IRONCLAD","items_purchased":["Metallicize","Clash","Trip"],"campfire_rested":2,"item_purchase_floors":[3,13,13],"current_hp_per_floor":[80,80,80,80,80,49,39,30,30,36,36,13,13,19,43,18,80,65,61,60,60,63,63,59,8,8,32,14,0],"gold":387,"neow_bonus":"","is_prod":false,"is_daily":false,"chose_seed":false,"campfire_upgraded":2,"win_rate":0.0,"timestamp":1549213849,"path_taken":["M","?","?","?","M","E","?","E","T","M","R","E","?","M","R","BOSS","M","?","M","?","M","R","M","E","T","R","E","M"],"build_version":"2019-01-23","purchased_purges":0,"victory":false,"max_hp_per_floor":[80,80,80,80,80,80,80,80,80,80,80,80,80,80,80,80,80,80,80,80,80,80,80,80,80,80,80,80,80],"card_choices":[{"not_picked":["Twin Strike","Flex"],"picked":"Pommel Strike","floor":1},{"not_picked":["True Grit","Pommel Strike"],"picked":"Bloodletting","floor":5},{"not_picked":["Headbutt","Impervious"],"picked":"Shrug It Off","floor":6},{"not_picked":["Pummel","Rampage"],"picked":"Flex","floor":7},{"not_picked":["Perfected Strike","Disarm"],"picked":"Armaments","floor":8},{"not_picked":["Armaments","Uppercut"],"picked":"Blood for Blood","floor":10},{"not_picked":["Headbutt","Clash"],"picked":"Battle Trance","floor":12},{"not_picked":["Armaments","Disarm"],"picked":"Carnage","floor":14},{"not_picked":["Offering","Bludgeon"],"picked":"Demon Form","floor":16},{"not_picked":["Infernal Blade","Twin Strike"],"picked":"Sword Boomerang+1","floor":18},{"not_picked":["Warcry","Anger"],"picked":"Sword Boomerang+1","floor":19},{"not_picked":["Body Slam","Uppercut","Anger+1"],"picked":"SKIP","floor":20},{"not_picked":["Iron Wave+1","Carnage+1"],"picked":"Double Tap","floor":22},{"not_picked":["Shrug It Off","Iron Wave"],"picked":"Fire Breathing","floor":24},{"not_picked":["Headbutt+1","Hemokinesis"],"picked":"Iron Wave","floor":25},{"not_picked":["Headbutt","Dropkick"],"picked":"Cleave+1","floor":28}],"player_experience":0,"relics_obtained":[{"floor":6,"key":"Letter Opener"},{"floor":7,"key":"Odd Mushroom"},{"floor":8,"key":"Centennial Puzzle"},{"floor":9,"key":"Bottled Lightning"},{"floor":12,"key":"Anchor"},{"floor":21,"key":"Lantern"},{"floor":25,"key":"Boot"},{"floor":26,"key":"Blood Vial"},{"floor":28,"key":"Calipers"}],"event_choices":[{"damage_healed":0,"gold_gain":0,"player_choice":"Upgraded","damage_taken":0,"max_hp_gain":0,"max_hp_loss":0,"event_name":"Upgrade Shrine","floor":2,"gold_loss":0,"cards_upgraded":["Pommel Strike"]},{"damage_healed":0,"gold_gain":0,"player_choice":"Leave","damage_taken":0,"max_hp_gain":0,"max_hp_loss":0,"event_name":"The Cleric","floor":4,"gold_loss":0},{"damage_healed":0,"gold_gain":0,"player_choice":"Fought Mushrooms","damage_taken":0,"max_hp_gain":0,"max_hp_loss":0,"event_name":"Mushrooms","floor":7,"gold_loss":0}],"is_beta":false,"boss_relics":[{"not_picked":["Velvet Choker","Mark of Pain"],"picked":"White Beast Statue"}],"items_purged_floors":[],"is_endless":false,"potions_floor_spawned":[5,6,8,14,18,19,20,22,24,25,28],"killed_by":"Shelled Parasite and Fungi","ascension_level":0}