{"gold_per_floor":[117,131,131,151,162,162,195,195,195,195,207,236,256,269,269,374,424,435,435,99,113,127,127,145,145,168,185,204,221,51,66,66,164,164,179,193,193],"floor_reached":37,"playtime":4475,"items_purged":["Strike_R","Strike_R"],"score":414,"play_id":"2c3407e3-d0ab-4209-95ee-68465cdbb616","local_time":"20190216021156","is_ascension_mode":false,"campfire_choices":[{"floor":6,"key":"REST"},{"floor":8,"key":"REST"},{"data":"Metallicize","floor":10,"key":"SMITH"},{"data":"Armaments","floor":15,"key":"SMITH"},{"floor":23,"key":"REST"},{"data":"Body Slam","floor":25,"key":"SMITH"},{"floor":32,"key":"REST"}],"neow_cost":"NONE","seed_source_timestamp":71556319786499,"circlet_count":0,"master_deck":["Strike_R","Strike_R+1","Defend_R+1","Defend_R","Defend_R","Defend_R","Bash","Pommel Strike","Headbutt+1","Shrug It Off","Metallicize+1","Cleave","Armaments+1","Rage","Rampage","Barricade","Iron Wave","Shrug It Off","Armaments","Pommel Strike","Body Slam+1","Shrug It Off+1","Iron Wave","Dual Wield","Body Slam","Reaper","Iron Wave+1"],"relics":["Black Blood","Strawberry","Meat on the Bone","Whetstone","Blood Vial","Tiny House","TheAbacus","Boot"],"potions_floor_usage":[12,12,12,28,33,33,33,35],"damage_taken":[{"damage":1,"enemies":"2 Louse","floor":1,"turns":3},{"damage":2,"enemies":"Small Slimes","floor":2,"turns":4},{"damage":10,"enemies":"Cultist","floor":4,"turns":4},{"damage":40,"enemies":"Gremlin Gang","floor":5,"turns":5},{"damage":36,"enemies":"Gremlin Nob","floor":7,"turns":5},{"damage":11,"enemies":"Exordium Thugs","floor":11,"turns":4},{"damage":28,"enemies":"Lagavulin","floor":12,"turns":5},{"damage":9,"enemies":"2 Fungi Beasts","floor":13,"turns":2},{"damage":2,"enemies":"Red Slaver","floor":14,"turns":4},{"damage":53,"enemies":"Slime Boss","floor":16,"turns":16},{"damage":23,"enemies":"Spheric Guardian","floor":18,"turns":7},{"damage":41,"enemies":"Chosen","floor":21,"turns":10},{"damage":32,"enemies":"Centurion and Healer","floor":22,"turns":13},{"damage":14,"enemies":"Snake Plant","floor":24,"turns":8},{"damage":14,"enemies":"Cultist and Chosen","floor":27,"turns":10},{"damage":21,"enemies":"3 Cultists","floor":28,"turns":9},{"damage":16,"enemies":"Snake Plant","floor":29,"turns":9},{"damage":8,"enemies":"Shelled Parasite and Fungi","floor":31,"turns":13},{"damage":30,"enemies":"Automaton","floor":33,"turns":11},{"damage":79,"enemies":"3 Darklings","floor":35,"turns":16},{"damage":47,"enemies":"Orb Walker","floor":36,"turns":7},{"damage":31,"enemies":"Maw","floor":37,"turns":5}],"seed_played":"3077064141228411326","potions_obtained":[{"floor":2,"key":"LiquidBronze"},{"floor":5,"key":"Poison Potion"},{"floor":7,"key":"LiquidBronze"},{"floor":11,"key":"SkillPotion"},{"floor":16,"key":"Strength Potion"},{"floor":17,"key":"Weak Potion"},{"floor":18,"key":"PowerPotion"},{"floor":28,"key":"PowerPotion"},{"floor":29,"key":"Poison Potion"},{"floor":33,"key":"Block Potion"}],"is_trial":false,"path_per_floor":["M","M","?","M","M","R","E","R","T","R","M","E","M","M","R","B",null,"M","?","$","M","M","R","M","R","T","M","M","M","$","M","R","B",null,"M","M","M"],"character_chosen":"IRONCLAD","items_purchased":["Shrug It Off","TheAbacus","Armaments","Dual Wield"],"campfire_rested":4,"item_purchase_floors":[20,20,20,30],"current_hp_per_floor":[88,88,77,73,39,67,37,65,65,65,60,50,61,67,67,34,100,83,83,83,62,50,80,74,74,74,68,67,59,59,59,89,67,100,48,25,0],"gold":193,"neow_bonus":"TEN_PERCENT_HP_BONUS","is_prod":false,"is_daily":false,"chose_seed":false,"campfire_upgraded":3,"win_rate":0.0,"timestamp":1550279516,"path_taken":["M","M","?","M","M","R","E","R","T","R","M","E","M","M","R","BOSS","M","?","?","M","M","R","M","R","T","M","M","M","$","M","R","BOSS","M","M","M"],"build_version":"2019-01-23","purchased_purges":2,"victory":false,"max_hp_per_floor":[88,88,95,95,95,95,95,95,95,95,95,95,95,95,95,95,100,100,100,100,100,100,100,100,100,100,100,100,100,100,100,100,100,100,100,100,100],"card_choices":[{"not_picked":["Body Slam","Twin Strike"],"picked":"Pommel Strike","floor":1},{"not_picked":["Second Wind","Clash","Flame Barrier"],"picked":"SKIP","floor":2},{"not_picked":["Ghostly Armor","Thunderclap"],"picked":"Headbutt","floor":4},{"not_picked":["True Grit","Twin Strike"],"picked":"Shrug It Off","floor":5},{"not_picked":["Feed","Bloodletting"],"picked":"Metallicize","floor":7},{"not_picked":["Pummel","Anger"],"picked":"Cleave","floor":11},{"not_picked":["Metallicize","Blood for Blood"],"picked":"Armaments","floor":12},{"not_picked":["Cleave","Dropkick"],"picked":"Rage","floor":13},{"not_picked":["Battle Trance","Thunderclap"],"picked":"Rampage","floor":14},{"not_picked":["Reaper","Offering"],"picked":"Barricade","floor":16},{"not_picked":["True Grit","Sword Boomerang","Pummel"],"picked":"SKIP","floor":18},{"not_picked":["Uppercut","Perfected Strike"],"picked":"Pommel Strike","floor":21},{"not_picked":["Clash","Pommel Strike","Clothesline+1"],"picked":"SKIP","floor":22},{"not_picked":["Ghostly Armor","Twin Strike"],"picked":"Body Slam","floor":24},{"not_picked":["Combust","Double Tap"],"picked":"Shrug It Off+1","floor":27},{"not_picked":["True Grit","Perfected Strike"],"picked":"Iron Wave","floor":28},{"not_picked":["True Grit","Anger","Perfected Strike"],"picked":"SKIP","floor":29},{"not_picked":["Shrug It Off","Iron Wave"],"picked":"Body Slam","floor":31},{"not_picked":["Berserk","Barricade"],"picked":"Reaper","floor":33},{"not_picked":["Cleave+1","Warcry+1"],"picked":"Iron Wave+1","floor":35},{"not_picked":["Clothesline","Anger","Uppercut"],"picked":"SKIP","floor":36}],"player_experience":9534,"relics_obtained":[{"floor":7,"key":"Meat on the Bone"},{"floor":9,"key":"Whetstone"},{"floor":12,"key":"Blood Vial"},{"floor":26,"key":"Boot"}],"event_choices":[{"damage_healed":0,"gold_gain":0,"player_choice":"Success","damage_taken":18,"relics_obtained":["Strawberry"],"max_hp_gain":0,"max_hp_loss":0,"event_name":"Scrap Ooze","floor":3,"gold_loss":0},{"cards_removed":["Strike_R"],"damage_healed":0,"gold_gain":0,"player_choice":"Took Card","damage_taken":0,"max_hp_gain":0,"max_hp_loss":0,"event_name":"NoteForYourself","floor":19,"gold_loss":0,"cards_obtained":["Iron Wave"]}],"is_beta":false,"boss_relics":[{"not_picked":["Velvet Choker","Snecko Eye"],"picked":"Tiny House"},{"not_picked":["Empty Cage","Lizard Tail"],"picked":"Black Blood"}],"items_purged_floors":[20,30],"is_endless":false,"potions_floor_spawned":[2,5,7,11,16,18,24,28,29,33],"killed_by":"Maw","ascension_level":0}