{"gold_per_floor":[99,31,43,43,66,66,99,99,99,117,72,85,85,85,85,213,213,226,226],"floor_reached":19,"playtime":843,"items_purged":[],"score":324,"play_id":"f2eb9916-f918-44af-9b33-9b6d2b81b17c","local_time":"20190218013502","is_ascension_mode":true,"campfire_choices":[{"data":"Neutralize","floor":6,"key":"SMITH"},{"data":"Backflip","floor":13,"key":"SMITH"},{"data":"Well Laid Plans","floor":15,"key":"SMITH"}],"neow_cost":"NONE","seed_source_timestamp":229700179312900,"circlet_count":0,"master_deck":["Defend_G","Defend_G","Defend_G","Defend_G","Defend_G","Strike_G","Strike_G","Strike_G","Strike_G","Survivor","Neutralize+1","Deadly Poison","Well Laid Plans+1","Backflip+1","Deadly Poison","Prepared","Cloak And Dagger","Backflip","After Image","Clumsy","Shame","Injury","Infinite Blades"],"relics":["Ring of the Snake","NeowsBlessing","PreservedInsect","Bag of Marbles","Golden Idol","Paper Crane","Calling Bell","Blood Vial","Matryoshka","Ginger"],"potions_floor_usage":[],"damage_taken":[{"damage":0,"enemies":"Jaw Worm","floor":1,"turns":1},{"damage":0,"enemies":"Small Slimes","floor":3,"turns":1},{"damage":0,"enemies":"Gremlin Nob","floor":7,"turns":1},{"damage":0,"enemies":"Cultist","floor":10,"turns":3},{"damage":0,"enemies":"Red Slaver","floor":12,"turns":5},{"damage":0,"enemies":"The Guardian","floor":16,"turns":10},{"damage":9,"enemies":"Spheric Guardian","floor":18,"turns":5},{"damage":12,"enemies":"3 Byrds","floor":19,"turns":4}],"seed_played":"-6175979105470998360","potions_obtained":[{"floor":7,"key":"Strength Potion"},{"floor":12,"key":"Fire Potion"}],"is_trial":false,"path_per_floor":["M","$","M","?","T","R","E","?","T","M","$","M","R","?","R","B",null,"M","M"],"character_chosen":"THE_SILENT","items_purchased":["Well Laid Plans","Cloak And Dagger"],"campfire_rested":0,"item_purchase_floors":[2,11],"current_hp_per_floor":[63,63,63,38,38,38,38,21,21,21,21,21,21,21,21,21,58,51,41],"gold":226,"neow_bonus":"THREE_ENEMY_KILL","is_prod":false,"is_daily":false,"chose_seed":false,"campfire_upgraded":3,"win_rate":0,"timestamp":1550450102,"path_taken":["M","$","M","?","?","R","E","?","T","M","$","M","R","?","R","BOSS","M","?"],"build_version":"2019-01-23","purchased_purges":0,"victory":false,"max_hp_per_floor":[70,70,70,70,70,70,70,70,70,70,70,70,70,70,70,70,70,70,70],"card_choices":[{"not_picked":["Deflect","Distraction"],"picked":"Deadly Poison","floor":1},{"not_picked":["Poisoned Stab","Bullet Time"],"picked":"Backflip","floor":3},{"not_picked":["Bane","Outmaneuver"],"picked":"Deadly Poison","floor":7},{"not_picked":["Outmaneuver","Bane"],"picked":"Prepared","floor":10},{"not_picked":["Bane","Choke"],"picked":"Backflip","floor":12},{"not_picked":["Burst","Storm of Steel"],"picked":"After Image","floor":16},{"not_picked":["Skewer","Endless Agony+1"],"picked":"Infinite Blades","floor":18}],"player_experience":217735,"relics_obtained":[{"floor":7,"key":"Bag of Marbles"},{"floor":9,"key":"Paper Crane"},{"floor":17,"key":"Blood Vial"},{"floor":17,"key":"Matryoshka"},{"floor":17,"key":"Ginger"}],"event_choices":[{"damage_healed":0,"gold_gain":0,"player_choice":"Success","damage_taken":25,"relics_obtained":["PreservedInsect"],"max_hp_gain":0,"max_hp_loss":0,"event_name":"Scrap Ooze","floor":4,"gold_loss":0},{"damage_healed":0,"gold_gain":0,"player_choice":"Take Damage","damage_taken":17,"relics_obtained":["Golden Idol"],"max_hp_gain":0,"max_hp_loss":0,"event_name":"Golden Idol","floor":8,"gold_loss":0},{"cards_removed":["Strike_G"],"damage_healed":0,"gold_gain":0,"player_choice":"Purged","damage_taken":0,"max_hp_gain":0,"max_hp_loss":0,"event_name":"Purifier","floor":14,"gold_loss":0}],"is_beta":false,"boss_relics":[{"not_picked":["Fusion Hammer","HoveringKite"],"picked":"Calling Bell"}],"items_purged_floors":[],"is_endless":false,"potions_floor_spawned":[7,12],"killed_by":"3 Byrds","ascension_level":7}