{"gold_per_floor":[110,110,110,110,110,136,136,163,163,176,203,203,222,234,234,332,332,345,345,620,593,593,593],"floor_reached":23,"playtime":2141,"items_purged":[],"score":296,"play_id":"32f30bcd-b992-4be1-ab81-1f0480ef7a2a","local_time":"20190211020136","is_ascension_mode":true,"campfire_choices":[{"data":"Barricade","floor":12,"key":"SMITH"},{"data":"Shrug It Off","floor":15,"key":"SMITH"}],"neow_cost":"NONE","seed_source_timestamp":1060035096724400,"circlet_count":0,"master_deck":["Strike_R","Strike_R","Strike_R","Defend_R","Defend_R","Defend_R+1","Defend_R+1","Bash","Headbutt","Burning Pact","Shrug It Off+1","Dropkick","Barricade+1","Twin Strike","Armaments","Body Slam","Impervious","Regret","Shrug It Off"],"relics":["Burning Blood","NeowsBlessing","Blue Candle","Question Card","Bottled Lightning","Coffee Dripper"],"potions_floor_usage":[],"damage_taken":[{"damage":0,"enemies":"2 Louse","floor":1,"turns":1},{"damage":0,"enemies":"Gremlin Nob","floor":6,"turns":1},{"damage":0,"enemies":"3 Sentries","floor":8,"turns":2},{"damage":0,"enemies":"Cultist","floor":10,"turns":3},{"damage":44,"enemies":"Lagavulin","floor":11,"turns":12},{"damage":4,"enemies":"Jaw Worm","floor":13,"turns":6},{"damage":15,"enemies":"Gremlin Gang","floor":14,"turns":8},{"damage":7,"enemies":"Hexaghost","floor":16,"turns":13},{"damage":9,"enemies":"Spheric Guardian","floor":18,"turns":8},{"damage":40,"enemies":"2 Thieves","floor":21,"turns":5},{"damage":26,"enemies":"Slavers","floor":23,"turns":5}],"seed_played":"-184313299875441676","potions_obtained":[{"floor":1,"key":"FearPotion"},{"floor":6,"key":"Ancient Potion"},{"floor":16,"key":"SteroidPotion"}],"is_trial":false,"path_per_floor":["M","?","$","?","$","E","?","E","T","M","E","R","M","M","R","B",null,"M","?","?","M","?","E"],"character_chosen":"IRONCLAD","items_purchased":[],"campfire_rested":0,"item_purchase_floors":[],"current_hp_per_floor":[80,80,80,64,64,70,70,76,76,80,42,42,44,35,35,34,80,77,62,62,28,28,2],"gold":593,"neow_bonus":"THREE_ENEMY_KILL","is_prod":false,"is_daily":false,"chose_seed":false,"campfire_upgraded":2,"win_rate":0,"timestamp":1549846896,"path_taken":["M","?","$","?","$","E","?","E","T","M","E","R","M","?","R","BOSS","M","?","?","?","?","E"],"build_version":"2019-01-23","purchased_purges":0,"victory":false,"max_hp_per_floor":[80,80,80,80,80,80,80,80,80,80,80,80,80,80,80,80,80,80,85,85,85,85,85],"card_choices":[{"not_picked":["Second Wind","Havoc"],"picked":"Headbutt","floor":1},{"not_picked":["Clash","Carnage"],"picked":"Shrug It Off","floor":6},{"not_picked":["Feel No Pain","Anger"],"picked":"Dropkick","floor":8},{"not_picked":["Anger","Cleave","True Grit"],"picked":"Barricade","floor":10},{"not_picked":["Warcry","Hemokinesis","Inflame"],"picked":"Twin Strike","floor":11},{"not_picked":["Corruption","Pommel Strike","Rupture"],"picked":"Armaments","floor":13},{"not_picked":["Intimidate","Blood for Blood","Pommel Strike"],"picked":"Body Slam","floor":14},{"not_picked":["Immolate","Double Tap","Brutality"],"picked":"Impervious","floor":16},{"not_picked":["Clothesline","Fire Breathing","Havoc","Heavy Blade+1"],"picked":"SKIP","floor":18},{"not_picked":["Sword Boomerang+1","Headbutt","Perfected Strike","Flex"],"picked":"SKIP","floor":21}],"player_experience":104028,"relics_obtained":[{"floor":6,"key":"Blue Candle"},{"floor":8,"key":"Question Card"},{"floor":11,"key":"Bottled Lightning"}],"event_choices":[{"damage_healed":0,"gold_gain":0,"cards_transformed":["Strike_R"],"player_choice":"Change","damage_taken":0,"max_hp_gain":0,"max_hp_loss":0,"event_name":"Living Wall","floor":2,"gold_loss":0,"cards_obtained":["Burning Pact"]},{"damage_healed":0,"gold_gain":0,"player_choice":"Entered Light","damage_taken":16,"max_hp_gain":0,"max_hp_loss":0,"event_name":"Shining Light","floor":4,"gold_loss":0,"cards_upgraded":["Defend_R","Defend_R"]},{"cards_removed":["Strike_R"],"damage_healed":0,"gold_gain":0,"player_choice":"Purged","damage_taken":0,"max_hp_gain":0,"max_hp_loss":0,"event_name":"Purifier","floor":7,"gold_loss":0},{"damage_healed":0,"gold_gain":0,"player_choice":"Shed Blood","damage_taken":20,"max_hp_gain":5,"max_hp_loss":0,"event_name":"Forgotten Altar","floor":19,"gold_loss":0},{"damage_healed":0,"gold_gain":275,"player_choice":"Desecrate","damage_taken":0,"max_hp_gain":0,"max_hp_loss":0,"event_name":"Golden Shrine","floor":20,"gold_loss":0,"cards_obtained":["Regret"]},{"damage_healed":0,"gold_gain":0,"player_choice":"Read","damage_taken":0,"max_hp_gain":0,"max_hp_loss":0,"event_name":"The Library","floor":22,"gold_loss":0,"cards_obtained":["Shrug It Off"]}],"is_beta":false,"boss_relics":[{"not_picked":["Velvet Choker","Mark of Pain"],"picked":"Coffee Dripper"}],"items_purged_floors":[],"is_endless":false,"potions_floor_spawned":[1,6,16],"killed_by":"Slavers","ascension_level":3}