{"gold_per_floor":[217,236,248,248,2,2,28,28,28,91,111,136,136,36,36,141,141,153,28,28,43,58,58,87,120,143,143,168,168,201,126,126,227,227,247,247,247,265,282,309,341,373,399,433,76,102,112,127,127,127,127,127,15,45,45],"floor_reached":56,"playtime":4374,"items_purged":["Defend_R","Strike_R","Defend_R"],"score":1753,"play_id":"86faed92-355a-4987-a6bb-e2b63403fefc","local_time":"20181104110424","is_ascension_mode":true,"campfire_choices":[{"data":"True Grit","floor":6,"key":"SMITH"},{"data":"Mayhem","floor":8,"key":"SMITH"},{"data":"Barricade","floor":13,"key":"SMITH"},{"data":"Entrench","floor":15,"key":"SMITH"},{"data":"Armaments","floor":23,"key":"SMITH"},{"data":"Brutality","floor":27,"key":"SMITH"},{"floor":29,"key":"REST"},{"data":"Juggernaut","floor":32,"key":"SMITH"},{"floor":49,"key":"RECALL"},{"data":"Evolve","floor":52,"key":"SMITH"}],"neow_cost":"NONE","seed_source_timestamp":884206134066810,"circlet_count":0,"master_deck":["Strike_R","Defend_R","Defend_R","Bash","Rampage","True Grit+1","Shrug It Off","Mayhem+1","Brutality+1","Shrug It Off","Barricade+1","Entrench+1","Bludgeon","Disarm","Ghostly","Ghostly","Ghostly","Ghostly","Ghostly","Headbutt","Armaments+1","Blood for Blood+1","Evolve+1","Juggernaut+1","Berserk","Shrug It Off+1","Shockwave+1","Ghostly Armor+1","Feed","Exhume+1","Exhume+1","Headbutt","Clothesline+1","Warcry+1","Dark Shackles+1","Impervious+1"],"relics":["Burning Blood","Bird Faced Urn","Bottled Flame","Charon\u0027s Ashes","Vajra","Sozu","WingedGreaves","Bronze Scales","Centennial Puzzle","Anchor","Bottled Lightning","Runic Dome","Dead Branch","Toxic Egg 2","Dream Catcher","Art of War","Blood Vial","DollysMirror","Oddly Smooth Stone","The Courier","Sundial"],"potions_floor_usage":[7,21],"damage_taken":[{"damage":6,"enemies":"2 Louse","floor":1,"turns":3},{"damage":6,"enemies":"Jaw Worm","floor":2,"turns":3},{"damage":6,"enemies":"Cultist","floor":3,"turns":3},{"damage":26,"enemies":"3 Sentries","floor":7,"turns":13},{"damage":28,"enemies":"Gremlin Nob","floor":10,"turns":4},{"damage":5,"enemies":"Red Slaver","floor":11,"turns":4},{"damage":31,"enemies":"Gremlin Nob","floor":12,"turns":5},{"damage":14,"enemies":"Hexaghost","floor":16,"turns":10},{"damage":0,"enemies":"Shell Parasite","floor":18,"turns":6},{"damage":7,"enemies":"3 Byrds","floor":21,"turns":3},{"damage":6,"enemies":"Sentry and Sphere","floor":22,"turns":6},{"damage":14,"enemies":"Gremlin Leader","floor":24,"turns":8},{"damage":7,"enemies":"Book of Stabbing","floor":25,"turns":6},{"damage":36,"enemies":"Slavers","floor":28,"turns":5},{"damage":7,"enemies":"Book of Stabbing","floor":30,"turns":6},{"damage":8,"enemies":"Champ","floor":33,"turns":9},{"damage":5,"enemies":"3 Darklings","floor":35,"turns":6},{"damage":2,"enemies":"Orb Walker","floor":38,"turns":3},{"damage":4,"enemies":"Spire Growth","floor":39,"turns":5},{"damage":3,"enemies":"Reptomancer","floor":40,"turns":4},{"damage":6,"enemies":"Nemesis","floor":41,"turns":7},{"damage":8,"enemies":"Giant Head","floor":42,"turns":9},{"damage":5,"enemies":"Reptomancer","floor":44,"turns":6},{"damage":6,"enemies":"Giant Head","floor":46,"turns":7},{"damage":3,"enemies":"4 Shapes","floor":47,"turns":4},{"damage":7,"enemies":"Writhing Mass","floor":48,"turns":5},{"damage":11,"enemies":"Donu and Deca","floor":50,"turns":10},{"damage":6,"enemies":"Shield and Spear","floor":54,"turns":7},{"damage":15,"enemies":"The Heart","floor":55,"turns":7}],"seed_played":"1082276006135923056","potions_obtained":[{"floor":2,"key":"Fire Potion"},{"floor":7,"key":"LiquidBronze"},{"floor":16,"key":"BloodPotion"}],"is_trial":false,"path_per_floor":["M","M","M","?","$","R","E","R","T","?","M","E","R","$","R","B",null,"M","$","?","M","M","R","E","E","T","R","E","R","E","?","R","B",null,"M","?","T","M","M","E","E","E","T","E","$","E","M","M","R","B",null,"R","$","E","B",null],"character_chosen":"IRONCLAD","items_purchased":["Mayhem","DollysMirror","Oddly Smooth Stone","Warcry+1","Dark Shackles+1"],"campfire_rested":1,"item_purchase_floors":[5,45,45,53,53],"current_hp_per_floor":[80,80,80,80,80,80,60,60,60,42,47,26,26,26,26,24,80,80,80,40,40,40,40,38,40,40,40,12,24,31,31,31,39,40,40,40,40,40,40,40,40,40,40,40,40,43,52,52,52,55,55,55,55,55,55],"gold":45,"neow_bonus":"HUNDRED_GOLD","is_prod":false,"is_daily":false,"chose_seed":false,"campfire_upgraded":8,"win_rate":0,"timestamp":1541347464,"path_taken":["M","M","M","?","$","R","E","R","T","?","M","E","R","?","R","BOSS","M","$","?","M","M","R","E","E","T","R","E","R","E","?","R","BOSS","M","?","?","M","M","E","E","E","T","E","$","E","M","M","R","BOSS","R","$","E","BOSS"],"build_version":"2018-11-02","purchased_purges":3,"victory":true,"max_hp_per_floor":[80,80,80,80,80,80,80,80,80,80,80,80,80,80,80,80,80,80,80,40,40,40,40,40,40,40,40,40,40,40,40,40,40,40,40,40,40,40,40,40,40,40,40,40,40,43,52,52,52,55,55,55,55,55,55],"card_choices":[{"not_picked":["Iron Wave","Second Wind"],"picked":"Rampage","floor":1},{"not_picked":["Intimidate","Anger"],"picked":"True Grit","floor":2},{"not_picked":["Seeing Red","Heavy Blade"],"picked":"Shrug It Off","floor":3},{"not_picked":["Dual Wield","Power Through"],"picked":"Brutality","floor":7},{"not_picked":["Carnage","Wild Strike"],"picked":"Shrug It Off","floor":10},{"not_picked":["Shrug It Off","Pommel Strike"],"picked":"Barricade","floor":11},{"not_picked":["Shrug It Off","Headbutt"],"picked":"Entrench","floor":12},{"not_picked":["Reaper","Exhume"],"picked":"Bludgeon","floor":16},{"not_picked":["Cleave","Armaments"],"picked":"Disarm","floor":18},{"not_picked":["Cleave+1","Pommel Strike"],"picked":"Headbutt","floor":21},{"not_picked":["Shrug It Off","Wild Strike"],"picked":"Armaments","floor":22},{"not_picked":["Uppercut","Havoc+1"],"picked":"Blood for Blood+1","floor":24},{"not_picked":["Fire Breathing+1","Barricade","Blood for Blood"],"picked":"SKIP","floor":25},{"not_picked":["Bludgeon","Juggernaut"],"picked":"Evolve","floor":28},{"not_picked":["Twin Strike","Spot Weakness"],"picked":"Juggernaut","floor":30},{"not_picked":["Demon Form","Brutality"],"picked":"Berserk","floor":33},{"not_picked":["Corruption+1","Anger+1"],"picked":"Shrug It Off+1","floor":35},{"not_picked":["Infernal Blade","Blood for Blood+1"],"picked":"Shockwave+1","floor":38},{"not_picked":["Armaments","Heavy Blade","Second Wind+1"],"picked":"SKIP","floor":39},{"not_picked":["Carnage","Fire Breathing","Reckless Charge"],"picked":"SKIP","floor":40},{"not_picked":["Pommel Strike+1","Heavy Blade"],"picked":"Ghostly Armor+1","floor":41},{"not_picked":["Flex+1","Disarm+1"],"picked":"Feed","floor":42},{"not_picked":["Twin Strike+1","Sentinel+1"],"picked":"Exhume+1","floor":44},{"not_picked":["Wild Strike+1","Combust+1"],"picked":"Headbutt","floor":46},{"not_picked":["Pommel Strike","Evolve+1","Rage+1"],"picked":"SKIP","floor":47},{"not_picked":["Armaments+1","Sever Soul"],"picked":"Clothesline+1","floor":48},{"not_picked":["Twin Strike+1","Cleave"],"picked":"Impervious+1","floor":54}],"player_experience":3284675,"relics_obtained":[{"floor":7,"key":"Bird Faced Urn"},{"floor":9,"key":"Bottled Flame"},{"floor":12,"key":"Vajra"},{"floor":24,"key":"WingedGreaves"},{"floor":25,"key":"Bronze Scales"},{"floor":26,"key":"Centennial Puzzle"},{"floor":28,"key":"Anchor"},{"floor":30,"key":"Bottled Lightning"},{"floor":37,"key":"Dead Branch"},{"floor":40,"key":"Toxic Egg 2"},{"floor":41,"key":"Dream Catcher"},{"floor":42,"key":"Art of War"},{"floor":44,"key":"Blood Vial"},{"floor":46,"key":"The Courier"},{"floor":54,"key":"Sundial"}],"event_choices":[{"cards_removed":["Strike_R"],"damage_healed":0,"gold_gain":0,"player_choice":"Forget","damage_taken":0,"max_hp_gain":0,"max_hp_loss":0,"event_name":"Living Wall","floor":4,"gold_loss":0},{"damage_healed":0,"gold_gain":0,"player_choice":"Searched \u00272\u0027 times","damage_taken":0,"relics_obtained":["Charon\u0027s Ashes"],"max_hp_gain":0,"max_hp_loss":0,"event_name":"Dead Adventurer","floor":10,"gold_loss":0},{"damage_healed":0,"gold_gain":0,"player_choice":"Became a Ghost","damage_taken":0,"max_hp_gain":0,"max_hp_loss":40,"event_name":"Ghosts","floor":20,"gold_loss":0,"cards_obtained":["Ghostly","Ghostly","Ghostly","Ghostly","Ghostly"]},{"cards_removed":["Strike_R"],"damage_healed":0,"gold_gain":0,"player_choice":"Gave Gold","damage_taken":0,"max_hp_gain":0,"max_hp_loss":0,"event_name":"Beggar","floor":31,"gold_loss":75},{"cards_removed":["Strike_R"],"damage_healed":0,"gold_gain":0,"player_choice":"Removed Attack","damage_taken":0,"max_hp_gain":0,"max_hp_loss":0,"event_name":"Falling","floor":36,"gold_loss":0}],"is_beta":true,"boss_relics":[{"not_picked":["Tiny House","Mark of Pain"],"picked":"Sozu"},{"not_picked":["Coffee Dripper","Calling Bell"],"picked":"Runic Dome"}],"items_purged_floors":[5,14,19],"is_endless":false,"potions_floor_spawned":[2,7,16,18,24,25,30,35,38,41,42,44,48],"ascension_level":1}