{"gold_per_floor":[114,114,79,95,115,146,146,146,172,172,184,184,184,102,102,202,202,212,212,229,242,254,254,268,288,288,316,333,362,71,105,105,200,200,217,227,1226,1236,1236,1567,1411,1444,1456,1468,1480,1506,1533,1574,1586,1598],"floor_reached":51,"playtime":10346,"items_purged":["Normality"],"score":797,"play_id":"4bdfdab1-38a5-4cba-a48e-3407650fbc5d","local_time":"20190201234711","is_ascension_mode":false,"campfire_choices":[{"floor":7.0,"key":"REST"},{"floor":10.0,"key":"REST"},{"data":"Capacitor","floor":13.0,"key":"SMITH"},{"data":"Defragment","floor":15,"key":"SMITH"},{"data":"Loop","floor":23,"key":"SMITH"},{"data":"Chill","floor":32,"key":"SMITH"},{"floor":45,"key":"REST"},{"data":"Machine Learning","floor":49,"key":"SMITH"}],"neow_cost":"NONE","seed_source_timestamp":0,"circlet_count":0,"master_deck":["Strike_B+1","Strike_B","Defend_B","Defend_B","Defend_B+1","Defend_B","Zap","Dualcast","Capacitor+1","Rebound","Self Repair","Genetic Algorithm","Defragment+1","Electrodynamics","Chill+1","Loop+1","Consume+1","Normality","Parasite","White Noise+1","Defragment","Dramatic Entrance","Machine Learning+1"],"special_seed":0,"relics":["FrozenCore","Happy Flower","Regal Pillow","Mummified Hand","Bottled Tornado","Lantern","Strawberry","Bird Faced Urn","Bag of Preparation","Empty Cage","Old Coin","MawBank","Ginger","Anchor"],"potions_floor_usage":[16,16,27,27,29,40,42,48,48,50],"damage_taken":[{"damage":6.0,"enemies":"Jaw Worm","floor":1.0,"turns":3.0},{"damage":0.0,"enemies":"2 Louse","floor":4.0,"turns":2.0},{"damage":0.0,"enemies":"Small Slimes","floor":5.0,"turns":2.0},{"damage":46.0,"enemies":"Gremlin Nob","floor":6.0,"turns":5.0},{"damage":18.0,"enemies":"Looter","floor":11.0,"turns":4.0},{"damage":30,"enemies":"The Guardian","floor":16,"turns":10},{"damage":16,"enemies":"2 Thieves","floor":18,"turns":5},{"damage":0,"enemies":"Shell Parasite","floor":20,"turns":6},{"damage":6,"enemies":"Snake Plant","floor":21,"turns":6},{"damage":4,"enemies":"Centurion and Healer","floor":22,"turns":5},{"damage":0,"enemies":"Snecko","floor":24,"turns":6},{"damage":8,"enemies":"Shelled Parasite and Fungi","floor":25,"turns":9},{"damage":4,"enemies":"Book of Stabbing","floor":27,"turns":3},{"damage":10,"enemies":"3 Cultists","floor":28,"turns":4},{"damage":17,"enemies":"Gremlin Leader","floor":29,"turns":10},{"damage":14,"enemies":"Book of Stabbing","floor":31,"turns":7},{"damage":10,"enemies":"Collector","floor":33,"turns":8},{"damage":12,"enemies":"3 Shapes","floor":35,"turns":3},{"damage":0,"enemies":"3 Darklings","floor":36,"turns":7},{"damage":0,"enemies":"Writhing Mass","floor":38,"turns":6},{"damage":15,"enemies":"Nemesis","floor":40,"turns":11},{"damage":62,"enemies":"Giant Head","floor":42,"turns":11},{"damage":2,"enemies":"4 Shapes","floor":46,"turns":6},{"damage":17,"enemies":"Transient","floor":47,"turns":5},{"damage":33,"enemies":"Reptomancer","floor":48,"turns":6},{"damage":82,"enemies":"Awakened One","floor":50,"turns":21}],"seed_played":"-2867593506122201912","potions_obtained":[{"floor":1.0,"key":"Block Potion"},{"floor":5.0,"key":"Fire Potion"},{"floor":6.0,"key":"Ancient Potion"},{"floor":20,"key":"Weak Potion"},{"floor":22,"key":"PowerPotion"},{"floor":25,"key":"AttackPotion"},{"floor":28,"key":"Swift Potion"},{"floor":38,"key":"Block Potion"},{"floor":40,"key":"Swift Potion"},{"floor":46,"key":"GamblersBrew"},{"floor":47,"key":"GamblersBrew"}],"is_trial":false,"path_per_floor":["M","?","?","M","M","E","R","$","T","R","M","T","R","$","R","B",null,"M","?","M","M","M","R","M","M","T","E","M","E","$","E","R","B",null,"M","M","?","M","?","E","$","E","T","?","R","M","M","E","R","B",null],"character_chosen":"DEFECT","items_purchased":["Defragment","Bird Faced Urn","Defragment"],"campfire_rested":3,"item_purchase_floors":[14,30,41],"current_hp_per_floor":[76,60,80,80,80,41,65,65,65,82,71,71,71,71,71,48,82,73,73,80,81,82,82,82,81,81,82,79,76,76,79,79,86,89,86,89,89,89,89,87,87,34,34,34,75,89,87,69,69,10],"gold":1610,"neow_bonus":"TEN_PERCENT_HP_BONUS","is_prod":false,"is_daily":false,"chose_seed":false,"campfire_upgraded":5,"win_rate":0.0,"timestamp":1549093631,"path_taken":["M","?","?","M","M","E","R","$","T","R","M","?","R","$","R","BOSS","M","?","M","M","M","R","M","M","T","E","M","E","$","E","R","BOSS","M","M","?","M","?","E","$","E","T","?","R","?","M","E","R","BOSS"],"build_version":"2019-01-23","purchased_purges":1,"victory":true,"max_hp_per_floor":[82,82,82,82,82,82,82,82,82,82,82,82,82,82,82,82,82,82,82,82,82,82,82,82,82,82,82,82,89,89,89,89,89,89,89,89,89,89,89,89,89,89,89,89,89,89,89,89,89,89],"card_choices":[{"not_picked":["Tempest","Blizzard"],"picked":"Capacitor","floor":1.0},{"not_picked":["FTL","Force Field"],"picked":"Rebound","floor":4.0},{"not_picked":["Leap","Go for the Eyes"],"picked":"Self Repair","floor":5.0},{"not_picked":["Go for the Eyes","Fission"],"picked":"Genetic Algorithm","floor":6.0},{"not_picked":["Rip and Tear","Reinforced Body","Barrage"],"picked":"SKIP","floor":11.0},{"not_picked":["Amplify","Buffer"],"picked":"Electrodynamics","floor":16},{"not_picked":["Stack+1","Chaos"],"picked":"Chill","floor":18},{"not_picked":["Skim","Leap"],"picked":"Loop","floor":20},{"not_picked":["Steam","Static Discharge","Leap+1"],"picked":"SKIP","floor":21},{"not_picked":["Hologram+1","Ball Lightning","Compile Driver"],"picked":"SKIP","floor":22},{"not_picked":["Force Field","Gash","Rebound"],"picked":"SKIP","floor":24},{"not_picked":["Scrape+1","Stack+1","Hologram"],"picked":"SKIP","floor":25},{"not_picked":["Rebound","Auto Shields"],"picked":"Consume+1","floor":27},{"not_picked":["Redo","Ball Lightning","Rip and Tear+1"],"picked":"SKIP","floor":28},{"not_picked":["Stack","Steam","Thunder Strike"],"picked":"SKIP","floor":29},{"not_picked":["Sweeping Beam","Undo+1","Gash"],"picked":"SKIP","floor":31},{"not_picked":["Hologram","Ball Lightning","Auto Shields+1"],"picked":"SKIP","floor":35},{"not_picked":["Streamline","Conserve Battery+1","Rebound+1"],"picked":"SKIP","floor":36},{"not_picked":["Cold Snap+1","Turbo","Stack"],"picked":"SKIP","floor":38},{"not_picked":["Cold Snap+1","Turbo","Stack"],"picked":"SKIP","floor":38},{"not_picked":["Streamline+1","Rip and Tear"],"picked":"White Noise+1","floor":40},{"not_picked":["Stack+1","Double Energy","Aggregate"],"picked":"SKIP","floor":42},{"not_picked":["Deep Breath","Discovery"],"picked":"Dramatic Entrance","floor":44},{"not_picked":["Redo+1","Glacier","Turbo"],"picked":"SKIP","floor":46},{"not_picked":["Scrape+1","Conserve Battery","Beam Cell"],"picked":"SKIP","floor":47},{"not_picked":["Doom and Gloom+1","Cold Snap"],"picked":"Machine Learning","floor":48}],"player_experience":21058,"relics_obtained":[{"floor":6.0,"key":"Happy Flower"},{"floor":9.0,"key":"Regal Pillow"},{"floor":12.0,"key":"Mummified Hand"},{"floor":26,"key":"Bottled Tornado"},{"floor":27,"key":"Lantern"},{"floor":29,"key":"Strawberry"},{"floor":31,"key":"Bag of Preparation"},{"floor":40,"key":"Old Coin"},{"floor":42,"key":"MawBank"},{"floor":43,"key":"Ginger"},{"floor":48,"key":"Anchor"}],"event_choices":[{"damage_healed":0.0,"max_hp_gain":0.0,"max_hp_loss":0.0,"gold_gain":0.0,"event_name":"Shining Light","player_choice":"Entered Light","floor":2.0,"gold_loss":0.0,"damage_taken":16.0,"cards_upgraded":["Defend_B","Strike_B"]},{"damage_healed":20.0,"max_hp_gain":0.0,"max_hp_loss":0.0,"gold_gain":0.0,"event_name":"The Cleric","player_choice":"Healed","floor":3.0,"gold_loss":35.0,"damage_taken":0.0},{"damage_healed":0,"gold_gain":0,"player_choice":"Ignored","damage_taken":0,"max_hp_gain":0,"max_hp_loss":0,"event_name":"Ghosts","floor":19,"gold_loss":0},{"damage_healed":0,"gold_gain":999,"player_choice":"Gold","damage_taken":0,"max_hp_gain":0,"max_hp_loss":0,"event_name":"MindBloom","floor":37,"gold_loss":0,"cards_obtained":["Normality","Normality"]},{"damage_healed":0,"gold_gain":0,"player_choice":"Ignored","damage_taken":0,"max_hp_gain":0,"max_hp_loss":0,"event_name":"Mysterious Sphere","floor":39,"gold_loss":0},{"damage_healed":0,"gold_gain":0,"player_choice":"Memory 1","damage_taken":0,"max_hp_gain":0,"max_hp_loss":0,"event_name":"SensoryStone","floor":44,"gold_loss":0}],"is_beta":false,"boss_relics":[{"not_picked":["Coffee Dripper","Velvet Choker"],"picked":"FrozenCore"},{"not_picked":["Runic Pyramid","Tiny House"],"picked":"Empty Cage"}],"items_purged_floors":[41],"is_endless":false,"potions_floor_spawned":[1,5,6,20,22,24,25,28,38,40,46,47],"ascension_level":0}