{"gold_per_floor":[112,112,112,112,9,42,42,74,154,154,154,188,188,263,263,336,336,349,349,367,367,378,378,407,407,407,407,437,488,6,6,6,85,135,149,163,163,174,174,208,219,270,342,355,25,25,5,5],"floor_reached":48,"playtime":1819,"items_purged":["Strike_G","Strike_G"],"score":1141,"play_id":"e7df9b20-5c65-4dd4-8922-929755e03a9a","local_time":"20190212175802","is_ascension_mode":true,"campfire_choices":[{"data":"Neutralize","floor":7.0,"key":"SMITH"},{"data":"Finisher","floor":11.0,"key":"SMITH"},{"data":"Dagger Spray","floor":13.0,"key":"SMITH"},{"data":"Survivor","floor":15.0,"key":"SMITH"},{"data":"Dagger Throw","floor":23.0,"key":"SMITH"},{"data":"Heel Hook","floor":25.0,"key":"SMITH"},{"data":"Defend_G","floor":27.0,"key":"SMITH"},{"floor":32.0,"key":"RECALL"},{"data":"Footwork","floor":46,"key":"SMITH"}],"neow_cost":"NONE","seed_source_timestamp":0,"circlet_count":0,"master_deck":["AscendersBane","Defend_G+1","Defend_G","Defend_G","Defend_G+1","Strike_G+1","Strike_G+1","Survivor+1","Neutralize+1","Finisher+1","Dagger Spray+1","Dagger Throw+1","Heel Hook+1","PiercingWail+1","Adrenaline+1","Leg Sweep+1","Escape Plan+1","Distraction+1","PiercingWail+1","Night Terror+1","Heel Hook+1","Slice","Terror+1","Crippling Poison+1","Terror+1","Poisoned Stab+1","Dagger Throw+1","Footwork+1","Catalyst+1"],"special_seed":0,"relics":["Ring of the Snake","NeowsBlessing","Omamori","Ninja Scroll","Bottled Flame","Matryoshka","Toxic Egg 2","Coffee Dripper","Blue Candle","Bag of Preparation","Mummified Hand","Potion Belt","Happy Flower","Paper Crane","PreservedInsect","Oddly Smooth Stone","Tiny House","Kunai","Pocketwatch","Pantograph","Membership Card","Ancient Tea Set"],"potions_floor_usage":[42],"damage_taken":[{"damage":0.0,"enemies":"Small Slimes","floor":1.0,"turns":1.0},{"damage":0.0,"enemies":"Lagavulin","floor":6.0,"turns":1.0},{"damage":0.0,"enemies":"Gremlin Nob","floor":8.0,"turns":1.0},{"damage":2.0,"enemies":"3 Sentries","floor":12.0,"turns":6.0},{"damage":37.0,"enemies":"Slime Boss","floor":16.0,"turns":10.0},{"damage":0.0,"enemies":"Shell Parasite","floor":18.0,"turns":1.0},{"damage":0.0,"enemies":"Spheric Guardian","floor":20.0,"turns":1.0},{"damage":0.0,"enemies":"3 Cultists","floor":22.0,"turns":3.0},{"damage":9.0,"enemies":"Slavers","floor":24.0,"turns":4.0},{"damage":6.0,"enemies":"Book of Stabbing","floor":28.0,"turns":5.0},{"damage":7.0,"enemies":"Automaton","floor":33.0,"turns":11.0},{"damage":13.0,"enemies":"Orb Walker","floor":35.0,"turns":3.0},{"damage":0.0,"enemies":"3 Shapes","floor":36.0,"turns":8.0},{"damage":12.0,"enemies":"Maw","floor":38.0,"turns":7.0},{"damage":22.0,"enemies":"Giant Head","floor":40.0,"turns":7.0},{"damage":6.0,"enemies":"Transient","floor":41.0,"turns":6.0},{"damage":5,"enemies":"2 Orb Walkers","floor":42,"turns":4},{"damage":20,"enemies":"3 Darklings","floor":44,"turns":4},{"damage":7,"enemies":"Maw","floor":48,"turns":2}],"seed_played":"-2499985893000201689","potions_obtained":[{"floor":6.0,"key":"Fire Potion"},{"floor":12.0,"key":"Regen Potion"},{"floor":16.0,"key":"AttackPotion"},{"floor":20.0,"key":"FairyPotion"},{"floor":33.0,"key":"Weak Potion"},{"floor":34.0,"key":"Swift Potion"},{"floor":36.0,"key":"Weak Potion"},{"floor":38.0,"key":"SpeedPotion"},{"floor":40.0,"key":"Fire Potion"},{"floor":44,"key":"LiquidBronze"}],"is_trial":false,"path_per_floor":["M","?","?","?","$","E","R","E","T","T","R","E","R","?","R","B",null,"M","?","M","?","M","R","E","R","T","R","E","T","$","?","R","B",null,"M","M","?","M","?","E","M","?","T","M","$","R","$","M"],"character_chosen":"THE_SILENT","items_purchased":["Dagger Spray","PreservedInsect","Oddly Smooth Stone","PowerPotion","Membership Card","Ancient Tea Set","Footwork","Catalyst+1"],"campfire_rested":0,"item_purchase_floors":[5,30,30,30,45,45,45,47],"current_hp_per_floor":[59,39,39,44,44,44,44,44,44,44,44,42,42,31,31,9,56,56,56,56,56,56,56,47,47,47,47,41,41,41,55,55,48,70,57,57,57,45,45,23,17,12,12,1,1,1,1,0],"gold":5,"neow_bonus":"THREE_ENEMY_KILL","is_prod":false,"is_daily":false,"chose_seed":false,"campfire_upgraded":8,"win_rate":0,"timestamp":1549961882,"path_taken":["M","?","?","?","$","E","R","E","T","?","R","E","R","?","R","BOSS","M","?","?","?","M","R","E","R","T","R","E","?","$","?","R","BOSS","M","M","?","?","?","E","?","?","T","M","$","R","$","M"],"build_version":"2019-01-23","purchased_purges":2,"victory":false,"max_hp_per_floor":[66,66,66,71,71,71,71,71,71,71,71,71,71,71,71,71,71,71,71,71,71,71,71,71,71,71,71,71,71,71,71,71,71,76,76,76,76,76,76,76,76,76,76,76,76,76,76,76],"card_choices":[{"not_picked":["Prepared","Quick Slash"],"picked":"Finisher","floor":1.0},{"not_picked":["Acrobatics","Dagger Spray"],"picked":"Dagger Throw","floor":6.0},{"not_picked":["Bouncing Flask","Dash"],"picked":"Heel Hook","floor":8.0},{"not_picked":["Blur","Heel Hook"],"picked":"PiercingWail","floor":12.0},{"not_picked":["Night Terror+1","Storm of Steel+1"],"picked":"Adrenaline+1","floor":16.0},{"not_picked":["Caltrops","Flying Knee"],"picked":"Leg Sweep+1","floor":18.0},{"not_picked":["Caltrops","Well Laid Plans","Deflect+1"],"picked":"SKIP","floor":20.0},{"not_picked":["Quick Slash","Catalyst+1"],"picked":"Escape Plan+1","floor":22.0},{"not_picked":["Wraith Form v2","Dagger Throw"],"picked":"Distraction+1","floor":24.0},{"not_picked":["Deadly Poison+1","Prepared+1"],"picked":"PiercingWail+1","floor":28.0},{"not_picked":["Die Die Die","Grand Finale"],"picked":"Night Terror+1","floor":33.0},{"not_picked":["Outmaneuver+1","Deadly Poison+1"],"picked":"Heel Hook","floor":34.0},{"not_picked":["Underhanded Strike+1","Flying Knee"],"picked":"Slice","floor":35.0},{"not_picked":["Skewer","Reflex+1"],"picked":"Terror+1","floor":36.0},{"not_picked":["Flying Knee","Slice","Wraith Form v2"],"picked":"SKIP","floor":38.0},{"not_picked":["Underhanded Strike","Deflect+1"],"picked":"Crippling Poison+1","floor":40.0},{"not_picked":["Dodge and Roll+1","Acrobatics+1"],"picked":"Terror+1","floor":41.0},{"not_picked":["Heel Hook","Sucker Punch"],"picked":"Poisoned Stab+1","floor":42},{"not_picked":["Bane","Escape Plan+1"],"picked":"Dagger Throw+1","floor":44}],"player_experience":1127317,"relics_obtained":[{"floor":6.0,"key":"Omamori"},{"floor":8.0,"key":"Ninja Scroll"},{"floor":9.0,"key":"Bottled Flame"},{"floor":10.0,"key":"Matryoshka"},{"floor":12.0,"key":"Toxic Egg 2"},{"floor":24.0,"key":"Bag of Preparation"},{"floor":26.0,"key":"Mummified Hand"},{"floor":26.0,"key":"Potion Belt"},{"floor":28.0,"key":"Happy Flower"},{"floor":29.0,"key":"Paper Crane"},{"floor":40.0,"key":"Kunai"},{"floor":42,"key":"Pocketwatch"},{"floor":43,"key":"Pantograph"}],"event_choices":[{"damage_healed":0.0,"max_hp_gain":0.0,"max_hp_loss":0.0,"gold_gain":0.0,"event_name":"Shining Light","player_choice":"Entered Light","floor":2.0,"gold_loss":0.0,"damage_taken":20.0,"cards_upgraded":["Strike_G","Defend_G"]},{"cards_removed":["Strike_G"],"damage_healed":0.0,"max_hp_gain":0.0,"max_hp_loss":0.0,"gold_gain":0.0,"event_name":"Living Wall","player_choice":"Forget","floor":3.0,"gold_loss":0.0,"damage_taken":0.0},{"damage_healed":0.0,"max_hp_gain":5.0,"max_hp_loss":0.0,"gold_gain":0.0,"event_name":"Big Fish","player_choice":"Donut","floor":4.0,"gold_loss":0.0,"damage_taken":0.0},{"damage_healed":0.0,"max_hp_gain":0.0,"max_hp_loss":0.0,"gold_gain":75.0,"event_name":"World of Goop","player_choice":"Gather Gold","floor":14.0,"gold_loss":0.0,"damage_taken":11.0},{"cards_removed":["Defend_G"],"damage_healed":0.0,"max_hp_gain":0.0,"max_hp_loss":0.0,"gold_gain":0.0,"event_name":"Purifier","player_choice":"Purged","floor":19.0,"gold_loss":0.0,"damage_taken":0.0},{"damage_healed":0.0,"max_hp_gain":0.0,"max_hp_loss":0.0,"gold_gain":0.0,"event_name":"The Mausoleum","player_choice":"Opened","floor":21.0,"gold_loss":0.0,"damage_taken":0.0,"relics_obtained":["Blue Candle"],"cards_obtained":["Writhe"]},{"damage_healed":14.0,"max_hp_gain":0.0,"max_hp_loss":0.0,"gold_gain":0.0,"event_name":"The Library","player_choice":"Heal","floor":31.0,"gold_loss":0.0,"damage_taken":0.0},{"damage_healed":0.0,"max_hp_gain":0.0,"max_hp_loss":0.0,"gold_gain":0.0,"event_name":"Upgrade Shrine","player_choice":"Upgraded","floor":37.0,"gold_loss":0.0,"damage_taken":0.0,"cards_upgraded":["Heel Hook"]},{"damage_healed":0.0,"max_hp_gain":0.0,"max_hp_loss":0.0,"gold_gain":0.0,"event_name":"SecretPortal","player_choice":"Ignored","floor":39.0,"gold_loss":0.0,"damage_taken":0.0},{"damage_healed":0,"gold_gain":0,"player_choice":"Fight","damage_taken":0,"max_hp_gain":0,"max_hp_loss":0,"event_name":"Mysterious Sphere","floor":42,"gold_loss":0}],"is_beta":false,"boss_relics":[{"not_picked":["Velvet Choker","Pandora\u0027s Box"],"picked":"Coffee Dripper"},{"not_picked":["Astrolabe","Black Star"],"picked":"Tiny House"}],"items_purged_floors":[5,30],"is_endless":false,"potions_floor_spawned":[6,12,16,20,33,36,38,40,44],"killed_by":"Maw","ascension_level":20}