{"gold_per_floor":[109,127,127,77,95,112,112,112,112,139,149,178,21,56,56,157,157,157,157,1,0,0,0,0,0,0,0,0,0,0,0,0,0,0,0,0,0,0,0,0,0,0,0,0,0,0,0,0,0,0,0,0,0,0,0],"floor_reached":55,"playtime":3943,"items_purged":[],"score":892,"play_id":"1d1467a6-c16c-4050-8326-7f95a08f505a","local_time":"20190129134432","is_ascension_mode":true,"campfire_choices":[{"data":"Consume","floor":7,"key":"SMITH"},{"data":"Darkness","floor":15,"key":"SMITH"},{"data":"Go for the Eyes","floor":23,"key":"SMITH"},{"data":"Coolheaded","floor":25,"key":"SMITH"},{"data":"Redo","floor":32,"key":"SMITH"},{"data":"Mayhem","floor":40,"key":"SMITH"},{"data":"Machine Learning","floor":42,"key":"SMITH"},{"floor":44,"key":"REST"},{"floor":47,"key":"RECALL"},{"data":"Jack Of All Trades","floor":49,"key":"SMITH"},{"data":"Conserve Battery","floor":52,"key":"SMITH"}],"neow_cost":"NONE","seed_source_timestamp":3806915822805857,"circlet_count":0,"master_deck":["Defend_B","Defend_B","Defend_B","Defend_B","Zap+1","Dualcast","Coolheaded+1","Sweeping Beam","Consume+1","BootSequence","Go for the Eyes+1","Ball Lightning","Rip and Tear","Darkness+1","Core Surge","Conserve Battery+1","Ball Lightning+1","Hologram+1","Defragment+1","Cold Snap+1","Coolheaded+1","Conserve Battery+1","Go for the Eyes+1","Sweeping Beam+1","Redo+1","Machine Learning+1","Force Field+1","Thunder Strike+1","Aggregate+1","Static Discharge+1","Hologram+1","Mayhem+1","Good Instincts","Jack Of All Trades+1","FTL+1","Madness","Madness","Steam+1"],"relics":["Cracked Core","Oddly Smooth Stone","Pocketwatch","Emotion Chip","Nunchaku","Prayer Wheel","DataDisk","Pen Nib","Ectoplasm","Blood Vial","Molten Egg 2","Potion Belt","Gambling Chip","Astrolabe","Lantern","Mango","Kunai","Orichalcum","Red Mask","Anchor"],"potions_floor_usage":[16,16,24,29,33,41,41,41,54,55],"damage_taken":[{"damage":0,"enemies":"2 Louse","floor":1,"turns":2},{"damage":0,"enemies":"Jaw Worm","floor":2,"turns":3},{"damage":3,"enemies":"Small Slimes","floor":5,"turns":3},{"damage":0,"enemies":"Exordium Thugs","floor":6,"turns":4},{"damage":1,"enemies":"Lagavulin","floor":10,"turns":6},{"damage":4,"enemies":"Blue Slaver","floor":11,"turns":4},{"damage":10,"enemies":"3 Sentries","floor":12,"turns":5},{"damage":1,"enemies":"Lagavulin","floor":14,"turns":5},{"damage":0,"enemies":"Slime Boss","floor":16,"turns":7},{"damage":0,"enemies":"Chosen","floor":18,"turns":3},{"damage":3,"enemies":"2 Thieves","floor":21,"turns":4},{"damage":2,"enemies":"Book of Stabbing","floor":24,"turns":4},{"damage":0,"enemies":"Chosen and Byrds","floor":28,"turns":4},{"damage":22,"enemies":"Slavers","floor":29,"turns":7},{"damage":4,"enemies":"Centurion and Healer","floor":30,"turns":5},{"damage":0,"enemies":"Snake Plant","floor":31,"turns":4},{"damage":1,"enemies":"Automaton","floor":33,"turns":9},{"damage":0,"enemies":"Orb Walker","floor":35,"turns":4},{"damage":0,"enemies":"Mind Bloom Boss Battle","floor":39,"turns":7},{"damage":24,"enemies":"Reptomancer","floor":41,"turns":5},{"damage":0,"enemies":"Giant Head","floor":45,"turns":8},{"damage":8,"enemies":"Awakened One","floor":50,"turns":10},{"damage":12,"enemies":"Shield and Spear","floor":54,"turns":7},{"damage":88,"enemies":"The Heart","floor":55,"turns":8}],"seed_played":"4503354036262810452","potions_obtained":[{"floor":2,"key":"SpeedPotion"},{"floor":8,"key":"SteroidPotion"},{"floor":8,"key":"GamblersBrew"},{"floor":16,"key":"PowerPotion"},{"floor":18,"key":"SkillPotion"},{"floor":24,"key":"Block Potion"},{"floor":28,"key":"Strength Potion"},{"floor":30,"key":"Weak Potion"},{"floor":39,"key":"Block Potion"},{"floor":45,"key":"Strength Potion"}],"is_trial":false,"path_per_floor":["M","M","?","?","M","M","R","?","T","E","M","E","$","E","R","B",null,"M","?","$","M","?","R","E","R","T","?","M","E","M","M","R","B",null,"M","T","?","$","?","R","E","R","T","R","E","?","R","?","R","B",null,"R","$","E","B"],"character_chosen":"DEFECT","items_purchased":["DataDisk","Blood Vial"],"campfire_rested":1,"item_purchase_floors":[13,20],"current_hp_per_floor":[75,75,68,68,65,65,65,65,65,64,60,50,50,49,49,49,75,75,75,75,72,72,72,72,72,72,72,74,53,51,53,53,54,75,75,75,65,65,81,81,59,59,59,85,87,87,87,76,76,70,89,89,89,77,0],"gold":0,"neow_bonus":"RANDOM_COMMON_RELIC","is_prod":false,"is_daily":false,"chose_seed":false,"campfire_upgraded":9,"win_rate":0,"timestamp":1548787472,"path_taken":["M","M","?","?","M","M","R","?","T","E","?","E","?","E","R","BOSS","M","?","$","?","?","R","E","R","T","?","M","E","M","?","R","BOSS","M","?","?","$","?","R","E","R","T","R","E","?","R","?","R","BOSS","R","$","E","BOSS"],"build_version":"2019-01-23","purchased_purges":0,"victory":false,"max_hp_per_floor":[75,75,75,75,75,75,75,75,75,75,75,75,75,75,75,75,75,75,75,75,75,75,75,75,75,75,75,75,75,75,75,75,75,75,75,75,75,75,89,89,89,89,89,89,89,89,89,89,89,89,89,89,89,89,89],"card_choices":[{"not_picked":["Turbo","Streamline"],"picked":"Coolheaded","floor":1},{"not_picked":["Turbo","Lockon"],"picked":"Sweeping Beam","floor":2},{"not_picked":["Steam","Aggregate"],"picked":"Consume","floor":5},{"not_picked":["Steam","Hologram"],"picked":"BootSequence","floor":6},{"not_picked":["Rebound","Meteor Strike"],"picked":"Go for the Eyes","floor":10},{"not_picked":["Leap","Conserve Battery"],"picked":"Ball Lightning","floor":11},{"not_picked":["Turbo","Scrape"],"picked":"Rip and Tear","floor":12},{"not_picked":["Doom and Gloom","Gash"],"picked":"Darkness","floor":14},{"not_picked":["Meteor Strike","All For One"],"picked":"Core Surge","floor":16},{"not_picked":["Consume","Rebound"],"picked":"Conserve Battery","floor":18},{"not_picked":["Consume","Barrage","Reprogram+1"],"picked":"SKIP","floor":18},{"not_picked":["Stack","FTL"],"picked":"Ball Lightning+1","floor":21},{"not_picked":["Storm","Gash+1","Static Discharge"],"picked":"SKIP","floor":21},{"not_picked":["Go for the Eyes","Hyperbeam"],"picked":"Hologram+1","floor":24},{"not_picked":["Loop","Stack"],"picked":"Defragment+1","floor":28},{"not_picked":["Aggregate+1","Tempest"],"picked":"Cold Snap+1","floor":28},{"not_picked":["Stack+1","Conserve Battery+1"],"picked":"Coolheaded+1","floor":29},{"not_picked":["Tempest+1","Cold Snap+1"],"picked":"Conserve Battery+1","floor":30},{"not_picked":["Double Energy","Cold Snap+1"],"picked":"Go for the Eyes+1","floor":30},{"not_picked":["Creative AI","Barrage+1"],"picked":"Sweeping Beam+1","floor":31},{"not_picked":["Steam","Ball Lightning+1"],"picked":"Redo","floor":31},{"not_picked":["Buffer","Hyperbeam+1"],"picked":"Machine Learning","floor":33},{"not_picked":["Sunder+1","Ball Lightning+1"],"picked":"Static Discharge+1","floor":35},{"not_picked":["Skim","Go for the Eyes+1"],"picked":"Hologram+1","floor":35},{"not_picked":["Jack Of All Trades","Panacea"],"picked":"Mayhem","floor":37},{"not_picked":["Bandage Up","Swift Strike+1"],"picked":"Good Instincts","floor":37},{"not_picked":["Bandage Up","Madness"],"picked":"Jack Of All Trades","floor":37},{"not_picked":["Reprogram","Gash+1","Hologram+1"],"picked":"SKIP","floor":41},{"not_picked":["Blizzard+1","Steam+1"],"picked":"FTL+1","floor":45},{"not_picked":["Chill+1","Reinforced Body"],"picked":"Steam+1","floor":54}],"player_experience":4253435,"relics_obtained":[{"floor":9,"key":"Emotion Chip"},{"floor":10,"key":"Nunchaku"},{"floor":12,"key":"Prayer Wheel"},{"floor":14,"key":"Pen Nib"},{"floor":24,"key":"Molten Egg 2"},{"floor":26,"key":"Potion Belt"},{"floor":29,"key":"Gambling Chip"},{"floor":36,"key":"Lantern"},{"floor":39,"key":"Mango"},{"floor":41,"key":"Kunai"},{"floor":45,"key":"Orichalcum"},{"floor":54,"key":"Anchor"}],"event_choices":[{"damage_healed":0,"gold_gain":0,"player_choice":"Success","damage_taken":7,"relics_obtained":["Pocketwatch"],"max_hp_gain":0,"max_hp_loss":0,"event_name":"Scrap Ooze","floor":3,"gold_loss":0},{"cards_removed":["Strike_B"],"damage_healed":0,"gold_gain":0,"player_choice":"Card Removal","damage_taken":0,"max_hp_gain":0,"max_hp_loss":0,"event_name":"The Cleric","floor":4,"gold_loss":50},{"damage_healed":0,"gold_gain":0,"player_choice":"Got Potions","damage_taken":0,"max_hp_gain":0,"max_hp_loss":0,"event_name":"Lab","floor":8,"gold_loss":0},{"damage_healed":0,"gold_gain":0,"player_choice":"Upgraded","damage_taken":0,"max_hp_gain":0,"max_hp_loss":0,"event_name":"Upgrade Shrine","floor":19,"gold_loss":0,"cards_upgraded":["Zap"]},{"damage_healed":0,"gold_gain":0,"player_choice":"Ignored","damage_taken":0,"max_hp_gain":0,"max_hp_loss":0,"event_name":"Beggar","floor":22,"gold_loss":0},{"damage_healed":0,"gold_gain":100,"player_choice":"Pray","damage_taken":0,"max_hp_gain":0,"max_hp_loss":0,"event_name":"Golden Shrine","floor":27,"gold_loss":0},{"damage_healed":0,"gold_gain":0,"player_choice":"Memory 3","damage_taken":10,"max_hp_gain":0,"max_hp_loss":0,"event_name":"SensoryStone","floor":37,"gold_loss":0},{"damage_healed":0,"gold_gain":0,"player_choice":"Fight","damage_taken":0,"max_hp_gain":0,"max_hp_loss":0,"event_name":"MindBloom","floor":39,"gold_loss":0},{"damage_healed":0,"gold_gain":0,"player_choice":"Paid","damage_taken":0,"relics_obtained":["Red Mask"],"max_hp_gain":0,"max_hp_loss":0,"event_name":"Tomb of Lord Red Mask","floor":46,"gold_loss":0},{"damage_healed":0,"gold_gain":0,"player_choice":"Embrace Madness","damage_taken":11,"max_hp_gain":0,"max_hp_loss":0,"event_name":"Winding Halls","floor":48,"gold_loss":0,"cards_obtained":["Madness","Madness"]}],"is_beta":true,"boss_relics":[{"not_picked":["Lizard Tail","Empty Cage"],"picked":"Ectoplasm"},{"not_picked":["Nuclear Battery","Tiny House"],"picked":"Astrolabe"}],"items_purged_floors":[],"is_endless":false,"potions_floor_spawned":[2,12,14,16,18,24,28,30,39,45],"killed_by":"The Heart","ascension_level":1}