{"gold_per_floor":[219,219,219,10,26,52,52,16,16,16,35,35,67,86,86,160,160,171,206,42,62,62,62,62],"floor_reached":24,"playtime":1861,"items_purged":["Strike_G"],"score":404,"play_id":"002b26f4-323d-4566-ad23-4365e0a12ae3","local_time":"20190221020939","is_ascension_mode":true,"campfire_choices":[{"floor":7.0,"key":"REST"},{"data":"Noxious Fumes","floor":10.0,"key":"SMITH"},{"floor":12.0,"key":"REST"},{"floor":15.0,"key":"REST"},{"data":"Neutralize","floor":23.0,"key":"SMITH"}],"neow_cost":"NONE","seed_source_timestamp":0,"circlet_count":0,"master_deck":["AscendersBane","Defend_G","Defend_G+1","Defend_G","Defend_G","Defend_G","Strike_G","Strike_G","Survivor","Neutralize+1","Dagger Throw","Night Terror+1","Cloak And Dagger","Noxious Fumes+1","Deadly Poison","Caltrops","Flying Knee","Caltrops","Cloak And Dagger","Adrenaline","Night Terror+1","Corpse Explosion+1","Calculated Gamble+1","Blade Dance+1","Blur","Footwork","Deadly Poison+1"],"special_seed":0,"relics":["Ring of the Snake","War Paint","Bag of Preparation","StoneCalendar","FossilizedHelix","Astrolabe","Red Mask"],"potions_floor_usage":[],"damage_taken":[{"damage":0.0,"enemies":"2 Louse","floor":1.0,"turns":3.0},{"damage":1.0,"enemies":"Cultist","floor":5.0,"turns":4.0},{"damage":48.0,"enemies":"Gremlin Nob","floor":6.0,"turns":5.0},{"damage":12.0,"enemies":"Jaw Worm","floor":11.0,"turns":4.0},{"damage":29.0,"enemies":"Lagavulin","floor":13.0,"turns":6.0},{"damage":0.0,"enemies":"Looter","floor":14.0,"turns":3.0},{"damage":7.0,"enemies":"Hexaghost","floor":16.0,"turns":8.0},{"damage":5.0,"enemies":"Spheric Guardian","floor":18.0,"turns":4.0},{"damage":28.0,"enemies":"Masked Bandits","floor":19.0,"turns":3.0},{"damage":0.0,"enemies":"3 Byrds","floor":21.0,"turns":2.0},{"damage":34,"enemies":"Gremlin Leader","floor":24,"turns":6}],"seed_played":"6691906591016248429","potions_obtained":[{"floor":5.0,"key":"SkillPotion"},{"floor":11.0,"key":"SkillPotion"},{"floor":13.0,"key":"EssenceOfSteel"},{"floor":16.0,"key":"FearPotion"},{"floor":18.0,"key":"Regen Potion"}],"is_trial":false,"path_per_floor":["M","?","?","$","M","E","R","$","T","R","M","R","E","M","R","B",null,"M","?","$","M","?","R","E"],"character_chosen":"THE_SILENT","items_purchased":["Cloak And Dagger","War Paint","Caltrops","Footwork"],"campfire_rested":3,"item_purchase_floors":[4,4,8,20],"current_hp_per_floor":[59,59,59,59,58,10,29,29,29,29,17,36,7,7,26,19,54,49,33,33,33,33,33,0],"gold":62,"neow_bonus":"HUNDRED_GOLD","is_prod":false,"is_daily":false,"chose_seed":false,"campfire_upgraded":2,"win_rate":0,"timestamp":1550732979,"path_taken":["M","?","?","$","M","E","R","$","T","R","M","R","E","?","R","BOSS","M","?","$","M","?","R","E"],"build_version":"2019-01-23","purchased_purges":1,"victory":false,"max_hp_per_floor":[66,66,66,66,66,66,66,66,66,66,66,66,66,66,66,66,66,66,66,66,66,66,66,66],"card_choices":[{"not_picked":["Bane","Outmaneuver"],"picked":"Dagger Throw","floor":1.0},{"not_picked":["Footwork","Outmaneuver"],"picked":"Noxious Fumes","floor":5.0},{"not_picked":["Noxious Fumes","Masterful Stab"],"picked":"Deadly Poison","floor":6.0},{"not_picked":["Storm of Steel","Dodge and Roll"],"picked":"Flying Knee","floor":11.0},{"not_picked":["Setup","Underhanded Strike"],"picked":"Caltrops","floor":13.0},{"not_picked":["Bane","Flying Knee"],"picked":"Cloak And Dagger","floor":14.0},{"not_picked":["Die Die Die","Doppelganger"],"picked":"Adrenaline","floor":16.0},{"not_picked":["Concentrate","Prepared"],"picked":"Blade Dance+1","floor":18.0},{"not_picked":["Cloak And Dagger","Dash"],"picked":"Blur","floor":19.0},{"not_picked":["Backflip","Poisoned Stab+1"],"picked":"Deadly Poison+1","floor":21.0}],"player_experience":970922,"relics_obtained":[{"floor":6.0,"key":"Bag of Preparation"},{"floor":9.0,"key":"StoneCalendar"},{"floor":13.0,"key":"FossilizedHelix"},{"floor":19.0,"key":"Red Mask"}],"event_choices":[{"damage_healed":0.0,"max_hp_gain":0.0,"max_hp_loss":0.0,"gold_gain":0.0,"event_name":"The Cleric","player_choice":"Leave","floor":2.0,"gold_loss":0.0,"damage_taken":0.0},{"damage_healed":0.0,"max_hp_gain":0.0,"max_hp_loss":0.0,"gold_gain":0.0,"event_name":"Match and Keep!","player_choice":"2 cards matched","floor":3.0,"gold_loss":0.0,"damage_taken":0.0,"cards_obtained":["Concentrate","Night Terror"]},{"damage_healed":0.0,"max_hp_gain":0.0,"max_hp_loss":0.0,"gold_gain":0.0,"event_name":"Masked Bandits","player_choice":"Fought Bandits","floor":19.0,"gold_loss":0.0,"damage_taken":0.0},{"damage_healed":0.0,"max_hp_gain":0.0,"max_hp_loss":0.0,"gold_gain":0.0,"event_name":"Vampires","player_choice":"Ignored","floor":22.0,"gold_loss":0.0,"damage_taken":0.0}],"is_beta":false,"boss_relics":[{"not_picked":["Tiny House","Velvet Choker"],"picked":"Astrolabe"}],"items_purged_floors":[20],"is_endless":false,"potions_floor_spawned":[5,11,13,16,18],"killed_by":"Gremlin Leader","ascension_level":20}