{"gold_per_floor":[18,28,43,62,73,105,117,156,168,180,192,57,83,99,99,200,200,218,231,231,15,15,15,15,15,15,30,0,0,17,36,36,36],"floor_reached":33,"playtime":1822,"items_purged":["Strike_G"],"score":333,"play_id":"7268221a-8b00-48d7-8156-b9500dc015b7","local_time":"20190209112627","is_ascension_mode":true,"campfire_choices":[{"data":"Neutralize","floor":7,"key":"SMITH"},{"data":"Bouncing Flask","floor":15,"key":"SMITH"},{"data":"Mayhem","floor":23,"key":"SMITH"},{"data":"Well Laid Plans","floor":29,"key":"SMITH"},{"data":"Noxious Fumes","floor":32,"key":"SMITH"}],"neow_cost":"NO_GOLD","seed_source_timestamp":4751019151127408,"circlet_count":0,"master_deck":["Defend_G","Defend_G","Defend_G","Defend_G","Strike_G","Strike_G","Survivor","Neutralize+1","Crippling Poison","Heel Hook","All Out Attack","Flying Knee","Riddle With Holes","Deadly Poison+1","Bouncing Flask+1","Bouncing Flask","Well Laid Plans+1","Tools of the Trade","Dodge and Roll","Decay","Mayhem+1","Deflect","Malaise","Noxious Fumes+1","Setup+1","Dodge and Roll"],"relics":["Ring of the Snake","MawBank","Bronze Scales","Ice Cream","Coffee Dripper","Matryoshka"],"potions_floor_usage":[6,13,14,16],"damage_taken":[{"damage":4,"enemies":"Cultist","floor":1,"turns":5},{"damage":0,"enemies":"Jaw Worm","floor":2,"turns":5},{"damage":0,"enemies":"Small Slimes","floor":3,"turns":3},{"damage":1,"enemies":"Exordium Wildlife","floor":4,"turns":3},{"damage":4,"enemies":"2 Fungi Beasts","floor":5,"turns":3},{"damage":10,"enemies":"3 Sentries","floor":6,"turns":6},{"damage":24,"enemies":"Gremlin Nob","floor":8,"turns":4},{"damage":19,"enemies":"3 Sentries","floor":13,"turns":7},{"damage":0,"enemies":"Large Slime","floor":14,"turns":3},{"damage":0,"enemies":"Hexaghost","floor":16,"turns":7},{"damage":0,"enemies":"3 Byrds","floor":18,"turns":3},{"damage":8,"enemies":"Shell Parasite","floor":19,"turns":3},{"damage":17,"enemies":"Colosseum Slavers","floor":22,"turns":5},{"damage":2,"enemies":"Snake Plant","floor":27,"turns":5},{"damage":8,"enemies":"Sentry and Sphere","floor":30,"turns":4},{"damage":0,"enemies":"Snecko","floor":31,"turns":5},{"damage":42,"enemies":"Automaton","floor":33,"turns":6}],"seed_played":"1148460247400773542","potions_obtained":[{"floor":1,"key":"LiquidBronze"},{"floor":3,"key":"SkillPotion"},{"floor":5,"key":"SpeedPotion"},{"floor":6,"key":"Dexterity Potion"},{"floor":13,"key":"Strength Potion"},{"floor":27,"key":"FearPotion"},{"floor":31,"key":"Energy Potion"}],"is_trial":false,"path_per_floor":["M","M","M","M","M","E","R","E","T","?","?","$","E","M","R","B",null,"M","M","?","$","?","R","$","?","T","M","?","R","M","M","R","B"],"character_chosen":"THE_SILENT","items_purchased":["Bouncing Flask","Mayhem","Deflect"],"campfire_rested":0,"item_purchase_floors":[12,21,21],"current_hp_per_floor":[66,66,66,65,61,51,51,27,27,27,27,27,8,8,8,8,70,70,62,62,62,45,45,45,45,45,43,43,43,35,35,35,0],"gold":36,"neow_bonus":"REMOVE_TWO","is_prod":false,"is_daily":false,"chose_seed":false,"campfire_upgraded":5,"win_rate":0,"timestamp":1549729587,"path_taken":["M","M","M","?","M","E","R","E","T","?","?","$","E","M","R","BOSS","M","M","?","$","?","R","?","?","T","?","?","R","M","M","R","BOSS"],"build_version":"2019-02-06","purchased_purges":1,"victory":false,"max_hp_per_floor":[70,70,70,70,70,70,70,70,70,70,70,70,70,70,70,70,70,70,70,70,70,70,70,70,70,70,70,70,70,70,70,70,70],"card_choices":[{"not_picked":["Prepared","Bane"],"picked":"Crippling Poison","floor":1},{"not_picked":["Concentrate","Blade Dance"],"picked":"Heel Hook","floor":2},{"not_picked":["Distraction","Choke"],"picked":"All Out Attack","floor":3},{"not_picked":["PiercingWail","Dagger Spray"],"picked":"Flying Knee","floor":4},{"not_picked":["Outmaneuver","Finisher"],"picked":"Riddle With Holes","floor":5},{"not_picked":["Expertise","Setup","Phantasmal Killer"],"picked":"SKIP","floor":6},{"not_picked":["Outmaneuver","Finisher"],"picked":"Deadly Poison","floor":8},{"not_picked":["Expertise","Poisoned Stab"],"picked":"Bouncing Flask","floor":13},{"not_picked":["PiercingWail","Heel Hook"],"picked":"Well Laid Plans","floor":14},{"not_picked":["Doppelganger","Night Terror"],"picked":"Tools of the Trade","floor":16},{"not_picked":["Bane","Heel Hook","Dagger Throw"],"picked":"SKIP","floor":18},{"not_picked":["Underhanded Strike","Slice+1"],"picked":"Dodge and Roll","floor":19},{"not_picked":["Masterful Stab+1","Escape Plan"],"picked":"Noxious Fumes","floor":27},{"not_picked":["Caltrops","Terror"],"picked":"Setup+1","floor":30},{"not_picked":["Deadly Poison","Heel Hook"],"picked":"Dodge and Roll","floor":31}],"player_experience":4440650,"relics_obtained":[{"floor":6,"key":"MawBank"},{"floor":8,"key":"Bronze Scales"},{"floor":13,"key":"Ice Cream"},{"floor":26,"key":"Matryoshka"}],"event_choices":[{"damage_healed":0,"gold_gain":0,"player_choice":"Fled","damage_taken":0,"max_hp_gain":0,"max_hp_loss":0,"event_name":"Scrap Ooze","floor":10,"gold_loss":0},{"damage_healed":0,"gold_gain":0,"player_choice":"Grow","damage_taken":0,"max_hp_gain":0,"max_hp_loss":0,"event_name":"Living Wall","floor":11,"gold_loss":0,"cards_upgraded":["Deadly Poison"]},{"damage_healed":0,"gold_gain":0,"player_choice":"Smashed Altar","damage_taken":0,"max_hp_gain":0,"max_hp_loss":0,"event_name":"Forgotten Altar","floor":20,"gold_loss":0,"cards_obtained":["Decay"]},{"damage_healed":0,"gold_gain":0,"player_choice":"Fight","damage_taken":0,"max_hp_gain":0,"max_hp_loss":0,"event_name":"Colosseum","floor":22,"gold_loss":0},{"damage_healed":0,"gold_gain":0,"player_choice":"Fled From Nobs","damage_taken":0,"max_hp_gain":0,"max_hp_loss":0,"event_name":"Colosseum","floor":22,"gold_loss":0},{"damage_healed":0,"gold_gain":0,"cards_transformed":["Strike_G"],"player_choice":"Transformed","damage_taken":0,"max_hp_gain":0,"max_hp_loss":0,"event_name":"Transmorgrifier","floor":25,"gold_loss":0,"cards_obtained":["Malaise"]},{"damage_healed":0,"gold_gain":0,"player_choice":"Paid Fearfully","damage_taken":0,"max_hp_gain":0,"max_hp_loss":0,"event_name":"Masked Bandits","floor":28,"gold_loss":30}],"is_beta":true,"boss_relics":[{"not_picked":["Black Star","Calling Bell"],"picked":"Coffee Dripper"}],"items_purged_floors":[12],"is_endless":false,"potions_floor_spawned":[1,3,5,6,13,22,27,31],"killed_by":"Automaton","ascension_level":1}