{"gold_per_floor":[119,69,69,89,89,129,144,157,208,246,261,282,282,142,142,273,273,297,311,84,84,104,104,135,135,205,151,151,151,171,194,194,314,314,327,7,23,23,41,79,97,97],"floor_reached":42,"playtime":3269,"items_purged":["Strike_G"],"score":655,"play_id":"2895c205-46b9-441f-ae48-cae5af9a1db0","local_time":"20190215120629","is_ascension_mode":true,"campfire_choices":[{"data":"Calculated Gamble","floor":13.0,"key":"SMITH"},{"data":"Crippling Poison","floor":15.0,"key":"SMITH"},{"data":"Footwork","floor":23.0,"key":"SMITH"},{"data":"After Image","floor":25.0,"key":"SMITH"},{"data":"Cloak And Dagger","floor":32.0,"key":"SMITH"}],"neow_cost":"NONE","seed_source_timestamp":0,"circlet_count":0,"master_deck":["Defend_G","Defend_G","Defend_G","Defend_G","Defend_G","Strike_G","Strike_G","Survivor","Neutralize","Backflip","Calculated Gamble","Dash","Well Laid Plans","Leg Sweep","Slice","Calculated Gamble+1","Footwork+1","Crippling Poison+1","Unload","Dagger Throw+1","Dagger Spray+1","Noxious Fumes+1","After Image+1","Blade Dance","Cloak And Dagger+1","Prepared+1","Tactician","Underhanded Strike+1","Parasite","Acrobatics+1","Cloak And Dagger","Blade Dance+1"],"special_seed":0,"relics":["Ring of the Snake","NeowsBlessing","Golden Idol","Sundial","Strawberry","Pen Nib","Runic Pyramid","Vajra","Oddly Smooth Stone","Darkstone Periapt","HoveringKite","Bottled Lightning","Bag of Marbles"],"potions_floor_usage":[],"damage_taken":[{"damage":0.0,"enemies":"Jaw Worm","floor":1.0,"turns":1.0},{"damage":0.0,"enemies":"Small Slimes","floor":4.0,"turns":1.0},{"damage":0.0,"enemies":"Lagavulin","floor":6.0,"turns":1.0},{"damage":0.0,"enemies":"Cultist","floor":7.0,"turns":4.0},{"damage":0.0,"enemies":"Exordium Wildlife","floor":8.0,"turns":3.0},{"damage":16.0,"enemies":"Gremlin Nob","floor":10.0,"turns":5.0},{"damage":3.0,"enemies":"Lots of Slimes","floor":11.0,"turns":5.0},{"damage":0.0,"enemies":"Looter","floor":12.0,"turns":3.0},{"damage":23.0,"enemies":"Slime Boss","floor":16.0,"turns":11.0},{"damage":3.0,"enemies":"3 Byrds","floor":18.0,"turns":6.0},{"damage":0.0,"enemies":"Chosen","floor":19.0,"turns":4.0},{"damage":7.0,"enemies":"Shelled Parasite and Fungi","floor":22.0,"turns":7.0},{"damage":1.0,"enemies":"Gremlin Leader","floor":24.0,"turns":6.0},{"damage":4.0,"enemies":"3 Cultists","floor":30.0,"turns":6.0},{"damage":5.0,"enemies":"Snake Plant","floor":31.0,"turns":6.0},{"damage":22.0,"enemies":"Automaton","floor":33.0,"turns":12.0},{"damage":16.0,"enemies":"3 Shapes","floor":35.0,"turns":5.0},{"damage":4.0,"enemies":"Orb Walker","floor":37.0,"turns":4.0},{"damage":30.0,"enemies":"Writhing Mass","floor":39.0,"turns":9.0},{"damage":12,"enemies":"Nemesis","floor":40,"turns":11},{"damage":1,"enemies":"3 Darklings","floor":41,"turns":5},{"damage":5,"enemies":"Reptomancer","floor":42,"turns":2}],"seed_played":"-6773481524941076542","potions_obtained":[{"floor":4.0,"key":"Strength Potion"},{"floor":8.0,"key":"Fire Potion"},{"floor":11.0,"key":"PowerPotion"},{"floor":12.0,"key":"Block Potion"},{"floor":19.0,"key":"PowerPotion"},{"floor":24.0,"key":"Poison Potion"},{"floor":31.0,"key":"Explosive Potion"},{"floor":33.0,"key":"SteroidPotion"},{"floor":39.0,"key":"SteroidPotion"}],"is_trial":false,"path_per_floor":["M","?","?","M","?","E","M","M","T","E","M","M","R","$","R","B",null,"M","M","$","?","M","R","E","R","T","$","?","T","M","M","R","B",null,"M","$","M","?","M","E","M","E"],"character_chosen":"THE_SILENT","items_purchased":["Footwork","Crippling Poison","Vajra","Blade Dance","Tactician","Bottled Lightning"],"campfire_rested":0,"item_purchase_floors":[14,14,20,27,36,36],"current_hp_per_floor":[63,63,56,56,39,39,39,39,46,30,27,27,27,27,27,4,59,56,56,56,56,49,49,48,48,48,48,48,48,44,39,39,17,62,46,46,42,42,18,6,5,0],"gold":97,"neow_bonus":"THREE_ENEMY_KILL","is_prod":false,"is_daily":false,"chose_seed":false,"campfire_upgraded":5,"win_rate":0,"timestamp":1550261189,"path_taken":["M","?","?","M","?","E","?","?","T","E","M","M","R","$","R","BOSS","M","M","$","?","?","R","E","R","T","$","?","?","M","M","R","BOSS","M","$","M","?","M","E","M","E"],"build_version":"2019-01-23","purchased_purges":1,"victory":false,"max_hp_per_floor":[70,70,70,70,70,70,70,70,77,77,77,77,77,77,77,77,77,77,77,77,77,77,77,77,77,77,77,77,77,77,77,77,77,77,77,77,77,77,83,83,83,83],"card_choices":[{"not_picked":["Underhanded Strike","Blade Dance"],"picked":"Backflip","floor":1.0},{"not_picked":["Outmaneuver","Accuracy"],"picked":"Calculated Gamble","floor":4.0},{"not_picked":["Acrobatics","Tools of the Trade"],"picked":"Dash","floor":6.0},{"not_picked":["Accuracy","Slice"],"picked":"Well Laid Plans","floor":7.0},{"not_picked":["Blade Dance","Backflip"],"picked":"Leg Sweep","floor":8.0},{"not_picked":["Deflect","Blade Dance"],"picked":"Slice","floor":10.0},{"not_picked":["Catalyst","Backflip"],"picked":"Sucker Punch","floor":11.0},{"not_picked":["Blade Dance","Expertise"],"picked":"Calculated Gamble","floor":12.0},{"not_picked":["Night Terror","Tools of the Trade"],"picked":"Unload","floor":16.0},{"not_picked":["Dodge and Roll","Underhanded Strike"],"picked":"Dagger Throw+1","floor":18.0},{"not_picked":["Bane","Sucker Punch"],"picked":"Dagger Spray","floor":19.0},{"not_picked":["Infinite Blades+1","Heel Hook"],"picked":"Noxious Fumes+1","floor":22.0},{"not_picked":["Dodge and Roll","Accuracy+1"],"picked":"After Image","floor":24.0},{"not_picked":["Riddle With Holes","Acrobatics","Masterful Stab+1"],"picked":"SKIP","floor":30.0},{"not_picked":["Deadly Poison+1","Backflip"],"picked":"Cloak And Dagger","floor":31.0},{"not_picked":["Outmaneuver+1","Crippling Poison+1"],"picked":"Prepared+1","floor":35.0},{"not_picked":["Blur","Finisher+1"],"picked":"Underhanded Strike+1","floor":37.0},{"not_picked":["Deadly Poison+1","Predator+1"],"picked":"Acrobatics+1","floor":39.0},{"not_picked":["Finisher+1","Prepared"],"picked":"Cloak And Dagger","floor":40},{"not_picked":["Poisoned Stab+1","Dagger Throw"],"picked":"Blade Dance+1","floor":41}],"player_experience":158970,"relics_obtained":[{"floor":6.0,"key":"Sundial"},{"floor":9.0,"key":"Strawberry"},{"floor":10.0,"key":"Pen Nib"},{"floor":24.0,"key":"Oddly Smooth Stone"},{"floor":26.0,"key":"Darkstone Periapt"},{"floor":40,"key":"Bag of Marbles"}],"event_choices":[{"cards_removed":["Strike_G"],"damage_healed":0.0,"max_hp_gain":0.0,"max_hp_loss":0.0,"gold_gain":0.0,"event_name":"The Cleric","player_choice":"Card Removal","floor":2.0,"gold_loss":50.0,"damage_taken":0.0},{"cards_removed":["Strike_G"],"damage_healed":0.0,"max_hp_gain":0.0,"max_hp_loss":0.0,"gold_gain":0.0,"event_name":"Golden Wing","player_choice":"Card Removal","floor":3.0,"gold_loss":0.0,"damage_taken":7.0},{"damage_healed":0.0,"max_hp_gain":0.0,"max_hp_loss":0.0,"gold_gain":0.0,"event_name":"Golden Idol","player_choice":"Take Damage","floor":5.0,"gold_loss":0.0,"damage_taken":17.0,"relics_obtained":["Golden Idol"]},{"damage_healed":0.0,"max_hp_gain":0.0,"max_hp_loss":0.0,"gold_gain":0.0,"event_name":"Accursed Blacksmith","player_choice":"Forge","floor":21.0,"gold_loss":0.0,"damage_taken":0.0,"cards_upgraded":["Dagger Spray"]},{"damage_healed":0.0,"max_hp_gain":0.0,"max_hp_loss":0.0,"gold_gain":0.0,"event_name":"Ghosts","player_choice":"Ignored","floor":28.0,"gold_loss":0.0,"damage_taken":0.0},{"cards_removed":["Sucker Punch"],"damage_healed":0.0,"max_hp_gain":0.0,"max_hp_loss":0.0,"gold_gain":0.0,"event_name":"Falling","player_choice":"Removed Attack","floor":38.0,"gold_loss":0.0,"damage_taken":0.0}],"is_beta":false,"boss_relics":[{"not_picked":["White Beast Statue","Runic Dome"],"picked":"Runic Pyramid"},{"not_picked":["Lizard Tail","Sozu"],"picked":"HoveringKite"}],"items_purged_floors":[20],"is_endless":false,"potions_floor_spawned":[4,8,11,12,19,24,31,33,39],"killed_by":"Reptomancer","ascension_level":7}