{"gold_per_floor":[15,31,31,46,64,64,91,103,103,103,118,118,193,17,17,112,112,129,129,148,148,165,190,190,225,307,342,342,17,343,355,355,450,450,466,480,480,497,60,88,0,28,28,59,69,83,130,159,159,159,159,159,25,82,82],"floor_reached":56,"playtime":3772,"items_purged":["Strike_R","Strike_R+1","Parasite","Strike_R+1"],"score":1480,"play_id":"b03bbe84-2c02-4aae-b4bc-10d559072e75","local_time":"20181103012213","is_ascension_mode":true,"campfire_choices":[{"data":"Armaments","floor":6,"key":"SMITH"},{"data":"True Grit","floor":10,"key":"SMITH"},{"data":"Disarm","floor":12,"key":"SMITH"},{"data":"Inflame","floor":15,"key":"SMITH"},{"data":"Demon Form","floor":24,"key":"SMITH"},{"data":"Heavy Blade","floor":32,"key":"SMITH"},{"floor":49,"key":"RECALL"},{"data":"Deep Breath","floor":52,"key":"SMITH"}],"neow_cost":"NO_GOLD","seed_source_timestamp":759763963490401,"circlet_count":0,"master_deck":["Strike_R+1","Defend_R+1","Defend_R+1","Defend_R+1","Bash","Cleave","True Grit+1","Shrug It Off","Armaments+1","Anger","Metallicize","Disarm+1","Inflame+1","Heavy Blade+1","Immolate","Headbutt","Metallicize","Flame Barrier","Demon Form+1","Feed","True Grit+1","Shrug It Off","Metallicize","Whirlwind","Reaper","Warcry+1","Power Through","Shrug It Off","Deep Breath+1","Iron Wave+1","Iron Wave+1","Pommel Strike+1","Warcry+1","Evolve","Sword Boomerang"],"relics":["Burning Blood","Question Card","Happy Flower","Runic Dome","Nilry\u0027s Codex","Red Skull","Gremlin Horn","Dodecahedron","Art of War","Anchor","Old Coin","Mark of Pain","Pear","Membership Card","Bag of Preparation","Bag of Marbles","Red Mask","Omamori","Regal Pillow","Bird Faced Urn","Charon\u0027s Ashes","Tiny Chest"],"potions_floor_usage":[7,20,23,23,35,40,55,55],"damage_taken":[{"damage":4,"enemies":"Jaw Worm","floor":1,"turns":5},{"damage":1,"enemies":"2 Louse","floor":2,"turns":2},{"damage":3,"enemies":"Small Slimes","floor":4,"turns":3},{"damage":6,"enemies":"Red Slaver","floor":5,"turns":5},{"damage":29,"enemies":"Gremlin Nob","floor":7,"turns":5},{"damage":0,"enemies":"Exordium Wildlife","floor":8,"turns":3},{"damage":0,"enemies":"Large Slime","floor":11,"turns":7},{"damage":4,"enemies":"Hexaghost","floor":16,"turns":9},{"damage":3,"enemies":"2 Thieves","floor":18,"turns":4},{"damage":0,"enemies":"3 Byrds","floor":20,"turns":5},{"damage":7,"enemies":"Sentry and Sphere","floor":22,"turns":4},{"damage":2,"enemies":"Slavers","floor":23,"turns":2},{"damage":8,"enemies":"Book of Stabbing","floor":25,"turns":7},{"damage":29,"enemies":"Slavers","floor":27,"turns":10},{"damage":0,"enemies":"Gremlin Leader","floor":30,"turns":6},{"damage":0,"enemies":"Cultist and Chosen","floor":31,"turns":6},{"damage":14,"enemies":"Champ","floor":33,"turns":7},{"damage":0,"enemies":"Orb Walker","floor":35,"turns":5},{"damage":13,"enemies":"3 Darklings","floor":36,"turns":3},{"damage":3,"enemies":"Writhing Mass","floor":38,"turns":7},{"damage":30,"enemies":"Nemesis","floor":40,"turns":5},{"damage":29,"enemies":"Giant Head","floor":42,"turns":8},{"damage":48,"enemies":"Nemesis","floor":44,"turns":9},{"damage":7,"enemies":"Sphere and 2 Shapes","floor":45,"turns":7},{"damage":8,"enemies":"4 Shapes","floor":46,"turns":8},{"damage":33,"enemies":"2 Orb Walkers","floor":47,"turns":6},{"damage":15,"enemies":"Giant Head","floor":48,"turns":8},{"damage":37,"enemies":"Donu and Deca","floor":50,"turns":9},{"damage":77,"enemies":"Shield and Spear","floor":54,"turns":10},{"damage":116,"enemies":"The Heart","floor":55,"turns":11}],"seed_played":"-489246857811539267","potions_obtained":[{"floor":1,"key":"SpeedPotion"},{"floor":2,"key":"SteroidPotion"},{"floor":7,"key":"Energy Potion"},{"floor":8,"key":"Weak Potion"},{"floor":11,"key":"Dexterity Potion"},{"floor":22,"key":"AttackPotion"},{"floor":30,"key":"Swift Potion"},{"floor":33,"key":"AttackPotion"},{"floor":36,"key":"BloodPotion"},{"floor":42,"key":"Explosive Potion"},{"floor":45,"key":"FairyPotion"}],"is_trial":false,"path_per_floor":["M","M","?","M","M","R","E","M","T","R","M","R","?","$","R","B",null,"M","?","M","?","M","E","R","E","T","E","?","$","E","M","R","B",null,"M","M","?","M","$","E","?","E","T","E","M","M","?","E","R","B",null,"R","$","E","B",null],"character_chosen":"IRONCLAD","items_purchased":["Inflame","Heavy Blade","Shrug It Off","Anchor","Metallicize","Membership Card","Bag of Preparation","PowerPotion","Shrug It Off","Deep Breath","Evolve","Sword Boomerang"],"campfire_rested":0,"item_purchase_floors":[14,14,29,29,29,39,39,39,39,39,53,53],"current_hp_per_floor":[80,80,85,85,85,85,62,68,68,68,74,74,63,63,63,65,85,85,69,75,75,74,78,78,76,76,56,85,85,88,91,91,83,91,91,91,101,104,101,77,77,82,82,40,49,104,77,104,104,104,104,104,104,48,17],"gold":82,"neow_bonus":"REMOVE_TWO","is_prod":false,"is_daily":false,"chose_seed":false,"campfire_upgraded":7,"win_rate":0,"timestamp":1541222533,"path_taken":["M","M","?","M","M","R","E","M","T","R","M","R","?","$","R","BOSS","M","?","M","?","M","E","R","E","T","E","?","$","E","M","R","BOSS","M","M","?","?","?","E","?","E","T","E","M","M","?","E","R","BOSS","R","$","E","BOSS"],"build_version":"2018-11-01v2","purchased_purges":4,"victory":true,"max_hp_per_floor":[80,80,85,85,85,85,85,85,85,85,85,85,85,85,85,85,85,85,85,85,85,85,85,85,85,85,88,88,88,88,91,91,91,91,91,91,101,104,101,101,101,101,101,101,101,104,104,104,104,104,104,104,104,104,104],"card_choices":[{"not_picked":["Bloodletting","Sentinel"],"picked":"Cleave","floor":1},{"not_picked":["Iron Wave","Corruption"],"picked":"True Grit","floor":2},{"not_picked":["Seeing Red","Flame Barrier"],"picked":"Shrug It Off","floor":4},{"not_picked":["Sever Soul","Perfected Strike"],"picked":"Armaments","floor":5},{"not_picked":["Twin Strike","Exhume"],"picked":"Anger","floor":7},{"not_picked":["Clothesline","Sword Boomerang","Heavy Blade"],"picked":"Metallicize","floor":8},{"not_picked":["Second Wind","Headbutt","Thunderclap"],"picked":"Disarm","floor":11},{"not_picked":["Reaper","Exhume","Berserk"],"picked":"Immolate","floor":16},{"not_picked":["Twin Strike+1","Flame Barrier+1","Sword Boomerang"],"picked":"Headbutt","floor":18},{"not_picked":["Armaments","Havoc","Headbutt+1"],"picked":"Metallicize","floor":20},{"not_picked":["Rampage","Heavy Blade","Body Slam"],"picked":"Flame Barrier","floor":22},{"not_picked":["Sever Soul","Pummel","Sword Boomerang"],"picked":"Demon Form","floor":23},{"not_picked":["Perfected Strike","Corruption","Twin Strike+1"],"picked":"Feed","floor":25},{"not_picked":["Twin Strike+1","Pommel Strike+1","Clash"],"picked":"True Grit+1","floor":27},{"not_picked":["Shrug It Off","Wild Strike","Second Wind+1","Shockwave"],"picked":"SKIP","floor":30},{"not_picked":["Heavy Blade","Sword Boomerang+1","Twin Strike"],"picked":"Whirlwind","floor":31},{"not_picked":["Bludgeon","Offering","Impervious"],"picked":"Reaper","floor":33},{"not_picked":["Wild Strike+1","Havoc","Rage","Body Slam"],"picked":"SKIP","floor":35},{"not_picked":["Clothesline+1","Twin Strike+1","Pummel+1"],"picked":"Warcry+1","floor":36},{"not_picked":["Intimidate","Armaments","Cleave+1"],"picked":"Power Through","floor":38},{"not_picked":["Fire Breathing+1","Armaments+1","Perfected Strike","Entrench+1"],"picked":"SKIP","floor":40},{"not_picked":["Bludgeon","Thunderclap","True Grit"],"picked":"Iron Wave+1","floor":42},{"not_picked":["Carnage","Cleave","Second Wind","Rage+1"],"picked":"SKIP","floor":44},{"not_picked":["Burning Pact","Hemokinesis+1","Warcry"],"picked":"Iron Wave+1","floor":45},{"not_picked":["Thunderclap+1","Body Slam+1","Cleave"],"picked":"Pommel Strike+1","floor":46},{"not_picked":["Seeing Red","Intimidate+1","Blood for Blood+1"],"picked":"Warcry+1","floor":48},{"not_picked":["Sentinel","Pummel+1","Intimidate","Second Wind"],"picked":"SKIP","floor":54}],"player_experience":3270522,"relics_obtained":[{"floor":7,"key":"Question Card"},{"floor":9,"key":"Happy Flower"},{"floor":19,"key":"Nilry\u0027s Codex"},{"floor":23,"key":"Red Skull"},{"floor":25,"key":"Gremlin Horn"},{"floor":26,"key":"Dodecahedron"},{"floor":27,"key":"Art of War"},{"floor":30,"key":"Old Coin"},{"floor":37,"key":"Pear"},{"floor":40,"key":"Bag of Marbles"},{"floor":42,"key":"Omamori"},{"floor":44,"key":"Regal Pillow"},{"floor":47,"key":"Bird Faced Urn"},{"floor":48,"key":"Charon\u0027s Ashes"},{"floor":54,"key":"Tiny Chest"}],"event_choices":[{"damage_healed":0,"gold_gain":0,"player_choice":"Donut","damage_taken":0,"max_hp_gain":5,"max_hp_loss":0,"event_name":"Big Fish","floor":3,"gold_loss":0},{"damage_healed":0,"gold_gain":75,"player_choice":"Gather Gold","damage_taken":11,"max_hp_gain":0,"max_hp_loss":0,"event_name":"World of Goop","floor":13,"gold_loss":0},{"damage_healed":0,"gold_gain":0,"player_choice":"Obtained Book","damage_taken":16,"max_hp_gain":0,"max_hp_loss":0,"event_name":"Cursed Tome","floor":19,"gold_loss":0},{"damage_healed":0,"gold_gain":0,"player_choice":"Simplicity","damage_taken":0,"max_hp_gain":0,"max_hp_loss":0,"event_name":"Back to Basics","floor":21,"gold_loss":0,"cards_upgraded":["Strike_R","Strike_R","Strike_R","Defend_R","Defend_R","Defend_R"]},{"damage_healed":29,"gold_gain":0,"player_choice":"Heal","damage_taken":0,"max_hp_gain":0,"max_hp_loss":0,"event_name":"The Library","floor":28,"gold_loss":0},{"damage_healed":0,"gold_gain":0,"player_choice":"Relic","damage_taken":0,"max_hp_gain":0,"max_hp_loss":0,"event_name":"Wheel of Change","floor":37,"gold_loss":0},{"damage_healed":0,"gold_gain":0,"player_choice":"Paid","damage_taken":0,"relics_obtained":["Red Mask"],"max_hp_gain":0,"max_hp_loss":0,"event_name":"Tomb of Lord Red Mask","floor":41,"gold_loss":88},{"damage_healed":0,"gold_gain":0,"player_choice":"Fight","damage_taken":0,"max_hp_gain":0,"max_hp_loss":0,"event_name":"Mysterious Sphere","floor":47,"gold_loss":0}],"is_beta":true,"boss_relics":[{"not_picked":["Coffee Dripper","White Beast Statue"],"picked":"Runic Dome"},{"not_picked":["Tiny House","Runic Cube"],"picked":"Mark of Pain"}],"items_purged_floors":[14,29,39,53],"is_endless":false,"potions_floor_spawned":[1,2,7,8,11,22,30,33,36,42,45,47],"ascension_level":1}