{"gold_per_floor":[211,230,230,244,54,81,98,98,125,138,164,176,192,205,205,309,309,327,1,12,26,38,69,69,69,69,69,69,89,4,33,33,33],"floor_reached":33,"playtime":1531,"items_purged":[],"score":421,"play_id":"3716c72b-9c92-4ef2-9f16-eb4593adbcbe","local_time":"20190214193134","is_ascension_mode":true,"campfire_choices":[{"data":"Crippling Poison","floor":8,"key":"SMITH"},{"floor":15,"key":"REST"},{"floor":25,"key":"REST"},{"floor":28,"key":"REST"},{"floor":32,"key":"REST"}],"neow_cost":"NONE","seed_source_timestamp":7315254847823,"circlet_count":0,"master_deck":["Defend_G+1","Defend_G+1","Defend_G+1","Defend_G+1","Defend_G+1","Strike_G+1","Strike_G+1","Survivor","Neutralize","Deadly Poison","Escape Plan","Quick Slash","Calculated Gamble","All Out Attack","Flying Knee","Crippling Poison+1","Wraith Form v2","Die Die Die","PiercingWail","Poisoned Stab","Adrenaline","Dagger Throw","Deadly Poison","Skewer","Acrobatics","Sucker Punch+1","Footwork","Blur+1","Deadly Poison+1","Dodge and Roll","Backstab","Eviscerate","Caltrops+1","Backstab"],"relics":["Ring of the Snake","Snake Skull","Bag of Marbles","Bag of Preparation","Blood Vial","Orrery","Mummified Hand","Sundial","Peace Pipe","Boot","PreservedInsect"],"potions_floor_usage":[6,6,16,23,23,33],"damage_taken":[{"damage":5,"enemies":"Jaw Worm","floor":1,"turns":6},{"damage":0,"enemies":"Cultist","floor":2,"turns":4},{"damage":3,"enemies":"2 Louse","floor":4,"turns":3},{"damage":22,"enemies":"Gremlin Nob","floor":6,"turns":5},{"damage":0,"enemies":"Exordium Wildlife","floor":7,"turns":3},{"damage":1,"enemies":"Looter","floor":10,"turns":3},{"damage":8,"enemies":"3 Sentries","floor":11,"turns":5},{"damage":1,"enemies":"Blue Slaver","floor":12,"turns":3},{"damage":2,"enemies":"Large Slime","floor":13,"turns":3},{"damage":0,"enemies":"3 Louse","floor":14,"turns":2},{"damage":38,"enemies":"Hexaghost","floor":16,"turns":10},{"damage":13,"enemies":"Shell Parasite","floor":18,"turns":5},{"damage":3,"enemies":"Chosen","floor":20,"turns":4},{"damage":23,"enemies":"Shelled Parasite and Fungi","floor":21,"turns":4},{"damage":13,"enemies":"Snecko","floor":22,"turns":3},{"damage":7,"enemies":"Slavers","floor":23,"turns":4},{"damage":11,"enemies":"Snake Plant","floor":29,"turns":3},{"damage":21,"enemies":"Gremlin Leader","floor":31,"turns":5},{"damage":47,"enemies":"Automaton","floor":33,"turns":6}],"seed_played":"-6542769194082050305","potions_obtained":[{"floor":1,"key":"EssenceOfSteel"},{"floor":2,"key":"Weak Potion"},{"floor":11,"key":"Dexterity Potion"},{"floor":16,"key":"PowerPotion"},{"floor":21,"key":"Block Potion"},{"floor":23,"key":"SteroidPotion"},{"floor":29,"key":"Explosive Potion"},{"floor":31,"key":"FearPotion"}],"is_trial":false,"path_per_floor":["M","M","?","M","$","E","M","R","T","M","E","M","M","M","R","B",null,"M","$","M","M","M","E","?","R","T","?","R","M","?","E","R","B"],"character_chosen":"THE_SILENT","items_purchased":["Snake Skull","All Out Attack","Footwork","Mummified Hand"],"campfire_rested":4,"item_purchase_floors":[5,5,19,19],"current_hp_per_floor":[58,58,58,55,55,33,33,33,33,32,24,25,25,27,48,12,56,45,45,44,23,12,7,7,28,28,28,49,40,40,21,42,0],"gold":33,"neow_bonus":"HUNDRED_GOLD","is_prod":false,"is_daily":false,"chose_seed":false,"campfire_upgraded":1,"win_rate":0,"timestamp":1550201494,"path_taken":["M","M","?","M","$","E","M","R","T","M","E","M","?","M","R","BOSS","M","$","M","M","M","E","?","R","T","?","R","M","?","E","R","BOSS"],"build_version":"2019-01-23","purchased_purges":0,"victory":false,"max_hp_per_floor":[70,70,70,70,70,70,70,70,70,70,70,70,70,70,70,70,70,70,70,70,70,70,70,70,70,70,70,70,70,70,70,70,70],"card_choices":[{"not_picked":["Reflex","Cloak And Dagger"],"picked":"Deadly Poison","floor":1},{"not_picked":["Tactician","Deadly Poison"],"picked":"Escape Plan","floor":2},{"not_picked":["Slice","Outmaneuver"],"picked":"Calculated Gamble","floor":4},{"not_picked":["Deflect","Slice"],"picked":"Flying Knee","floor":6},{"not_picked":["Dodge and Roll","Acrobatics"],"picked":"Crippling Poison","floor":7},{"not_picked":["Prepared","Dagger Throw"],"picked":"Wraith Form v2","floor":10},{"not_picked":["Slice","Endless Agony"],"picked":"Die Die Die","floor":11},{"not_picked":["Outmaneuver","Crippling Poison"],"picked":"PiercingWail","floor":12},{"not_picked":["Dagger Throw","Prepared"],"picked":"Poisoned Stab","floor":13},{"not_picked":["Riddle With Holes","Outmaneuver","Flying Knee"],"picked":"SKIP","floor":14},{"not_picked":["Burst","Envenom"],"picked":"Adrenaline","floor":16},{"not_picked":["Deadly Poison","Skewer"],"picked":"Dagger Throw","floor":17},{"not_picked":["Outmaneuver","Bane"],"picked":"Deadly Poison","floor":17},{"not_picked":["Sucker Punch","Underhanded Strike"],"picked":"Skewer","floor":17},{"not_picked":["Slice","Flechettes"],"picked":"Acrobatics","floor":17},{"not_picked":["Flechettes","Night Terror"],"picked":"Sucker Punch+1","floor":18},{"not_picked":["Terror","Flechettes+1","Escape Plan"],"picked":"SKIP","floor":20},{"not_picked":["Leg Sweep","Outmaneuver+1"],"picked":"Blur+1","floor":21},{"not_picked":["Quick Slash","Choke"],"picked":"Deadly Poison+1","floor":22},{"not_picked":["Slice","Deflect"],"picked":"Dodge and Roll","floor":23},{"not_picked":["Deadly Poison+1","Slice"],"picked":"Caltrops+1","floor":29},{"not_picked":["Acrobatics","Prepared+1"],"picked":"Backstab","floor":31}],"player_experience":157439,"relics_obtained":[{"floor":6,"key":"Bag of Marbles"},{"floor":9,"key":"Bag of Preparation"},{"floor":11,"key":"Blood Vial"},{"floor":23,"key":"Sundial"},{"floor":26,"key":"Peace Pipe"},{"floor":31,"key":"PreservedInsect"}],"event_choices":[{"damage_healed":0,"gold_gain":0,"cards_transformed":["Strike_G"],"player_choice":"Transformed","damage_taken":0,"max_hp_gain":0,"max_hp_loss":0,"event_name":"Transmorgrifier","floor":3,"gold_loss":0,"cards_obtained":["Quick Slash"]},{"damage_healed":0,"gold_gain":0,"cards_transformed":["Strike_G","Strike_G"],"player_choice":"Became Test Subject","damage_taken":0,"max_hp_gain":0,"max_hp_loss":0,"event_name":"Drug Dealer","floor":24,"gold_loss":0,"cards_obtained":["Backstab","Eviscerate"]},{"damage_healed":0,"gold_gain":0,"player_choice":"Simplicity","damage_taken":0,"max_hp_gain":0,"max_hp_loss":0,"event_name":"Back to Basics","floor":27,"gold_loss":0,"cards_upgraded":["Defend_G","Defend_G","Defend_G","Defend_G","Defend_G","Strike_G","Strike_G"]},{"damage_healed":0,"gold_gain":0,"player_choice":"Obtained Relic","damage_taken":0,"relics_obtained":["Boot"],"max_hp_gain":0,"max_hp_loss":0,"event_name":"Addict","floor":30,"gold_loss":85}],"is_beta":false,"boss_relics":[{"not_picked":["Philosopher\u0027s Stone","WristBlade"],"picked":"Orrery"}],"items_purged_floors":[],"is_endless":false,"potions_floor_spawned":[1,2,11,16,21,23,29,31],"killed_by":"Automaton","ascension_level":8}