{"gold_per_floor":[114,126,136,147,163,163,174,174,197,162,182,182,182,182],"floor_reached":14,"playtime":807,"items_purged":[],"score":160,"play_id":"62f2570a-8d8d-4421-a8b0-1687e081e6e8","local_time":"20181212141043","is_ascension_mode":true,"campfire_choices":[{"data":"Zap","floor":6,"key":"SMITH"},{"data":"Fission","floor":8,"key":"SMITH"},{"floor":13,"key":"REST"}],"neow_cost":"NONE","seed_source_timestamp":723412520381882,"circlet_count":0,"master_deck":["AscendersBane","Strike_B","Strike_B","Strike_B","Defend_B","Defend_B","Defend_B","Defend_B","Zap+1","Dualcast","Tempest","Cold Snap","Ball Lightning","Undo","FTL","Fission+1","Genetic Algorithm","Stack"],"relics":["Cracked Core","Dream Catcher"],"potions_floor_usage":[4,11,11],"damage_taken":[{"damage":0,"enemies":"Cultist","floor":1,"turns":3},{"damage":12,"enemies":"Small Slimes","floor":2,"turns":3},{"damage":8,"enemies":"2 Louse","floor":3,"turns":2},{"damage":14,"enemies":"Exordium Thugs","floor":4,"turns":3},{"damage":15,"enemies":"Exordium Wildlife","floor":5,"turns":5},{"damage":14,"enemies":"Large Slime","floor":7,"turns":4},{"damage":19,"enemies":"Gremlin Gang","floor":11,"turns":4},{"damage":30,"enemies":"Lagavulin","floor":14,"turns":7}],"seed_played":"4212688807157640788","potions_obtained":[{"floor":1,"key":"FearPotion"},{"floor":4,"key":"PowerPotion"},{"floor":7,"key":"SpeedPotion"}],"is_trial":false,"path_per_floor":["M","M","M","M","M","R","M","R","T","?","M","?","R","E"],"character_chosen":"DEFECT","items_purchased":[],"campfire_rested":1,"item_purchase_floors":[],"current_hp_per_floor":[71,59,51,37,22,22,8,8,8,27,8,1,24,0],"gold":182,"neow_bonus":"TEN_PERCENT_HP_BONUS","is_prod":false,"is_daily":false,"chose_seed":false,"campfire_upgraded":2,"win_rate":0,"timestamp":1544591443,"path_taken":["M","M","M","?","M","R","M","R","T","?","M","?","R","E"],"build_version":"2018-12-06","purchased_purges":0,"victory":false,"max_hp_per_floor":[78,78,78,78,78,78,78,78,78,78,78,78,78,78],"card_choices":[{"not_picked":["Gash","Barrage"],"picked":"Tempest","floor":1},{"not_picked":["Capacitor","Gash"],"picked":"Cold Snap","floor":2},{"not_picked":["FTL","Fusion"],"picked":"Ball Lightning","floor":3},{"not_picked":["Leap","Compile Driver"],"picked":"Undo","floor":4},{"not_picked":["Go for the Eyes","Lockon"],"picked":"FTL","floor":5},{"not_picked":["Lockon","Sweeping Beam"],"picked":"Fission","floor":7},{"not_picked":["Compile Driver","Turbo"],"picked":"Genetic Algorithm","floor":11},{"not_picked":["Redo","Sweeping Beam"],"picked":"Stack","floor":13}],"player_experience":981907,"relics_obtained":[{"floor":9,"key":"Dream Catcher"}],"event_choices":[{"damage_healed":19,"gold_gain":0,"player_choice":"Healed","damage_taken":0,"max_hp_gain":0,"max_hp_loss":0,"event_name":"The Cleric","floor":10,"gold_loss":35},{"cards_removed":["Strike_B"],"damage_healed":0,"gold_gain":0,"player_choice":"Card Removal","damage_taken":7,"max_hp_gain":0,"max_hp_loss":0,"event_name":"Golden Wing","floor":12,"gold_loss":0}],"is_beta":false,"boss_relics":[],"items_purged_floors":[],"is_endless":false,"potions_floor_spawned":[1,4,7],"killed_by":"Lagavulin","ascension_level":18}