{"gold_per_floor":[115,126,142,142,27,66,66,89,141,174,187,187,105,131,131,250,250,275,16,16,141,141,141,166,176,176,203,221,142,175,190,190,285,285,300,346,357,367,82,117,117,148,148,148,148,159,187,187,187,187,187,187,87,114,114],"floor_reached":56,"playtime":4085,"items_purged":["Strike_G"],"score":2020,"play_id":"b45e28f4-9b81-42e8-9cf2-5a35cb0e91ad","local_time":"20190217150447","is_ascension_mode":true,"campfire_choices":[{"data":"Quick Slash","floor":12,"key":"SMITH"},{"data":"Neutralize","floor":15,"key":"SMITH"},{"floor":23,"key":"REST"},{"floor":32,"key":"REST"},{"floor":41,"key":"RECALL"},{"floor":44,"key":"REST"},{"floor":49,"key":"REST"},{"floor":52,"key":"REST"}],"neow_cost":"NONE","seed_source_timestamp":10420785502944,"circlet_count":0,"master_deck":["AscendersBane","Defend_G","Defend_G","Defend_G","Defend_G","Defend_G","Strike_G","Strike_G","Survivor","Neutralize+1","Dagger Spray","Dagger Throw","Backflip+1","Well Laid Plans","PiercingWail+1","Quick Slash+1","Die Die Die","Backstab","Envenom","Blade Dance","Poisoned Stab","Caltrops+1","Footwork+1","Acrobatics","Flying Knee","Blur","Footwork+1","Infinite Blades+1","Doppelganger","Blur","Poisoned Stab+1","Backstab+1","Well Laid Plans+1","Malaise+1","Backflip+1","Deflect+1","Leg Sweep+1","Acrobatics+1","Footwork+1","Finisher"],"relics":["Ring of the Snake","NeowsBlessing","Bloody Idol","Bottled Tornado","Happy Flower","War Paint","Strawberry","Sozu","Frozen Egg 2","FossilizedHelix","Mercury Hourglass","Mango","Ornamental Fan","Matryoshka","Kunai","Fusion Hammer","Du-Vu Doll","Toxic Egg 2","Omamori","Lantern","Art of War","Juzu Bracelet","Paper Crane"],"potions_floor_usage":[6,10,21],"damage_taken":[{"damage":0,"enemies":"Cultist","floor":1,"turns":1},{"damage":0,"enemies":"Jaw Worm","floor":2,"turns":1},{"damage":0,"enemies":"Small Slimes","floor":3,"turns":1},{"damage":19,"enemies":"3 Sentries","floor":6,"turns":9},{"damage":0,"enemies":"Blue Slaver","floor":8,"turns":6},{"damage":13,"enemies":"Gremlin Nob","floor":10,"turns":4},{"damage":0,"enemies":"Large Slime","floor":11,"turns":4},{"damage":13,"enemies":"The Guardian","floor":16,"turns":18},{"damage":8,"enemies":"Chosen","floor":18,"turns":4},{"damage":5,"enemies":"Colosseum Slavers","floor":21,"turns":6},{"damage":23,"enemies":"Colosseum Nobs","floor":21,"turns":4},{"damage":2,"enemies":"Book of Stabbing","floor":24,"turns":5},{"damage":0,"enemies":"2 Thieves","floor":25,"turns":3},{"damage":0,"enemies":"Gremlin Leader","floor":27,"turns":6},{"damage":1,"enemies":"Chosen and Byrds","floor":28,"turns":4},{"damage":46,"enemies":"Slavers","floor":30,"turns":5},{"damage":0,"enemies":"Sentry and Sphere","floor":31,"turns":5},{"damage":0,"enemies":"Collector","floor":33,"turns":11},{"damage":0,"enemies":"Orb Walker","floor":35,"turns":4},{"damage":14,"enemies":"2 Orb Walkers","floor":36,"turns":5},{"damage":0,"enemies":"3 Darklings","floor":37,"turns":4},{"damage":0,"enemies":"Transient","floor":38,"turns":5},{"damage":0,"enemies":"Reptomancer","floor":40,"turns":7},{"damage":0,"enemies":"Nemesis","floor":42,"turns":9},{"damage":11,"enemies":"Sphere and 2 Shapes","floor":46,"turns":5},{"damage":0,"enemies":"Reptomancer","floor":47,"turns":6},{"damage":10,"enemies":"Awakened One","floor":50,"turns":21},{"damage":15,"enemies":"Shield and Spear","floor":54,"turns":10},{"damage":36,"enemies":"The Heart","floor":55,"turns":12}],"seed_played":"-6701431890865623639","potions_obtained":[{"floor":3,"key":"LiquidBronze"},{"floor":8,"key":"Poison Potion"},{"floor":11,"key":"SteroidPotion"},{"floor":16,"key":"PowerPotion"}],"is_trial":false,"path_per_floor":["M","M","M","?","$","E","?","M","T","E","M","R","$","T","R","B",null,"M","$","?","?","?","R","E","M","T","E","M","$","E","M","R","B",null,"M","?","M","M","$","E","R","E","T","R","?","M","E","?","R","B",null,"R","$","E","B",null],"character_chosen":"THE_SILENT","items_purchased":["Well Laid Plans","Backstab","Frozen Egg 2","Blur","Well Laid Plans+1","Toxic Egg 2","Acrobatics+1","Footwork+1"],"campfire_rested":5,"item_purchase_floors":[5,13,19,29,39,39,53,53],"current_hp_per_floor":[63,63,63,63,63,44,37,37,37,24,24,24,24,31,31,18,59,51,51,51,23,23,44,61,71,71,76,80,80,39,44,69,74,83,86,77,82,86,86,86,86,86,86,86,82,76,81,71,82,72,80,82,82,72,36],"gold":114,"neow_bonus":"THREE_ENEMY_KILL","is_prod":false,"is_daily":false,"chose_seed":false,"campfire_upgraded":2,"win_rate":0,"timestamp":1550444687,"path_taken":["M","?","?","?","?","E","?","M","T","E","M","R","$","?","R","BOSS","M","$","?","?","?","R","E","M","T","E","M","$","E","M","R","BOSS","M","?","M","M","$","E","R","E","T","R","?","M","E","?","R","BOSS","R","$","E","BOSS"],"build_version":"2019-01-23","purchased_purges":1,"victory":true,"max_hp_per_floor":[70,70,70,65,65,65,65,65,65,65,65,65,65,72,72,72,72,72,72,72,72,72,72,86,86,86,86,86,86,86,86,86,86,86,86,86,86,86,86,86,86,86,86,86,82,82,82,82,82,82,82,82,82,82,82],"card_choices":[{"not_picked":["Accuracy","Leg Sweep"],"picked":"Dagger Spray","floor":1},{"not_picked":["Setup","Dash"],"picked":"Dagger Throw","floor":2},{"not_picked":["Setup","Calculated Gamble"],"picked":"Backflip","floor":3},{"not_picked":["Endless Agony","Masterful Stab"],"picked":"PiercingWail","floor":6},{"not_picked":["Deflect","Choke"],"picked":"Quick Slash","floor":8},{"not_picked":["Deadly Poison","PiercingWail"],"picked":"Die Die Die","floor":10},{"not_picked":["PiercingWail","Catalyst","Tactician"],"picked":"SKIP","floor":11},{"not_picked":["Tools of the Trade","Glass Knife"],"picked":"Envenom","floor":16},{"not_picked":["Crippling Poison","Prepared"],"picked":"Blade Dance","floor":18},{"not_picked":["Sucker Punch","Slice"],"picked":"Poisoned Stab","floor":21},{"not_picked":["Backflip","Unload"],"picked":"Caltrops+1","floor":24},{"not_picked":["Underhanded Strike","Endless Agony"],"picked":"Footwork+1","floor":25},{"not_picked":["Slice","Night Terror"],"picked":"Acrobatics","floor":27},{"not_picked":["Underhanded Strike+1","All Out Attack"],"picked":"Flying Knee","floor":28},{"not_picked":["Sucker Punch+1","Flying Knee"],"picked":"Footwork+1","floor":30},{"not_picked":["Reflex+1","Deflect"],"picked":"Infinite Blades+1","floor":31},{"not_picked":["Phantasmal Killer","Night Terror"],"picked":"Doppelganger","floor":33},{"not_picked":["Crippling Poison","Deflect"],"picked":"Blur","floor":35},{"not_picked":["Dagger Spray","Bane"],"picked":"Poisoned Stab+1","floor":36},{"not_picked":["Prepared","Expertise"],"picked":"Backstab+1","floor":37},{"not_picked":["Blade Dance","Poisoned Stab+1","Bane"],"picked":"SKIP","floor":38},{"not_picked":["Backflip+1","Quick Slash+1"],"picked":"Malaise+1","floor":40},{"not_picked":["Deadly Poison+1","Dagger Spray"],"picked":"Backflip+1","floor":42},{"not_picked":["Sucker Punch","Bouncing Flask+1"],"picked":"Deflect+1","floor":46},{"not_picked":["Quick Slash+1","Expertise+1"],"picked":"Leg Sweep+1","floor":47},{"not_picked":["Flying Knee+1","Setup+1"],"picked":"Finisher","floor":54}],"player_experience":189379,"relics_obtained":[{"floor":6,"key":"Bottled Tornado"},{"floor":9,"key":"Happy Flower"},{"floor":10,"key":"War Paint"},{"floor":14,"key":"Strawberry"},{"floor":21,"key":"FossilizedHelix"},{"floor":21,"key":"Mercury Hourglass"},{"floor":24,"key":"Mango"},{"floor":26,"key":"Ornamental Fan"},{"floor":27,"key":"Matryoshka"},{"floor":30,"key":"Kunai"},{"floor":36,"key":"Du-Vu Doll"},{"floor":40,"key":"Omamori"},{"floor":42,"key":"Lantern"},{"floor":43,"key":"Art of War"},{"floor":47,"key":"Juzu Bracelet"},{"floor":54,"key":"Paper Crane"}],"event_choices":[{"damage_healed":0,"gold_gain":0,"player_choice":"Lose Max HP","damage_taken":0,"relics_obtained":["Golden Idol"],"max_hp_gain":0,"max_hp_loss":5,"event_name":"Golden Idol","floor":4,"gold_loss":0},{"cards_removed":["Strike_G"],"damage_healed":0,"gold_gain":0,"player_choice":"Card Removal","damage_taken":7,"max_hp_gain":0,"max_hp_loss":0,"event_name":"Golden Wing","floor":7,"gold_loss":0},{"cards_removed":["Strike_G"],"damage_healed":0,"gold_gain":0,"player_choice":"Elegance","damage_taken":0,"max_hp_gain":0,"max_hp_loss":0,"event_name":"Back to Basics","floor":20,"gold_loss":0},{"damage_healed":0,"gold_gain":0,"player_choice":"Fight","damage_taken":0,"max_hp_gain":0,"max_hp_loss":0,"event_name":"Colosseum","floor":21,"gold_loss":0},{"damage_healed":0,"gold_gain":0,"player_choice":"Fought Nobs","damage_taken":0,"max_hp_gain":0,"max_hp_loss":0,"event_name":"Colosseum","floor":21,"gold_loss":0},{"damage_healed":0,"gold_gain":0,"player_choice":"Gave Idol","damage_taken":0,"relics_obtained":["Bloody Idol"],"max_hp_gain":0,"max_hp_loss":0,"event_name":"Forgotten Altar","floor":22,"relics_lost":["Golden Idol"],"gold_loss":0},{"damage_healed":0,"gold_gain":0,"player_choice":"Fight","damage_taken":0,"max_hp_gain":0,"max_hp_loss":0,"event_name":"Mysterious Sphere","floor":36,"gold_loss":0},{"damage_healed":0,"gold_gain":0,"player_choice":"Max HP","damage_taken":0,"max_hp_gain":0,"max_hp_loss":4,"event_name":"Winding Halls","floor":45,"gold_loss":0},{"damage_healed":0,"gold_gain":0,"player_choice":"Memory 3","damage_taken":10,"max_hp_gain":0,"max_hp_loss":0,"event_name":"SensoryStone","floor":48,"gold_loss":0}],"is_beta":false,"boss_relics":[{"not_picked":["White Beast Statue","Black Star"],"picked":"Sozu"},{"not_picked":["Velvet Choker","Astrolabe"],"picked":"Fusion Hammer"}],"items_purged_floors":[5],"is_endless":false,"potions_floor_spawned":[3,8,11,16,18,21,25,30,31,35,36,46],"ascension_level":11}