{"gold_per_floor":[112,124,124,47,122,157,157,184,184,215,290,290,309,323,323,422,422,422,422,422,422,422,422,422,422,422,422,422,422,422,422,422,422,422,422,422,422,422,422,422,422,422,422,422,422,422,422,422,422,422,422,422,104,104,104],"floor_reached":56,"playtime":3988,"items_purged":["Strike_R"],"score":1290,"play_id":"074f23c8-acdc-4a0e-b660-6ba1f963fe3f","local_time":"20190203175320","is_ascension_mode":true,"campfire_choices":[{"data":"Demon Form","floor":7,"key":"SMITH"},{"data":"Combust","floor":12,"key":"SMITH"},{"data":"True Grit","floor":15,"key":"SMITH"},{"data":"Intimidate","floor":25,"key":"SMITH"},{"data":"Bash","floor":32,"key":"SMITH"},{"floor":40,"key":"RECALL"},{"data":"Battle Trance","floor":42,"key":"SMITH"},{"data":"Battle Trance","floor":45,"key":"SMITH"},{"data":"Sword Boomerang","floor":49,"key":"SMITH"},{"data":"Heavy Blade","floor":52,"key":"SMITH"}],"neow_cost":"NONE","seed_source_timestamp":4253722087280997,"circlet_count":0,"master_deck":["Strike_R","Strike_R","Strike_R","Defend_R","Defend_R","Defend_R","Bash+1","Combust+1","Shrug It Off","Demon Form+1","Iron Wave+1","Intimidate+1","Battle Trance+1","True Grit+1","Fiend Fire","Battle Trance+1","Flame Barrier+1","Sword Boomerang+1","Intimidate+1","Seeing Red","Dropkick","Immolate+1","Power Through","Warcry+1","Uppercut+1","Heavy Blade+1","Shockwave+1","Power Through+1","Shrug It Off+1","Armaments"],"relics":["Burning Blood","NeowsBlessing","Bag of Marbles","The Courier","Meat on the Bone","Omamori","Ectoplasm","Ice Cream","Pantograph","Bag of Preparation","Frozen Egg 2","Magic Flower","Singing Bowl","Cursed Key","Regal Pillow","Dodecahedron","Lantern","Boot","Whetstone"],"potions_floor_usage":[16,23,44,55,55,55,55,55,55],"damage_taken":[{"damage":0,"enemies":"2 Louse","floor":1,"turns":1},{"damage":0,"enemies":"Small Slimes","floor":2,"turns":1},{"damage":0,"enemies":"Lagavulin","floor":6,"turns":1},{"damage":30,"enemies":"Gremlin Nob","floor":8,"turns":4},{"damage":18,"enemies":"Lagavulin","floor":10,"turns":7},{"damage":2,"enemies":"Cultist","floor":13,"turns":3},{"damage":20,"enemies":"Large Slime","floor":14,"turns":5},{"damage":10,"enemies":"Slime Boss","floor":16,"turns":8},{"damage":7,"enemies":"Spheric Guardian","floor":18,"turns":3},{"damage":5,"enemies":"Chosen","floor":20,"turns":4},{"damage":9,"enemies":"Colosseum Slavers","floor":22,"turns":4},{"damage":14,"enemies":"Colosseum Nobs","floor":22,"turns":5},{"damage":8,"enemies":"Slavers","floor":23,"turns":5},{"damage":4,"enemies":"Shelled Parasite and Fungi","floor":24,"turns":5},{"damage":16,"enemies":"Snake Plant","floor":27,"turns":4},{"damage":20,"enemies":"Book of Stabbing","floor":29,"turns":6},{"damage":7,"enemies":"Centurion and Healer","floor":30,"turns":4},{"damage":24,"enemies":"Champ","floor":33,"turns":7},{"damage":0,"enemies":"3 Darklings","floor":35,"turns":3},{"damage":1,"enemies":"Orb Walker","floor":36,"turns":4},{"damage":12,"enemies":"Sphere and 2 Shapes","floor":38,"turns":5},{"damage":22,"enemies":"3 Darklings","floor":39,"turns":4},{"damage":17,"enemies":"Giant Head","floor":41,"turns":6},{"damage":9,"enemies":"Jaw Worm Horde","floor":44,"turns":2},{"damage":42,"enemies":"Nemesis","floor":46,"turns":7},{"damage":2,"enemies":"4 Shapes","floor":48,"turns":3},{"damage":57,"enemies":"Time Eater","floor":50,"turns":9},{"damage":19,"enemies":"Shield and Spear","floor":54,"turns":6},{"damage":58,"enemies":"The Heart","floor":55,"turns":9}],"seed_played":"1202879264068479587","potions_obtained":[{"floor":1,"key":"Ancient Potion"},{"floor":6,"key":"SpeedPotion"},{"floor":10,"key":"Weak Potion"},{"floor":16,"key":"Block Potion"},{"floor":23,"key":"Energy Potion"},{"floor":41,"key":"Regen Potion"},{"floor":46,"key":"EntropicBrew"},{"floor":54,"key":"PowerPotion"}],"is_trial":false,"path_per_floor":["M","M","?","$","?","E","R","E","T","E","?","R","M","M","R","B",null,"M","?","M","?","?","E","M","R","T","M","?","E","M","T","R","B",null,"M","M","?","M","M","R","E","R","T","M","R","E","?","M","R","B",null,"R","$","E","B",null],"character_chosen":"IRONCLAD","items_purchased":["Inflame","Lantern","Armaments","Boot"],"campfire_rested":0,"item_purchase_floors":[4,53,53,53],"current_hp_per_floor":[80,80,73,73,62,68,68,44,44,44,36,36,52,50,50,58,80,79,79,80,80,69,67,69,69,69,59,80,66,68,68,68,65,80,80,82,82,79,66,66,58,58,58,72,72,57,57,64,64,52,82,82,82,74,53],"gold":104,"neow_bonus":"THREE_ENEMY_KILL","is_prod":false,"is_daily":false,"chose_seed":false,"campfire_upgraded":9,"win_rate":0,"timestamp":1549234400,"path_taken":["M","M","?","$","?","E","R","E","T","E","?","R","?","M","R","BOSS","M","?","?","?","?","E","M","R","T","M","?","E","?","?","R","BOSS","M","M","?","?","M","R","E","R","T","M","R","E","?","M","R","BOSS","R","$","E","BOSS"],"build_version":"2019-01-23","purchased_purges":1,"victory":true,"max_hp_per_floor":[80,80,80,80,80,80,80,80,80,80,80,80,80,80,80,80,80,80,80,80,80,80,80,80,80,80,80,80,80,80,80,80,80,80,80,82,82,82,82,82,82,82,82,82,82,82,82,82,82,82,82,82,82,84,84],"card_choices":[{"not_picked":["Twin Strike","Thunderclap"],"picked":"Combust","floor":1},{"not_picked":["Flex","Pommel Strike"],"picked":"Shrug It Off","floor":2},{"not_picked":["Twin Strike","Pommel Strike"],"picked":"Demon Form","floor":6},{"not_picked":["True Grit","Fire Breathing"],"picked":"Iron Wave","floor":8},{"not_picked":["Warcry","Wild Strike"],"picked":"Intimidate","floor":10},{"not_picked":["Dual Wield","True Grit"],"picked":"Battle Trance","floor":13},{"not_picked":["Carnage","Twin Strike"],"picked":"True Grit","floor":14},{"not_picked":["Barricade","Double Tap"],"picked":"Fiend Fire","floor":16},{"not_picked":["Pommel Strike+1","Dual Wield","Warcry"],"picked":"SKIP","floor":18},{"not_picked":["Warcry","Hemokinesis"],"picked":"Flame Barrier+1","floor":20},{"not_picked":["Pommel Strike","Reckless Charge"],"picked":"Sword Boomerang","floor":22},{"not_picked":["Juggernaut","Clash"],"picked":"Thunderclap","floor":23},{"not_picked":["Warcry","Flame Barrier","Reckless Charge+1"],"picked":"SKIP","floor":24},{"not_picked":["Iron Wave","Inflame+1"],"picked":"Intimidate+1","floor":27},{"not_picked":["Sever Soul+1","Clash"],"picked":"Seeing Red","floor":29},{"not_picked":["Spot Weakness","Pommel Strike"],"picked":"Dropkick","floor":30},{"not_picked":["Berserk+1","Fiend Fire"],"picked":"Immolate","floor":33},{"not_picked":["Pummel","Body Slam"],"picked":"Power Through","floor":35},{"not_picked":["Twin Strike","Flame Barrier","Flex"],"picked":"Singing Bowl","floor":36},{"not_picked":["Flame Barrier","Clothesline"],"picked":"Warcry+1","floor":38},{"not_picked":["Headbutt","Reckless Charge"],"picked":"Uppercut+1","floor":39},{"not_picked":["Havoc+1","Cleave+1"],"picked":"Heavy Blade","floor":41},{"not_picked":["Perfected Strike+1","Heavy Blade"],"picked":"Shockwave+1","floor":44},{"not_picked":["Entrench","Warcry"],"picked":"Power Through+1","floor":46},{"not_picked":["Iron Wave","Wild Strike+1"],"picked":"Shrug It Off+1","floor":48},{"not_picked":["Body Slam+1","Intimidate+1","Pommel Strike"],"picked":"Singing Bowl","floor":54}],"player_experience":4332352,"relics_obtained":[{"floor":6,"key":"Bag of Marbles"},{"floor":8,"key":"The Courier"},{"floor":9,"key":"Meat on the Bone"},{"floor":10,"key":"Omamori"},{"floor":22,"key":"Ice Cream"},{"floor":22,"key":"Pantograph"},{"floor":23,"key":"Bag of Preparation"},{"floor":26,"key":"Frozen Egg 2"},{"floor":29,"key":"Magic Flower"},{"floor":31,"key":"Singing Bowl"},{"floor":41,"key":"Regal Pillow"},{"floor":46,"key":"Dodecahedron"},{"floor":54,"key":"Whetstone"}],"event_choices":[{"cards_removed":["Defend_R"],"damage_healed":0,"gold_gain":0,"player_choice":"Card Removal","damage_taken":7,"max_hp_gain":0,"max_hp_loss":0,"event_name":"Golden Wing","floor":3,"gold_loss":0},{"damage_healed":0,"gold_gain":75,"player_choice":"Gather Gold","damage_taken":11,"max_hp_gain":0,"max_hp_loss":0,"event_name":"World of Goop","floor":5,"gold_loss":0},{"damage_healed":0,"gold_gain":75,"player_choice":"Touch","damage_taken":8,"max_hp_gain":0,"max_hp_loss":0,"event_name":"FaceTrader","floor":11,"gold_loss":0},{"damage_healed":0,"gold_gain":0,"player_choice":"Copied","damage_taken":0,"max_hp_gain":0,"max_hp_loss":0,"event_name":"Duplicator","floor":19,"gold_loss":0,"cards_obtained":["Battle Trance"]},{"damage_healed":0,"gold_gain":0,"player_choice":"Ignored","damage_taken":0,"max_hp_gain":0,"max_hp_loss":0,"event_name":"Vampires","floor":21,"gold_loss":0},{"damage_healed":0,"gold_gain":0,"player_choice":"Fight","damage_taken":0,"max_hp_gain":0,"max_hp_loss":0,"event_name":"Colosseum","floor":22,"gold_loss":0},{"damage_healed":0,"gold_gain":0,"player_choice":"Fought Nobs","damage_taken":0,"max_hp_gain":0,"max_hp_loss":0,"event_name":"Colosseum","floor":22,"gold_loss":0},{"cards_removed":["Inflame"],"damage_healed":21,"gold_gain":0,"player_choice":"Offered Uncommon","damage_taken":0,"max_hp_gain":0,"max_hp_loss":0,"event_name":"Bonfire Elementals","floor":28,"gold_loss":0},{"cards_removed":["Strike_R"],"damage_healed":0,"gold_gain":0,"player_choice":"Purged","damage_taken":0,"max_hp_gain":0,"max_hp_loss":0,"event_name":"Purifier","floor":37,"gold_loss":0},{"cards_removed":["Thunderclap"],"damage_healed":0,"gold_gain":0,"player_choice":"Removed Attack","damage_taken":0,"max_hp_gain":0,"max_hp_loss":0,"event_name":"Falling","floor":47,"gold_loss":0}],"is_beta":true,"boss_relics":[{"not_picked":["Coffee Dripper","Snecko Eye"],"picked":"Ectoplasm"},{"not_picked":["Fusion Hammer","Empty Cage"],"picked":"Cursed Key"}],"items_purged_floors":[53],"is_endless":false,"potions_floor_spawned":[1,6,10,16,18,22,22,23,30,33,35,41,46,48,54],"ascension_level":1}