{"gold_per_floor":[117,128,128,148,148,148,18,34,60,85,101,101,116,126,126,126],"floor_reached":16,"playtime":456,"items_purged":["Strike_G"],"score":208,"play_id":"863e4ac0-7c01-4f9c-9a38-ad1890e45f6d","local_time":"20190219142103","is_ascension_mode":true,"campfire_choices":[{"floor":6,"key":"REST"},{"data":"Night Terror","floor":15,"key":"SMITH"}],"neow_cost":"NONE","seed_source_timestamp":491865916223784,"circlet_count":0,"master_deck":["AscendersBane","Defend_G","Defend_G","Defend_G","Defend_G","Defend_G","Strike_G","Strike_G","Strike_G","Survivor+1","Neutralize","Flying Knee","PiercingWail","Dagger Spray+1","Terror","Night Terror+1","Blur","Backstab"],"relics":["Ring of the Snake","PreservedInsect","Lantern","Juzu Bracelet"],"potions_floor_usage":[8,16,16],"damage_taken":[{"damage":7,"enemies":"Jaw Worm","floor":1,"turns":8},{"damage":4,"enemies":"Small Slimes","floor":2,"turns":5},{"damage":0,"enemies":"Cultist","floor":4,"turns":4},{"damage":1,"enemies":"Exordium Thugs","floor":8,"turns":3},{"damage":17,"enemies":"3 Sentries","floor":10,"turns":10},{"damage":8,"enemies":"Large Slime","floor":11,"turns":6},{"damage":0,"enemies":"3 Louse","floor":13,"turns":3},{"damage":4,"enemies":"Red Slaver","floor":14,"turns":5},{"damage":16,"enemies":"The Guardian","floor":16,"turns":2}],"seed_played":"8630421017862882990","potions_obtained":[{"floor":4,"key":"SpeedPotion"},{"floor":10,"key":"Dexterity Potion"},{"floor":14,"key":"PowerPotion"}],"is_trial":false,"path_per_floor":["M","M","?","M","?","R","$","M","T","E","M","?","M","M","R","B"],"character_chosen":"THE_SILENT","items_purchased":["Fire Potion"],"campfire_rested":1,"item_purchase_floors":[7],"current_hp_per_floor":[52,48,41,41,21,40,40,39,39,22,14,14,14,10,10,0],"gold":126,"neow_bonus":"RANDOM_COMMON_RELIC","is_prod":false,"is_daily":false,"chose_seed":false,"campfire_upgraded":1,"win_rate":0,"timestamp":1550553663,"path_taken":["M","M","?","M","?","R","?","M","T","E","M","?","M","M","R","BOSS"],"build_version":"2019-01-23","purchased_purges":1,"victory":false,"max_hp_per_floor":[66,66,66,66,66,66,66,66,66,66,66,66,66,66,66,66],"card_choices":[{"not_picked":["Caltrops","Flechettes"],"picked":"Flying Knee","floor":1},{"not_picked":["Quick Slash","Flechettes"],"picked":"PiercingWail","floor":2},{"not_picked":["Reflex","Poisoned Stab"],"picked":"Dagger Spray","floor":4},{"not_picked":["Riddle With Holes","Reflex"],"picked":"Terror","floor":8},{"not_picked":["Sucker Punch","Tactician"],"picked":"Night Terror","floor":10},{"not_picked":["Backflip","Poisoned Stab"],"picked":"Blur","floor":11},{"not_picked":["Acrobatics","Underhanded Strike","Eviscerate"],"picked":"SKIP","floor":13},{"not_picked":["Sucker Punch","Blade Dance"],"picked":"Backstab","floor":14}],"player_experience":1137068,"relics_obtained":[{"floor":9,"key":"Lantern"},{"floor":10,"key":"Juzu Bracelet"}],"event_choices":[{"cards_removed":["Strike_G"],"damage_healed":0,"gold_gain":0,"player_choice":"Card Removal","damage_taken":7,"max_hp_gain":0,"max_hp_loss":0,"event_name":"Golden Wing","floor":3,"gold_loss":0},{"damage_healed":0,"gold_gain":0,"player_choice":"Entered Light","damage_taken":20,"max_hp_gain":0,"max_hp_loss":0,"event_name":"Shining Light","floor":5,"gold_loss":0,"cards_upgraded":["Dagger Spray","Survivor"]},{"damage_healed":0,"gold_gain":0,"player_choice":"Ignored","damage_taken":0,"max_hp_gain":0,"max_hp_loss":0,"event_name":"Liars Game","floor":12,"gold_loss":0}],"is_beta":false,"boss_relics":[],"items_purged_floors":[7],"is_endless":false,"potions_floor_spawned":[4,10,13,14],"killed_by":"The Guardian","ascension_level":20}