{"gold_per_floor":[110,129,142,142,156,181,181,216,266,266,295,310,345,361,361,457,457,475,475,20,34,47,73,73,108,131,131,51,86,98,130,142,253,265,297,309,336,1347,1408,1455,1467,1507,1519,1531,751,768,783,817,817,817,817,817,130,162,162],"floor_reached":56,"playtime":4362,"items_purged":["Strike_G","Writhe","Normality","Normality"],"score":1689,"play_id":"b2b490d0-73f7-4e51-bd08-cc16041dfb2f","local_time":"20181211234215","is_ascension_mode":true,"campfire_choices":[{"data":"Noxious Fumes","floor":7,"key":"SMITH"},{"data":"Neutralize","floor":10,"key":"SMITH"},{"data":"Catalyst","floor":15,"key":"SMITH"},{"data":"Wraith Form v2","floor":27,"key":"SMITH"},{"data":"Well Laid Plans","floor":30,"key":"SMITH"},{"data":"Footwork","floor":32,"key":"SMITH"},{"floor":44,"key":"REST"},{"floor":49,"key":"RECALL"},{"data":"Mayhem","floor":52,"key":"SMITH"}],"neow_cost":"NONE","seed_source_timestamp":1533651752342755,"circlet_count":0,"master_deck":["Defend_G","Defend_G","Defend_G+1","Defend_G","Defend_G+1","Strike_G","Strike_G+1","Strike_G","Strike_G","Survivor","Neutralize+1","Backflip","Predator","Noxious Fumes+1","Well Laid Plans+1","Dash","Masterful Stab","Footwork+1","Catalyst+1","Wraith Form v2+1","Leg Sweep+1","Backflip","Acrobatics+1","PiercingWail","Escape Plan","All Out Attack+1","Bouncing Flask","Blur","Adrenaline","Deadly Poison","Dodge and Roll+1","Dagger Throw+1","Prepared+1","After Image","Mayhem","Mayhem+1","Backflip","Poisoned Stab","Dodge and Roll","Cloak And Dagger","Adrenaline","Footwork","Backflip","Poisoned Stab","Deflect","Flying Knee"],"relics":["Ring of the Snake","Snake Skull","The Courier","Anchor","War Paint","Happy Flower","Ancient Tea Set","Runic Dome","Nloth\u0027s Gift","PreservedInsect","StoneCalendar","Vajra","Bronze Scales","Torii","MawBank","Black Star","Tingsha","Orichalcum","Omamori","Bottled Flame","Blood Vial","Mercury Hourglass","Kunai","DollysMirror","Lantern","Oddly Smooth Stone","Centennial Puzzle","Whetstone","Dodecahedron","Shuriken","Mummified Hand"],"potions_floor_usage":[6,12,16,16,33,39,40,47,55,55,55],"damage_taken":[{"damage":0,"enemies":"Cultist","floor":1,"turns":3},{"damage":0,"enemies":"2 Louse","floor":2,"turns":3},{"damage":0,"enemies":"Small Slimes","floor":3,"turns":3},{"damage":2,"enemies":"Looter","floor":5,"turns":3},{"damage":14,"enemies":"3 Sentries","floor":6,"turns":12},{"damage":14,"enemies":"Lagavulin","floor":8,"turns":9},{"damage":5,"enemies":"3 Sentries","floor":11,"turns":6},{"damage":1,"enemies":"Exordium Wildlife","floor":12,"turns":5},{"damage":5,"enemies":"Lagavulin","floor":13,"turns":5},{"damage":0,"enemies":"3 Louse","floor":14,"turns":2},{"damage":0,"enemies":"Hexaghost","floor":16,"turns":7},{"damage":0,"enemies":"2 Thieves","floor":18,"turns":4},{"damage":0,"enemies":"Shell Parasite","floor":21,"turns":4},{"damage":0,"enemies":"Snecko","floor":22,"turns":5},{"damage":0,"enemies":"Book of Stabbing","floor":23,"turns":5},{"damage":0,"enemies":"Gremlin Leader","floor":25,"turns":6},{"damage":0,"enemies":"Slavers","floor":29,"turns":4},{"damage":0,"enemies":"Shelled Parasite and Fungi","floor":31,"turns":4},{"damage":0,"enemies":"Collector","floor":33,"turns":6},{"damage":1,"enemies":"3 Darklings","floor":35,"turns":5},{"damage":0,"enemies":"3 Shapes","floor":37,"turns":7},{"damage":12,"enemies":"2 Orb Walkers","floor":39,"turns":6},{"damage":13,"enemies":"Reptomancer","floor":40,"turns":7},{"damage":8,"enemies":"Nemesis","floor":42,"turns":7},{"damage":0,"enemies":"3 Darklings","floor":46,"turns":4},{"damage":0,"enemies":"Spire Growth","floor":47,"turns":5},{"damage":0,"enemies":"Giant Head","floor":48,"turns":6},{"damage":2,"enemies":"Time Eater","floor":50,"turns":13},{"damage":15,"enemies":"Shield and Spear","floor":54,"turns":6},{"damage":17,"enemies":"The Heart","floor":55,"turns":11}],"seed_played":"-8124741227692663430","potions_obtained":[{"floor":2,"key":"Dexterity Potion"},{"floor":8,"key":"Block Potion"},{"floor":11,"key":"Regen Potion"},{"floor":12,"key":"AttackPotion"},{"floor":14,"key":"Block Potion"},{"floor":16,"key":"Block Potion"},{"floor":21,"key":"Swift Potion"},{"floor":23,"key":"Dexterity Potion"},{"floor":40,"key":"Fire Potion"},{"floor":46,"key":"Weak Potion"},{"floor":48,"key":"Poison Potion"}],"is_trial":false,"path_per_floor":["M","M","M","?","M","E","R","E","T","R","E","M","E","M","R","B",null,"M","?","$","M","M","E","?","E","T","R","$","E","R","M","R","B",null,"M","?","M","?","?","E","T","E","T","R","$","M","M","E","R","B",null,"R","$","E","B",null],"character_chosen":"THE_SILENT","items_purchased":["PreservedInsect","Backflip","StoneCalendar","Mayhem","DollysMirror","Lantern","Oddly Smooth Stone","Backflip","GhostInAJar","Poisoned Stab","GhostInAJar","Ancient Potion","Dexterity Potion","Footwork","Backflip","Poisoned Stab","Deflect","Flying Knee","Dodecahedron"],"campfire_rested":1,"item_purchase_floors":[20,20,20,45,45,45,45,45,45,45,53,53,53,53,53,53,53,53,53],"current_hp_per_floor":[70,70,70,70,68,54,54,40,40,40,35,49,44,44,44,44,70,70,70,70,70,70,70,70,70,70,70,70,70,70,70,70,70,70,69,66,66,66,54,41,41,33,33,52,52,54,56,58,58,58,66,66,66,51,36],"gold":162,"neow_bonus":"RANDOM_COMMON_RELIC","is_prod":false,"is_daily":false,"chose_seed":false,"campfire_upgraded":7,"win_rate":0,"timestamp":1544589735,"path_taken":["M","M","M","?","?","E","R","E","T","R","E","M","E","M","R","BOSS","M","?","?","M","M","E","?","E","T","R","$","E","R","M","R","BOSS","M","?","M","?","?","E","?","E","T","R","?","?","M","E","R","BOSS","R","$","E","BOSS"],"build_version":"2018-12-10","purchased_purges":4,"victory":true,"max_hp_per_floor":[70,70,70,70,70,70,70,70,70,70,70,70,70,70,70,70,70,70,70,70,70,70,70,70,70,70,70,70,70,70,70,70,70,70,70,66,66,66,66,66,66,66,66,66,66,66,66,66,66,66,66,66,66,66,66],"card_choices":[{"not_picked":["Underhanded Strike","Slice"],"picked":"Backflip","floor":1},{"not_picked":["Accuracy","Bane"],"picked":"Masterful Stab","floor":2},{"not_picked":["Riddle With Holes","Flying Knee"],"picked":"Predator","floor":3},{"not_picked":["Underhanded Strike","Slice","Acrobatics"],"picked":"SKIP","floor":5},{"not_picked":["Slice","Distraction"],"picked":"Noxious Fumes","floor":6},{"not_picked":["Dagger Throw","Quick Slash"],"picked":"Well Laid Plans","floor":8},{"not_picked":["Prepared","Underhanded Strike"],"picked":"Dash","floor":11},{"not_picked":["Choke","Calculated Gamble"],"picked":"Masterful Stab","floor":12},{"not_picked":["Dodge and Roll","Heel Hook"],"picked":"Footwork","floor":13},{"not_picked":["Prepared","Concentrate"],"picked":"Catalyst","floor":14},{"not_picked":["A Thousand Cuts","Phantasmal Killer"],"picked":"Wraith Form v2","floor":16},{"not_picked":["Flechettes+1","Acrobatics+1"],"picked":"Leg Sweep+1","floor":18},{"not_picked":["Reflex+1","Eviscerate"],"picked":"Acrobatics+1","floor":21},{"not_picked":["Quick Slash","Cloak And Dagger"],"picked":"PiercingWail","floor":22},{"not_picked":["Die Die Die","Calculated Gamble"],"picked":"Escape Plan","floor":23},{"not_picked":["Phantasmal Killer","Quick Slash"],"picked":"All Out Attack","floor":25},{"not_picked":["Catalyst","Sucker Punch"],"picked":"Bouncing Flask","floor":29},{"not_picked":["Quick Slash","Outmaneuver+1"],"picked":"Blur","floor":31},{"not_picked":["Doppelganger","After Image"],"picked":"Adrenaline","floor":33},{"not_picked":["Dagger Throw+1","Dodge and Roll"],"picked":"Deadly Poison","floor":35},{"not_picked":["Backflip","Sucker Punch"],"picked":"Dodge and Roll+1","floor":37},{"not_picked":["Outmaneuver","Underhanded Strike"],"picked":"Dagger Throw+1","floor":39},{"not_picked":["Dagger Spray","Envenom"],"picked":"Prepared+1","floor":40},{"not_picked":["Sucker Punch","Deflect"],"picked":"After Image","floor":42},{"not_picked":["Dagger Throw+1","Slice"],"picked":"Dodge and Roll","floor":46},{"not_picked":["Masterful Stab+1","Caltrops"],"picked":"Cloak And Dagger","floor":47},{"not_picked":["Cloak And Dagger+1","Underhanded Strike"],"picked":"Adrenaline","floor":48},{"not_picked":["Dagger Spray+1","Grand Finale","Prepared"],"picked":"SKIP","floor":54}],"player_experience":3765320,"relics_obtained":[{"floor":6,"key":"The Courier"},{"floor":8,"key":"Anchor"},{"floor":9,"key":"War Paint"},{"floor":11,"key":"Happy Flower"},{"floor":13,"key":"Ancient Tea Set"},{"floor":23,"key":"Vajra"},{"floor":25,"key":"Torii"},{"floor":29,"key":"MawBank"},{"floor":39,"key":"Tingsha"},{"floor":40,"key":"Orichalcum"},{"floor":40,"key":"Omamori"},{"floor":41,"key":"Bottled Flame"},{"floor":42,"key":"Blood Vial"},{"floor":42,"key":"Mercury Hourglass"},{"floor":43,"key":"Kunai"},{"floor":48,"key":"Centennial Puzzle"},{"floor":48,"key":"Whetstone"},{"floor":54,"key":"Shuriken"},{"floor":54,"key":"Mummified Hand"}],"event_choices":[{"cards_removed":["Masterful Stab"],"damage_healed":0,"gold_gain":0,"player_choice":"Gave Card","damage_taken":0,"relics_obtained":["WingedGreaves"],"max_hp_gain":0,"max_hp_loss":0,"event_name":"WeMeetAgain","floor":4,"gold_loss":0},{"damage_healed":0,"gold_gain":0,"player_choice":"Traded Relic","damage_taken":0,"relics_obtained":["Nloth\u0027s Gift"],"max_hp_gain":0,"max_hp_loss":0,"event_name":"N\u0027loth","floor":19,"relics_lost":["WingedGreaves"],"gold_loss":0},{"damage_healed":0,"gold_gain":0,"player_choice":"Opened","damage_taken":0,"relics_obtained":["Bronze Scales"],"max_hp_gain":0,"max_hp_loss":0,"event_name":"The Mausoleum","floor":24,"gold_loss":0,"cards_obtained":["Writhe"]},{"damage_healed":0,"gold_gain":0,"player_choice":"Max HP","damage_taken":0,"max_hp_gain":0,"max_hp_loss":4,"event_name":"Winding Halls","floor":36,"gold_loss":0},{"damage_healed":0,"gold_gain":999,"player_choice":"Gold","damage_taken":0,"max_hp_gain":0,"max_hp_loss":0,"event_name":"MindBloom","floor":38,"gold_loss":0,"cards_obtained":["Normality","Normality"]},{"damage_healed":0,"gold_gain":0,"player_choice":"Fight","damage_taken":0,"max_hp_gain":0,"max_hp_loss":0,"event_name":"Mysterious Sphere","floor":39,"gold_loss":0}],"is_beta":true,"boss_relics":[{"not_picked":["Velvet Choker","Lizard Tail"],"picked":"Runic Dome"},{"not_picked":["White Beast Statue","Tiny House"],"picked":"Black Star"}],"items_purged_floors":[20,28,45,53],"is_endless":false,"potions_floor_spawned":[2,8,11,12,14,16,21,23,25,40,46,48,54],"ascension_level":1}