{"gold_per_floor":[116,116,128,141,160,160,192,192,192,192,206,52,52,66,66,170,170,185,185,33,132,146,177,177,477,477,180,180,180,212,66,66,161,161,180,180,199,199,209,209,65,0,0,12,31,31,31,31,31,31],"floor_reached":50,"playtime":1640,"items_purged":[],"score":603,"play_id":"b45697b3-d66f-4493-89c9-cd48af50b5ec","local_time":"20181116213058","is_ascension_mode":false,"campfire_choices":[{"data":"Cloak And Dagger","floor":6,"key":"SMITH"},{"data":"Blade Dance","floor":8,"key":"SMITH"},{"data":"Masterful Stab","floor":15,"key":"SMITH"},{"data":"Venomology","floor":29,"key":"SMITH"},{"data":"Leg Sweep","floor":32,"key":"SMITH"},{"data":"Storm of Steel","floor":40,"key":"SMITH"},{"floor":49,"key":"REST"}],"neow_cost":"NONE","seed_source_timestamp":233984766795800,"circlet_count":0,"master_deck":["Defend_G","Defend_G","Defend_G","Defend_G+1","Defend_G","Strike_G","Strike_G","Strike_G+1","Strike_G","Strike_G","Survivor","Neutralize+1","PiercingWail","Leg Sweep+1","Blade Dance+1","Cloak And Dagger+1","Dagger Throw","Masterful Stab+1","Venomology+1","Burst+1","Noxious Fumes+1","Storm of Steel+1","Blade Dance+1","Acrobatics+1","Sucker Punch+1","Blur+1","Madness","Madness"],"relics":["Ring of the Snake","Boot","Ninja Scroll","Orichalcum","Busted Crown","Oddly Smooth Stone","Bottled Flame","Nilry\u0027s Codex","Old Coin","Dodecahedron","Juzu Bracelet","Lantern","Pantograph","Bag of Preparation","White Beast Statue","Bag of Marbles","Red Mask","Gremlin Horn"],"potions_floor_usage":[7,16,23,23,33,33,33,37,37,39,39,44,45,47,50,50,50,50,50,50],"damage_taken":[{"damage":0,"enemies":"Cultist","floor":1,"turns":4},{"damage":1,"enemies":"Small Slimes","floor":3,"turns":4},{"damage":0,"enemies":"Jaw Worm","floor":4,"turns":7},{"damage":0,"enemies":"Blue Slaver","floor":5,"turns":7},{"damage":17,"enemies":"3 Sentries","floor":7,"turns":9},{"damage":0,"enemies":"2 Fungi Beasts","floor":11,"turns":2},{"damage":0,"enemies":"Exordium Thugs","floor":14,"turns":3},{"damage":0,"enemies":"The Guardian","floor":16,"turns":15},{"damage":0,"enemies":"2 Thieves","floor":18,"turns":4},{"damage":0,"enemies":"Spheric Guardian","floor":22,"turns":1},{"damage":1,"enemies":"Slavers","floor":23,"turns":5},{"damage":0,"enemies":"Gremlin Leader","floor":30,"turns":7},{"damage":48,"enemies":"Automaton","floor":33,"turns":11},{"damage":6,"enemies":"3 Shapes","floor":35,"turns":4},{"damage":2,"enemies":"3 Darklings","floor":37,"turns":5},{"damage":14,"enemies":"Maw","floor":39,"turns":7},{"damage":11,"enemies":"Transient","floor":44,"turns":5},{"damage":0,"enemies":"Jaw Worm Horde","floor":45,"turns":2},{"damage":0,"enemies":"Spire Growth","floor":47,"turns":3},{"damage":87,"enemies":"Time Eater","floor":50,"turns":12}],"seed_played":"-3877726943162894365","potions_obtained":[{"floor":2,"key":"Explosive Potion"},{"floor":2,"key":"SneckoOil"},{"floor":2,"key":"SpeedPotion"},{"floor":4,"key":"Ancient Potion"},{"floor":7,"key":"Dexterity Potion"},{"floor":18,"key":"LiquidBronze"},{"floor":22,"key":"SkillPotion"},{"floor":23,"key":"EssenceOfSteel"},{"floor":35,"key":"PowerPotion"},{"floor":37,"key":"Strength Potion"},{"floor":39,"key":"SteroidPotion"}],"is_trial":false,"path_per_floor":["M","?","M","M","M","R","E","R","T","?","M","$","?","M","R","B",null,"M","?","$","?","M","E","?","?","T","$","?","R","E","$","R","B",null,"M","?","M","$","M","R","$","?","T","M","M","?","M","?","R","B"],"character_chosen":"THE_SILENT","items_purchased":["Orichalcum","Oddly Smooth Stone","Juzu Bracelet","Lantern","Bag of Preparation","Bag of Marbles"],"campfire_rested":1,"item_purchase_floors":[12,20,27,27,31,41],"current_hp_per_floor":[77,77,76,76,76,76,59,59,59,59,59,59,44,44,44,44,77,77,77,77,77,77,76,60,60,60,60,60,60,60,60,60,29,77,71,71,69,69,55,55,55,55,55,44,44,34,34,34,57,0],"gold":31,"neow_bonus":"TEN_PERCENT_HP_BONUS","is_prod":false,"is_daily":false,"chose_seed":false,"campfire_upgraded":6,"win_rate":0,"timestamp":1542371458,"path_taken":["M","?","M","?","M","R","E","R","T","?","M","?","?","M","R","BOSS","M","?","?","?","M","E","?","?","T","$","?","R","E","?","R","BOSS","M","?","M","$","M","R","$","?","T","M","M","?","M","?","R","BOSS"],"build_version":"2018-11-15","purchased_purges":0,"victory":false,"max_hp_per_floor":[77,77,77,77,77,77,77,77,77,77,77,77,77,77,77,77,77,77,77,77,77,77,77,77,77,77,77,77,77,77,77,77,77,77,77,77,77,77,77,77,77,77,77,77,77,77,77,77,77,77],"card_choices":[{"not_picked":["Backflip","Endless Agony"],"picked":"PiercingWail","floor":1},{"not_picked":["Expertise","Acrobatics"],"picked":"Leg Sweep","floor":3},{"not_picked":["Sucker Punch","Expertise"],"picked":"Blade Dance","floor":4},{"not_picked":["Well Laid Plans","Escape Plan"],"picked":"Cloak And Dagger","floor":5},{"not_picked":["All Out Attack","Cloak And Dagger"],"picked":"Dagger Throw","floor":7},{"not_picked":["Escape Plan","Deflect"],"picked":"Masterful Stab","floor":11},{"not_picked":["Dagger Spray","Flying Knee"],"picked":"Venomology","floor":14},{"not_picked":["Die Die Die","After Image"],"picked":"Burst","floor":16},{"not_picked":[],"picked":"Dagger Throw","floor":18},{"not_picked":["Dagger Spray"],"picked":"SKIP","floor":22},{"not_picked":[],"picked":"Noxious Fumes+1","floor":23},{"not_picked":["Deadly Poison"],"picked":"SKIP","floor":30},{"not_picked":[],"picked":"Storm of Steel","floor":33},{"not_picked":["Bane"],"picked":"SKIP","floor":35},{"not_picked":[],"picked":"Blade Dance+1","floor":37},{"not_picked":[],"picked":"Acrobatics+1","floor":39},{"not_picked":[],"picked":"Sucker Punch+1","floor":44},{"not_picked":[],"picked":"Blur+1","floor":45}],"player_experience":823622,"relics_obtained":[{"floor":7,"key":"Boot"},{"floor":9,"key":"Ninja Scroll"},{"floor":23,"key":"Bottled Flame"},{"floor":24,"key":"Nilry\u0027s Codex"},{"floor":26,"key":"Dodecahedron"},{"floor":30,"key":"Pantograph"},{"floor":43,"key":"Gremlin Horn"}],"event_choices":[{"damage_healed":0,"gold_gain":0,"player_choice":"Got Potions","damage_taken":0,"max_hp_gain":0,"max_hp_loss":0,"event_name":"Lab","floor":2,"gold_loss":0},{"damage_healed":0,"gold_gain":0,"player_choice":"Grow","damage_taken":0,"max_hp_gain":0,"max_hp_loss":0,"event_name":"Living Wall","floor":10,"gold_loss":0,"cards_upgraded":["Neutralize"]},{"damage_healed":0,"gold_gain":0,"player_choice":"Entered Light","damage_taken":15,"max_hp_gain":0,"max_hp_loss":0,"event_name":"Shining Light","floor":13,"gold_loss":0,"cards_upgraded":["Defend_G","Strike_G"]},{"damage_healed":0,"gold_gain":0,"player_choice":"Ignored","damage_taken":0,"max_hp_gain":0,"max_hp_loss":0,"event_name":"Vampires","floor":19,"gold_loss":0},{"damage_healed":0,"gold_gain":99,"player_choice":"Stole From Cult","damage_taken":0,"max_hp_gain":0,"max_hp_loss":0,"event_name":"Nest","floor":21,"gold_loss":0},{"damage_healed":0,"gold_gain":0,"player_choice":"Obtained Book","damage_taken":16,"max_hp_gain":0,"max_hp_loss":0,"event_name":"Cursed Tome","floor":24,"gold_loss":0},{"damage_healed":0,"gold_gain":0,"player_choice":"Gave Potion","damage_taken":0,"relics_obtained":["Old Coin"],"max_hp_gain":0,"max_hp_loss":0,"event_name":"WeMeetAgain","floor":25,"gold_loss":0},{"damage_healed":0,"gold_gain":0,"player_choice":"Upgraded","damage_taken":0,"max_hp_gain":0,"max_hp_loss":0,"event_name":"Upgrade Shrine","floor":28,"gold_loss":0,"cards_upgraded":["Burst"]},{"cards_removed":["Dagger Throw"],"damage_healed":0,"gold_gain":0,"player_choice":"Removed Attack","damage_taken":0,"max_hp_gain":0,"max_hp_loss":0,"event_name":"Falling","floor":36,"gold_loss":0},{"damage_healed":0,"gold_gain":0,"player_choice":"Paid","damage_taken":0,"relics_obtained":["Red Mask"],"max_hp_gain":0,"max_hp_loss":0,"event_name":"Tomb of Lord Red Mask","floor":42,"gold_loss":65},{"damage_healed":0,"gold_gain":0,"player_choice":"Embrace Madness","damage_taken":10,"max_hp_gain":0,"max_hp_loss":0,"event_name":"Winding Halls","floor":46,"gold_loss":0,"cards_obtained":["Madness","Madness"]},{"damage_healed":0,"gold_gain":0,"player_choice":"Ignored","damage_taken":0,"max_hp_gain":0,"max_hp_loss":0,"event_name":"Mysterious Sphere","floor":48,"gold_loss":0}],"is_beta":false,"boss_relics":[{"not_picked":["Orrery","Pandora\u0027s Box"],"picked":"Busted Crown"},{"not_picked":["HoveringKite","Cursed Key"],"picked":"White Beast Statue"}],"items_purged_floors":[],"is_endless":false,"potions_floor_spawned":[4,7,11,18,22,23,35,37,39,44,45,47],"killed_by":"Time Eater","ascension_level":0}