{"gold_per_floor":[111,129,145,145,13,13,45,60,60,60,60,93,107,137,137,214,214,230,47,57,57,73,73,89,119,165,265,265,283,283,316,316,395,395,408,37,55,66,0,34,34,49,49,49,49,49,49,67,67,67,67],"floor_reached":51,"playtime":2739,"items_purged":["Heel Hook","Writhe"],"score":1520,"play_id":"eebfb719-b816-4a1a-ad63-5d7c52d1eb85","local_time":"20190220100045","is_ascension_mode":true,"campfire_choices":[{"data":"Catalyst","floor":6.0,"key":"SMITH"},{"data":"Neutralize","floor":11.0,"key":"SMITH"},{"data":"Footwork","floor":15.0,"key":"SMITH"},{"data":"Die Die Die","floor":23.0,"key":"SMITH"},{"floor":30.0,"key":"REST"},{"data":"Noxious Fumes","floor":32.0,"key":"SMITH"},{"floor":41.0,"key":"RECALL"},{"data":"Adrenaline","floor":44.0,"key":"SMITH"},{"data":"Blade Dance","floor":46.0,"key":"SMITH"},{"floor":49.0,"key":"REST"}],"neow_cost":"NONE","seed_source_timestamp":858973142523,"circlet_count":0,"master_deck":["AscendersBane","Survivor","Neutralize+1","Flying Knee","Deadly Poison","Poisoned Stab","Catalyst+1","Flying Knee","Dodge and Roll","Backflip","Footwork+1","Dodge and Roll","Corpse Explosion","Eviscerate","Bouncing Flask","Noxious Fumes+1","Expertise","Concentrate","Expertise","Doppelganger","Die Die Die+1","Blade Dance+1","Cloak And Dagger","Deflect","Dash+1","Deadly Poison","Escape Plan","Tactician","After Image","After Image","PiercingWail","Adrenaline+1","Acrobatics","Cloak And Dagger","Cloak And Dagger"],"special_seed":0,"relics":["Ring of the Snake","NeowsBlessing","Ninja Scroll","Meat on the Bone","Darkstone Periapt","Gambling Chip","Mercury Hourglass","Pandora\u0027s Box","Potion Belt","Ancient Tea Set","Lantern","Mango","Shuriken","Pocketwatch","Busted Crown","Pear","Red Mask","Regal Pillow"],"potions_floor_usage":[50],"damage_taken":[{"damage":0.0,"enemies":"2 Louse","floor":1.0,"turns":1.0},{"damage":0.0,"enemies":"Jaw Worm","floor":2.0,"turns":1.0},{"damage":0.0,"enemies":"Cultist","floor":3.0,"turns":1.0},{"damage":3.0,"enemies":"Gremlin Nob","floor":7.0,"turns":3.0},{"damage":6.0,"enemies":"Exordium Thugs","floor":8.0,"turns":3.0},{"damage":16.0,"enemies":"3 Sentries","floor":12.0,"turns":9.0},{"damage":1.0,"enemies":"Large Slime","floor":13.0,"turns":6.0},{"damage":12.0,"enemies":"Gremlin Nob","floor":14.0,"turns":4.0},{"damage":13.0,"enemies":"Hexaghost","floor":16.0,"turns":9.0},{"damage":2.0,"enemies":"2 Thieves","floor":18.0,"turns":4.0},{"damage":5.0,"enemies":"3 Byrds","floor":20.0,"turns":3.0},{"damage":13.0,"enemies":"Sentry and Sphere","floor":22.0,"turns":4.0},{"damage":20.0,"enemies":"Snake Plant","floor":24.0,"turns":5.0},{"damage":33.0,"enemies":"Gremlin Leader","floor":25.0,"turns":6.0},{"damage":0.0,"enemies":"Colosseum Slavers","floor":27.0,"turns":1.0},{"damage":5.0,"enemies":"Colosseum Nobs","floor":27.0,"turns":5.0},{"damage":8.0,"enemies":"Snecko","floor":29.0,"turns":4.0},{"damage":0.0,"enemies":"Slavers","floor":31.0,"turns":1.0},{"damage":19.0,"enemies":"Collector","floor":33.0,"turns":8.0},{"damage":0.0,"enemies":"3 Shapes","floor":35.0,"turns":3.0},{"damage":2.0,"enemies":"3 Darklings","floor":37.0,"turns":3.0},{"damage":0.0,"enemies":"Transient","floor":38.0,"turns":6.0},{"damage":28.0,"enemies":"Giant Head","floor":40.0,"turns":7.0},{"damage":8.0,"enemies":"Jaw Worm Horde","floor":42.0,"turns":3.0},{"damage":0.0,"enemies":"Sphere and 2 Shapes","floor":48.0,"turns":4.0},{"damage":82,"enemies":"Awakened One","floor":50,"turns":14},{"damage":34,"enemies":"Donu and Deca","floor":51,"turns":5}],"seed_played":"-975604013820315773","potions_obtained":[{"floor":2.0,"key":"Poison Potion"},{"floor":7.0,"key":"Dexterity Potion"},{"floor":12.0,"key":"Ancient Potion"},{"floor":14.0,"key":"Block Potion"},{"floor":22.0,"key":"FearPotion"},{"floor":24.0,"key":"SmokeBomb"},{"floor":29.0,"key":"Ancient Potion"},{"floor":33.0,"key":"Block Potion"},{"floor":37.0,"key":"Swift Potion"}],"is_trial":false,"path_per_floor":["M","M","M","?","$","R","E","M","T","?","R","E","M","E","R","B",null,"M","$","M","?","M","R","M","E","T","?","?","M","R","E","R","B",null,"M","$","M","M","?","E","R","M","T","R","?","R","?","M","R","B","B"],"character_chosen":"THE_SILENT","items_purchased":["Catalyst","Flying Knee","Deflect","Poison Potion","Pear"],"campfire_rested":2,"item_purchase_floors":[5,5,19,19,36],"current_hp_per_floor":[59,59,59,64,64,64,61,55,55,50,50,46,45,45,45,44,64,62,62,57,63,50,50,42,21,21,54,54,46,73,73,73,54,82,82,92,90,90,90,62,62,54,54,54,54,54,54,54,96,26,0],"gold":67,"neow_bonus":"THREE_ENEMY_KILL","is_prod":false,"is_daily":false,"chose_seed":false,"campfire_upgraded":7,"win_rate":0,"timestamp":1550674845,"path_taken":["M","M","M","?","$","R","E","M","T","?","R","E","?","E","R","BOSS","M","$","M","?","M","R","M","E","T","?","?","M","R","E","R","BOSS","M","$","M","?","?","E","R","M","T","R","?","R","?","M","R","BOSS","BOSS"],"build_version":"2019-01-23","purchased_purges":2,"victory":false,"max_hp_per_floor":[66,66,66,71,71,71,71,71,71,71,71,71,71,71,71,71,71,71,71,71,77,77,77,77,77,77,91,91,91,91,91,91,91,91,91,101,101,101,101,101,101,101,101,101,101,101,96,96,96,96,96],"card_choices":[{"not_picked":["Backflip","PiercingWail"],"picked":"Flying Knee","floor":1.0},{"not_picked":["Accuracy","Choke"],"picked":"Deadly Poison","floor":2.0},{"not_picked":["Setup","All Out Attack"],"picked":"Poisoned Stab","floor":3.0},{"not_picked":["Outmaneuver","Sucker Punch"],"picked":"Infinite Blades","floor":7.0},{"not_picked":["Slice","Quick Slash"],"picked":"Dodge and Roll","floor":8.0},{"not_picked":["Slice","Heel Hook"],"picked":"Backflip","floor":12.0},{"not_picked":["Blade Dance","Slice"],"picked":"Footwork","floor":13.0},{"not_picked":["Setup","Wraith Form v2"],"picked":"Dodge and Roll","floor":14.0},{"not_picked":["Grand Finale","Tools of the Trade"],"picked":"Corpse Explosion","floor":16.0},{"not_picked":["Underhanded Strike","Sucker Punch"],"picked":"Cloak And Dagger","floor":18.0},{"not_picked":["Finisher","Escape Plan"],"picked":"Dash+1","floor":20.0},{"not_picked":["Outmaneuver+1","Quick Slash"],"picked":"Deadly Poison","floor":22.0},{"not_picked":["Dagger Throw","Backflip"],"picked":"Escape Plan","floor":24.0},{"not_picked":["Distraction","Poisoned Stab"],"picked":"Tactician","floor":25.0},{"not_picked":["Underhanded Strike","Prepared"],"picked":"After Image","floor":27.0},{"not_picked":["Masterful Stab+1","Quick Slash"],"picked":"PiercingWail","floor":29.0},{"not_picked":["Deadly Poison","Expertise","Outmaneuver"],"picked":"SKIP","floor":31.0},{"not_picked":["Tools of the Trade","Night Terror"],"picked":"Adrenaline","floor":33.0},{"not_picked":[],"picked":"Acrobatics","floor":35.0},{"not_picked":[],"picked":"Cloak And Dagger","floor":37.0},{"not_picked":["Bane"],"picked":"SKIP","floor":38.0},{"not_picked":["Dagger Spray"],"picked":"SKIP","floor":40.0},{"not_picked":["Underhanded Strike"],"picked":"SKIP","floor":42.0},{"not_picked":[],"picked":"Cloak And Dagger","floor":48.0}],"player_experience":967172,"relics_obtained":[{"floor":7.0,"key":"Ninja Scroll"},{"floor":9.0,"key":"Meat on the Bone"},{"floor":12.0,"key":"Gambling Chip"},{"floor":14.0,"key":"Mercury Hourglass"},{"floor":25.0,"key":"Ancient Tea Set"},{"floor":26.0,"key":"Lantern"},{"floor":27.0,"key":"Mango"},{"floor":27.0,"key":"Shuriken"},{"floor":31.0,"key":"Pocketwatch"},{"floor":40.0,"key":"Regal Pillow"}],"event_choices":[{"damage_healed":0.0,"max_hp_gain":5.0,"max_hp_loss":0.0,"gold_gain":0.0,"event_name":"Big Fish","player_choice":"Donut","floor":4.0,"gold_loss":0.0,"damage_taken":0.0},{"damage_healed":0.0,"max_hp_gain":0.0,"max_hp_loss":0.0,"gold_gain":0.0,"event_name":"Scrap Ooze","player_choice":"Success","floor":10.0,"gold_loss":0.0,"damage_taken":5.0,"relics_obtained":["Darkstone Periapt"]},{"damage_healed":0.0,"max_hp_gain":0.0,"max_hp_loss":0.0,"gold_gain":0.0,"event_name":"The Mausoleum","player_choice":"Opened","floor":21.0,"gold_loss":0.0,"damage_taken":0.0,"relics_obtained":["Potion Belt"],"cards_obtained":["Writhe"]},{"damage_healed":0.0,"max_hp_gain":0.0,"max_hp_loss":0.0,"gold_gain":0.0,"event_name":"Colosseum","player_choice":"Fight","floor":27.0,"gold_loss":0.0,"damage_taken":0.0},{"damage_healed":0.0,"max_hp_gain":0.0,"max_hp_loss":0.0,"gold_gain":0.0,"event_name":"Colosseum","player_choice":"Fought Nobs","floor":27.0,"gold_loss":0.0,"damage_taken":0.0},{"damage_healed":0.0,"max_hp_gain":0.0,"max_hp_loss":0.0,"gold_gain":0.0,"event_name":"Duplicator","player_choice":"Copied","floor":28.0,"gold_loss":0.0,"damage_taken":0.0,"cards_obtained":["After Image"]},{"damage_healed":0.0,"max_hp_gain":0.0,"max_hp_loss":0.0,"gold_gain":0.0,"event_name":"Tomb of Lord Red Mask","player_choice":"Paid","floor":39.0,"gold_loss":66.0,"damage_taken":0.0,"relics_obtained":["Red Mask"]},{"cards_removed":["Infinite Blades"],"damage_healed":0.0,"max_hp_gain":0.0,"max_hp_loss":0.0,"gold_gain":0.0,"event_name":"Falling","player_choice":"Removed Power","floor":45.0,"gold_loss":0.0,"damage_taken":0.0},{"damage_healed":0.0,"max_hp_gain":0.0,"max_hp_loss":5.0,"gold_gain":0.0,"event_name":"Winding Halls","player_choice":"Max HP","floor":47.0,"gold_loss":0.0,"damage_taken":0.0}],"is_beta":false,"boss_relics":[{"not_picked":["HoveringKite","Ring of the Serpent"],"picked":"Pandora\u0027s Box"},{"not_picked":["White Beast Statue","Velvet Choker"],"picked":"Busted Crown"}],"items_purged_floors":[19,36],"is_endless":false,"potions_floor_spawned":[2,7,12,14,22,24,27,29,33,37],"killed_by":"Donu and Deca","ascension_level":20}