{"gold_per_floor":[110,60,60,72,72,102,120,130,155,155,182,197,228,228,228,351,351,370,389,389,389,410,410,450,450,521,521,552,563,563,590,590,694,694,704,248,248,248,260,291,305,339,411,411,436,456,489,489,489,489,489,489,25,55,55],"floor_reached":55,"playtime":3917,"items_purged":["Defend_B"],"score":1140,"play_id":"268f0916-a64e-4141-8761-1ecfe7169b2d","local_time":"20190213101343","is_ascension_mode":true,"campfire_choices":[{"data":"Zap","floor":10,"key":"SMITH"},{"data":"1","floor":15,"key":"LIFT"},{"data":"Storm","floor":23,"key":"SMITH"},{"data":"Biased Cognition","floor":30,"key":"SMITH"},{"data":"Chaos","floor":32,"key":"SMITH"},{"floor":49,"key":"RECALL"},{"data":"Biased Cognition","floor":52,"key":"SMITH"}],"neow_cost":"TEN_PERCENT_HP_LOSS","seed_source_timestamp":5090104116657082,"circlet_count":0,"master_deck":["Zap+1","Dualcast","Conserve Battery","Cold Snap","Coolheaded","Sweeping Beam","Leap","Ball Lightning","Rebound+1","Biased Cognition+1","BootSequence","Storm+1","Biased Cognition+1","Rainbow","Auto Shields","Leap+1","Self Repair","Chaos+1","Rainbow","Go for the Eyes+1","Good Instincts","Hello World","Jack Of All Trades","Thinking Ahead","Steam+1","Conserve Battery+1","Steam Power+1","White Noise+1","Coolheaded+1","Go for the Eyes+1","Seek","Defragment","White Noise"],"relics":["Cracked Core","DataDisk","Orichalcum","Blood Vial","Omamori","Girya","Bloody Idol","Astrolabe","Nilry\u0027s Codex","Ancient Tea Set","Gremlin Horn","Oddly Smooth Stone","Bag of Marbles","Velvet Choker","Art of War","Bronze Scales","Whetstone","Kunai","Ginger","Toolbox","Anchor"],"potions_floor_usage":[11,24,28,33,33,33,50,55,55,55],"damage_taken":[{"damage":1,"enemies":"Jaw Worm","floor":1,"turns":3},{"damage":0,"enemies":"Small Slimes","floor":4,"turns":4},{"damage":7,"enemies":"Lagavulin","floor":6,"turns":7},{"damage":0,"enemies":"2 Louse","floor":7,"turns":2},{"damage":0,"enemies":"Large Slime","floor":8,"turns":4},{"damage":0,"enemies":"Gremlin Nob","floor":11,"turns":3},{"damage":0,"enemies":"3 Louse","floor":12,"turns":4},{"damage":3,"enemies":"3 Sentries","floor":13,"turns":5},{"damage":3,"enemies":"The Guardian","floor":16,"turns":10},{"damage":0,"enemies":"2 Thieves","floor":18,"turns":2},{"damage":5,"enemies":"3 Byrds","floor":19,"turns":4},{"damage":0,"enemies":"Snecko","floor":22,"turns":5},{"damage":15,"enemies":"Book of Stabbing","floor":24,"turns":6},{"damage":0,"enemies":"Gremlin Leader","floor":28,"turns":4},{"damage":1,"enemies":"Snake Plant","floor":29,"turns":3},{"damage":13,"enemies":"Slavers","floor":31,"turns":3},{"damage":16,"enemies":"Collector","floor":33,"turns":11},{"damage":4,"enemies":"3 Shapes","floor":35,"turns":4},{"damage":0,"enemies":"Orb Walker","floor":39,"turns":3},{"damage":8,"enemies":"Giant Head","floor":40,"turns":8},{"damage":0,"enemies":"Transient","floor":41,"turns":5},{"damage":25,"enemies":"Nemesis","floor":42,"turns":5},{"damage":0,"enemies":"Giant Head","floor":45,"turns":9},{"damage":0,"enemies":"3 Darklings","floor":46,"turns":4},{"damage":1,"enemies":"Nemesis","floor":47,"turns":7},{"damage":71,"enemies":"Donu and Deca","floor":50,"turns":13},{"damage":15,"enemies":"Shield and Spear","floor":54,"turns":8}],"seed_played":"437296207190419863","potions_obtained":[{"floor":7,"key":"SpeedPotion"},{"floor":8,"key":"AttackPotion"},{"floor":11,"key":"Regen Potion"},{"floor":22,"key":"SneckoOil"},{"floor":24,"key":"AttackPotion"},{"floor":28,"key":"EntropicBrew"}],"is_trial":false,"path_per_floor":["M","?","?","M","?","E","M","M","T","R","E","M","E","?","R","B",null,"M","M","?","?","M","R","E","?","T","?","E","M","R","E","R","B",null,"M","$","?","?","M","E","M","E","T","?","E","M","E","?","R","B",null,"R","$","E","B"],"character_chosen":"DEFECT","items_purchased":["Art of War","Good Instincts","Hello World","PowerPotion","FocusPotion","Defragment","White Noise","Toolbox","LiquidBronze"],"campfire_rested":0,"item_purchase_floors":[36,36,36,36,53,53,53,53,53],"current_hp_per_floor":[67,67,60,60,60,53,53,53,53,53,55,57,56,39,39,38,68,68,63,47,47,49,49,51,51,56,56,63,68,68,67,67,57,68,68,68,58,68,68,68,68,55,60,60,67,68,68,68,68,19,68,68,68,65,0],"gold":55,"neow_bonus":"REMOVE_TWO","is_prod":false,"is_daily":false,"chose_seed":false,"campfire_upgraded":5,"win_rate":0,"timestamp":1550070823,"path_taken":["M","?","?","M","?","E","M","M","T","R","E","?","E","?","R","BOSS","M","M","?","?","M","R","E","?","T","?","E","M","R","E","R","BOSS","M","$","?","?","M","E","M","E","T","?","E","M","E","?","R","BOSS","R","$","E","BOSS"],"build_version":"2019-02-06","purchased_purges":1,"victory":false,"max_hp_per_floor":[68,68,68,68,68,68,68,68,68,68,68,68,68,68,68,68,68,68,68,68,68,68,68,68,68,68,68,68,68,68,68,68,68,68,68,68,68,68,68,68,68,68,68,68,68,68,68,68,68,68,68,68,68,68,68],"card_choices":[{"not_picked":["Leap","Go for the Eyes"],"picked":"Conserve Battery","floor":1},{"not_picked":["Lockon","White Noise"],"picked":"Cold Snap","floor":4},{"not_picked":["Cold Snap","Leap"],"picked":"Coolheaded","floor":6},{"not_picked":["Blizzard","Barrage"],"picked":"Sweeping Beam","floor":7},{"not_picked":["Beam Cell","Meteor Strike"],"picked":"Leap","floor":8},{"not_picked":["Reprogram","Turbo","Double Energy"],"picked":"SKIP","floor":11},{"not_picked":["Barrage","Cold Snap"],"picked":"Ball Lightning","floor":12},{"not_picked":["Redo","Skim"],"picked":"Rebound","floor":13},{"not_picked":["Reboot","Rainbow"],"picked":"Biased Cognition","floor":16},{"not_picked":["Heatsinks+1","Double Energy","Compile Driver"],"picked":"SKIP","floor":18},{"not_picked":["Redo","Sweeping Beam","Beam Cell"],"picked":"SKIP","floor":19},{"not_picked":["Hologram","Leap"],"picked":"Storm","floor":22},{"not_picked":["Doom and Gloom","Aggregate"],"picked":"Biased Cognition","floor":24},{"not_picked":["Ball Lightning","BootSequence+1"],"picked":"Leap+1","floor":28},{"not_picked":["Leap+1","Blizzard"],"picked":"Self Repair","floor":29},{"not_picked":["BootSequence","Redo+1"],"picked":"Chaos","floor":31},{"not_picked":["Reboot","Biased Cognition"],"picked":"Rainbow","floor":33},{"not_picked":["Recycle+1","Melter"],"picked":"Go for the Eyes","floor":35},{"not_picked":["Bandage Up","Secret Weapon"],"picked":"Jack Of All Trades","floor":37},{"not_picked":["Dramatic Entrance","Forethought"],"picked":"Thinking Ahead","floor":37},{"not_picked":["Stack+1","Sunder"],"picked":"Steam+1","floor":39},{"not_picked":["Hyperbeam","Steam"],"picked":"Conserve Battery+1","floor":40},{"not_picked":["Redo","Steam"],"picked":"Steam Power+1","floor":41},{"not_picked":["Steam Power","FTL+1"],"picked":"White Noise+1","floor":42},{"not_picked":["Rip and Tear+1","Steam"],"picked":"Coolheaded+1","floor":45},{"not_picked":["Hologram","Hello World"],"picked":"Go for the Eyes+1","floor":46},{"not_picked":["Beam Cell+1","Ball Lightning+1"],"picked":"Seek","floor":47},{"not_picked":["Hyperbeam","Steam","Cold Snap+1"],"picked":"SKIP","floor":54}],"player_experience":4499223,"relics_obtained":[{"floor":6,"key":"Orichalcum"},{"floor":9,"key":"Blood Vial"},{"floor":11,"key":"Omamori"},{"floor":13,"key":"Girya"},{"floor":20,"key":"Nilry\u0027s Codex"},{"floor":24,"key":"Ancient Tea Set"},{"floor":26,"key":"Gremlin Horn"},{"floor":28,"key":"Oddly Smooth Stone"},{"floor":31,"key":"Bag of Marbles"},{"floor":40,"key":"Bronze Scales"},{"floor":42,"key":"Whetstone"},{"floor":45,"key":"Kunai"},{"floor":47,"key":"Ginger"},{"floor":54,"key":"Anchor"}],"event_choices":[{"cards_removed":["Strike_B"],"damage_healed":0,"gold_gain":0,"player_choice":"Card Removal","damage_taken":0,"max_hp_gain":0,"max_hp_loss":0,"event_name":"The Cleric","floor":2,"gold_loss":50},{"damage_healed":0,"gold_gain":0,"player_choice":"Success","damage_taken":7,"relics_obtained":["DataDisk"],"max_hp_gain":0,"max_hp_loss":0,"event_name":"Scrap Ooze","floor":3,"gold_loss":0},{"damage_healed":0,"gold_gain":0,"player_choice":"Ignored","damage_taken":0,"max_hp_gain":0,"max_hp_loss":0,"event_name":"Liars Game","floor":5,"gold_loss":0},{"damage_healed":0,"gold_gain":0,"player_choice":"Take Damage","damage_taken":17,"relics_obtained":["Golden Idol"],"max_hp_gain":0,"max_hp_loss":0,"event_name":"Golden Idol","floor":14,"gold_loss":0},{"damage_healed":0,"gold_gain":0,"player_choice":"Obtained Book","damage_taken":16,"max_hp_gain":0,"max_hp_loss":0,"event_name":"Cursed Tome","floor":20,"gold_loss":0},{"damage_healed":0,"gold_gain":0,"player_choice":"Read","damage_taken":0,"max_hp_gain":0,"max_hp_loss":0,"event_name":"The Library","floor":21,"gold_loss":0,"cards_obtained":["BootSequence"]},{"damage_healed":0,"gold_gain":0,"player_choice":"Gave Idol","damage_taken":0,"relics_obtained":["Bloody Idol"],"max_hp_gain":0,"max_hp_loss":0,"event_name":"Forgotten Altar","floor":25,"relics_lost":["Golden Idol"],"gold_loss":0},{"damage_healed":0,"gold_gain":0,"cards_transformed":["Hyperbeam","Gash"],"player_choice":"Became Test Subject","damage_taken":0,"max_hp_gain":0,"max_hp_loss":0,"event_name":"Drug Dealer","floor":27,"gold_loss":0,"cards_obtained":["Rainbow","Auto Shields"]},{"damage_healed":0,"gold_gain":0,"player_choice":"Memory 3","damage_taken":10,"max_hp_gain":0,"max_hp_loss":0,"event_name":"SensoryStone","floor":37,"gold_loss":0},{"damage_healed":17,"gold_gain":0,"player_choice":"Writhe","damage_taken":0,"max_hp_gain":0,"max_hp_loss":0,"event_name":"Winding Halls","floor":38,"gold_loss":0,"cards_obtained":["Writhe"]},{"cards_removed":["Hyperbeam"],"damage_healed":0,"gold_gain":0,"player_choice":"Removed Attack","damage_taken":0,"max_hp_gain":0,"max_hp_loss":0,"event_name":"Falling","floor":44,"gold_loss":0},{"cards_removed":["Defend_B"],"damage_healed":0,"gold_gain":0,"player_choice":"Purged","damage_taken":0,"max_hp_gain":0,"max_hp_loss":0,"event_name":"Purifier","floor":48,"gold_loss":0}],"is_beta":true,"boss_relics":[{"not_picked":["Nuclear Battery","FrozenCore"],"picked":"Astrolabe"},{"not_picked":["Tiny House","Philosopher\u0027s Stone"],"picked":"Velvet Choker"}],"items_purged_floors":[36],"is_endless":false,"potions_floor_spawned":[7,8,11,22,24,28,40,41,45,46],"killed_by":"The Heart","ascension_level":1}