{"gold_per_floor":[118,293,311,311,47,77,88,103,103,103,116,148,148,148,148,247,247,260,260,278,290,290,324,324,110,137,165,176,204,204,233,233,336,336,346,362,312,326,343,368,368,398,453,465,529,559,87,103,103,103],"floor_reached":51,"playtime":5124,"items_purged":["Strike_B","Strike_B"],"score":1043,"play_id":"479584ff-6555-4d50-a624-226cac09cee5","local_time":"20190221223613","is_ascension_mode":true,"campfire_choices":[{"data":"Zap","floor":13,"key":"SMITH"},{"data":"Regret","floor":15,"key":"PURGE"},{"data":"Writhe","floor":24,"key":"PURGE"},{"data":"Dualcast","floor":32,"key":"SMITH"},{"data":"Strike_B","floor":41,"key":"PURGE"},{"data":"Magnetism","floor":44,"key":"SMITH"},{"data":"Strike_B","floor":49,"key":"PURGE"}],"neow_cost":"NONE","seed_source_timestamp":256514490414411,"circlet_count":0,"master_deck":["Defend_B","Defend_B","Defend_B","Defend_B","Zap+1","Dualcast+1","Go for the Eyes","Heatsinks","Magnetism+1","Sunder","Conserve Battery","Reinforced Body","Biased Cognition+1","Echo Form+1","Undo+1","FTL","Capacitor+1","Reinforced Body+1","Self Repair+1","Chill+1","FTL","Capacitor+1","Amplify+1","FTL","Electrodynamics+1","Sunder","Consume+1","Chaos+1","Recycle+1","White Noise+1","Meteor Strike","Reboot+1","Panacea+1","Secret Weapon+1"],"relics":["Cracked Core","Oddly Smooth Stone","Frozen Egg 2","Toxic Egg 2","Gambling Chip","Peace Pipe","Lizard Tail","Mummified Hand","Dream Catcher","Anchor","Potion Belt","Smiling Mask","CultistMask","Shuriken","Sozu","Happy Flower","Vajra","MawBank","Orichalcum","Blood Vial"],"potions_floor_usage":[12,31,50,50,50,50,50],"damage_taken":[{"damage":0,"enemies":"2 Louse","floor":1,"turns":3},{"damage":4,"enemies":"Jaw Worm","floor":3,"turns":2},{"damage":23,"enemies":"Lagavulin","floor":6,"turns":8},{"damage":2,"enemies":"Cultist","floor":7,"turns":5},{"damage":1,"enemies":"3 Louse","floor":8,"turns":4},{"damage":0,"enemies":"2 Fungi Beasts","floor":11,"turns":1},{"damage":2,"enemies":"Gremlin Nob","floor":12,"turns":4},{"damage":24,"enemies":"Slime Boss","floor":16,"turns":6},{"damage":6,"enemies":"Shell Parasite","floor":18,"turns":5},{"damage":18,"enemies":"2 Thieves","floor":20,"turns":4},{"damage":0,"enemies":"Snecko","floor":21,"turns":4},{"damage":9,"enemies":"Book of Stabbing","floor":23,"turns":6},{"damage":26,"enemies":"Gremlin Leader","floor":27,"turns":10},{"damage":6,"enemies":"3 Cultists","floor":28,"turns":6},{"damage":0,"enemies":"Book of Stabbing","floor":29,"turns":6},{"damage":36,"enemies":"Gremlin Leader","floor":31,"turns":8},{"damage":34,"enemies":"Champ","floor":33,"turns":10},{"damage":9,"enemies":"3 Darklings","floor":35,"turns":4},{"damage":0,"enemies":"3 Shapes","floor":36,"turns":3},{"damage":21,"enemies":"Writhing Mass","floor":38,"turns":6},{"damage":15,"enemies":"3 Darklings","floor":39,"turns":4},{"damage":9,"enemies":"Nemesis","floor":40,"turns":5},{"damage":0,"enemies":"Reptomancer","floor":42,"turns":4},{"damage":0,"enemies":"Giant Head","floor":45,"turns":6},{"damage":0,"enemies":"Sphere and 2 Shapes","floor":46,"turns":5},{"damage":4,"enemies":"4 Shapes","floor":48,"turns":2},{"damage":0,"enemies":"Donu and Deca","floor":50,"turns":4}],"seed_played":"-187359275368241945","potions_obtained":[{"floor":1,"key":"EssenceOfSteel"},{"floor":3,"key":"Fire Potion"},{"floor":7,"key":"EssenceOfSteel"},{"floor":20,"key":"FocusPotion"},{"floor":27,"key":"Explosive Potion"},{"floor":31,"key":"Weak Potion"},{"floor":33,"key":"Regen Potion"}],"is_trial":false,"path_per_floor":["M","?","M","?","$","E","M","M","T","T","M","E","R","?","R","B",null,"M","?","M","M","?","E","R","$","T","E","M","E","?","E","R","B",null,"M","M","$","M","M","E","R","E","T","R","E","M","$","M","R","B",null],"character_chosen":"DEFECT","items_purchased":["Magnetism","Sunder","Chill+1","FTL","Capacitor+1","Blood Vial","Panacea+1","Secret Weapon+1"],"campfire_rested":0,"item_purchase_floors":[5,5,25,25,25,47,47,47],"current_hp_per_floor":[82,82,78,71,71,48,46,45,45,45,45,43,43,43,43,19,82,76,76,58,58,58,49,49,49,49,43,47,67,67,41,41,17,82,82,82,82,71,66,77,77,77,77,77,82,82,82,78,78,82],"gold":103,"neow_bonus":"TEN_PERCENT_HP_BONUS","is_prod":false,"is_daily":false,"chose_seed":false,"campfire_upgraded":3,"win_rate":0,"timestamp":1550817373,"path_taken":["M","?","M","?","?","E","M","M","T","?","?","E","R","?","R","BOSS","M","?","M","M","?","E","R","$","T","E","M","E","?","E","R","BOSS","M","?","$","M","?","E","R","E","T","R","E","?","$","M","R","BOSS"],"build_version":"2019-01-23","purchased_purges":2,"victory":true,"max_hp_per_floor":[82,82,82,82,82,82,82,82,82,82,82,82,82,82,82,82,82,82,82,82,82,82,82,82,82,82,82,82,82,82,82,82,82,82,82,82,82,82,82,82,82,82,82,82,82,82,82,82,82,82],"card_choices":[{"not_picked":["Recycle","Rebound"],"picked":"Go for the Eyes","floor":1},{"not_picked":["Darkness","Reprogram"],"picked":"Heatsinks","floor":3},{"not_picked":["Rip and Tear","Doom and Gloom"],"picked":"Conserve Battery","floor":6},{"not_picked":["Leap","Compile Driver"],"picked":"Reinforced Body","floor":7},{"not_picked":["Beam Cell","Steam","Compile Driver"],"picked":"SKIP","floor":8},{"not_picked":["Go for the Eyes","Hologram+1","Streamline"],"picked":"SKIP","floor":11},{"not_picked":["Redo+1","Barrage"],"picked":"Biased Cognition+1","floor":12},{"not_picked":["Reboot+1","Machine Learning+1"],"picked":"Echo Form+1","floor":16},{"not_picked":["Consume+1","Reprogram+1"],"picked":"Undo+1","floor":18},{"not_picked":["Doom and Gloom","Cold Snap+1"],"picked":"FTL","floor":20},{"not_picked":["Cold Snap","Redo+1"],"picked":"Capacitor+1","floor":21},{"not_picked":["Skim+1","Conserve Battery+1"],"picked":"Self Repair+1","floor":23},{"not_picked":["Sweeping Beam+1","Hologram+1"],"picked":"Amplify+1","floor":27},{"not_picked":["Gash","Redo+1"],"picked":"FTL","floor":28},{"not_picked":["Barrage","Hello World+1","Hologram+1"],"picked":"SKIP","floor":29},{"not_picked":["Steam Power+1","Cold Snap","Turbo+1"],"picked":"SKIP","floor":31},{"not_picked":["Creative AI+1","Rainbow+1"],"picked":"Electrodynamics+1","floor":33},{"not_picked":["Rebound","Coolheaded+1"],"picked":"Sunder","floor":35},{"not_picked":["Conserve Battery+1","Lockon+1"],"picked":"Consume+1","floor":36},{"not_picked":["Aggregate+1","Rebound+1"],"picked":"Chaos+1","floor":38},{"not_picked":["Steam+1","Cold Snap+1"],"picked":"Recycle+1","floor":39},{"not_picked":["Rebound+1","Stack+1"],"picked":"White Noise+1","floor":40},{"not_picked":["Cold Snap+1","Barrage"],"picked":"Meteor Strike","floor":42},{"not_picked":["Aggregate+1","Cold Snap+1"],"picked":"Reboot+1","floor":45},{"not_picked":["Static Discharge+1","Leap+1","Undo+1"],"picked":"SKIP","floor":46},{"not_picked":["Barrage","Leap+1","Reprogram+1"],"picked":"SKIP","floor":48}],"player_experience":287254,"relics_obtained":[{"floor":6,"key":"Oddly Smooth Stone"},{"floor":9,"key":"Frozen Egg 2"},{"floor":10,"key":"Toxic Egg 2"},{"floor":12,"key":"Gambling Chip"},{"floor":23,"key":"Dream Catcher"},{"floor":26,"key":"Anchor"},{"floor":27,"key":"Potion Belt"},{"floor":29,"key":"Smiling Mask"},{"floor":31,"key":"Shuriken"},{"floor":40,"key":"Happy Flower"},{"floor":42,"key":"Vajra"},{"floor":43,"key":"MawBank"},{"floor":45,"key":"Orichalcum"}],"event_choices":[{"damage_healed":0,"gold_gain":175,"player_choice":"AGREE","damage_taken":0,"max_hp_gain":0,"max_hp_loss":0,"event_name":"Liars Game","floor":2,"gold_loss":0,"cards_obtained":["Doubt"]},{"cards_removed":["Doubt"],"damage_healed":0,"gold_gain":0,"player_choice":"Card Removal","damage_taken":7,"max_hp_gain":0,"max_hp_loss":0,"event_name":"Golden Wing","floor":4,"gold_loss":0},{"damage_healed":0,"gold_gain":0,"player_choice":"Box","damage_taken":0,"relics_obtained":["Peace Pipe"],"max_hp_gain":0,"max_hp_loss":0,"event_name":"Big Fish","floor":14,"gold_loss":0,"cards_obtained":["Regret"]},{"damage_healed":0,"gold_gain":0,"player_choice":"Opened","damage_taken":0,"relics_obtained":["Mummified Hand"],"max_hp_gain":0,"max_hp_loss":0,"event_name":"The Mausoleum","floor":19,"gold_loss":0,"cards_obtained":["Writhe"]},{"damage_healed":0,"gold_gain":0,"player_choice":"Read","damage_taken":0,"max_hp_gain":0,"max_hp_loss":0,"event_name":"The Library","floor":22,"gold_loss":0,"cards_obtained":["Reinforced Body"]},{"damage_healed":0,"gold_gain":0,"player_choice":"Trade","damage_taken":0,"relics_obtained":["CultistMask"],"max_hp_gain":0,"max_hp_loss":0,"event_name":"FaceTrader","floor":30,"gold_loss":0}],"is_beta":false,"boss_relics":[{"not_picked":["Eternal Feather","White Beast Statue"],"picked":"Lizard Tail"},{"not_picked":["Busted Crown","Tiny House"],"picked":"Sozu"}],"items_purged_floors":[37,47],"is_endless":false,"potions_floor_spawned":[1,3,7,20,27,31,33,36,39,45,46,48],"ascension_level":2}