{"gold_per_floor":[112,128,278,278,295,329,329,347,347,360,373,391,404,404,404,499,499,517,442,442],"floor_reached":20,"playtime":586,"items_purged":[],"score":347,"play_id":"82aea32d-ac40-4596-9d3d-2902977c3274","local_time":"20190116111407","is_ascension_mode":true,"campfire_choices":[{"data":"Zap","floor":7.0,"key":"SMITH"},{"data":"Beam Cell","floor":15.0,"key":"SMITH"}],"neow_cost":"NONE","seed_source_timestamp":0,"circlet_count":0,"master_deck":["AscendersBane","Strike_B","Strike_B","Strike_B","Defend_B","Defend_B","Defend_B","Defend_B","Zap+1","Dualcast","Beam Cell+1","Ball Lightning","Auto Shields","Ball Lightning","Sweeping Beam","Aggregate","Core Surge","Hologram","Echo Form","Ball Lightning"],"special_seed":0,"relics":["Cracked Core","Torii","Sundial","Golden Idol","Nuclear Battery"],"potions_floor_usage":[20],"damage_taken":[{"damage":0.0,"enemies":"Cultist","floor":1.0,"turns":3.0},{"damage":1.0,"enemies":"2 Louse","floor":2.0,"turns":2.0},{"damage":0.0,"enemies":"Small Slimes","floor":5.0,"turns":2.0},{"damage":10.0,"enemies":"3 Sentries","floor":6.0,"turns":6.0},{"damage":0.0,"enemies":"2 Fungi Beasts","floor":8.0,"turns":2.0},{"damage":0.0,"enemies":"Large Slime","floor":10.0,"turns":3.0},{"damage":13.0,"enemies":"Exordium Wildlife","floor":11.0,"turns":3.0},{"damage":1.0,"enemies":"Lots of Slimes","floor":12.0,"turns":2.0},{"damage":7.0,"enemies":"Large Slime","floor":13.0,"turns":4.0},{"damage":9.0,"enemies":"Slime Boss","floor":16.0,"turns":7.0},{"damage":33.0,"enemies":"Shell Parasite","floor":18.0,"turns":4.0},{"damage":31,"enemies":"Masked Bandits","floor":20,"turns":3}],"seed_played":"-5234390477916247589","potions_obtained":[{"floor":2.0,"key":"Fire Potion"},{"floor":12.0,"key":"SkillPotion"},{"floor":13.0,"key":"SteroidPotion"},{"floor":18.0,"key":"SpeedPotion"}],"is_trial":false,"path_per_floor":["M","M","?","?","M","E","R","M","T","M","M","M","M","?","R","B",null,"M","?","?"],"character_chosen":"DEFECT","items_purchased":[],"campfire_rested":0,"item_purchase_floors":[],"current_hp_per_floor":[71,70,70,70,70,60,60,60,60,60,47,46,39,12,12,3,59,26,26,0],"gold":442,"neow_bonus":"TEN_PERCENT_HP_BONUS","is_prod":false,"is_daily":false,"chose_seed":false,"campfire_upgraded":2,"win_rate":0,"timestamp":1547604847,"path_taken":["M","?","?","?","M","E","R","M","T","M","?","M","M","?","R","BOSS","M","?","?"],"build_version":"2019-01-10","purchased_purges":0,"victory":false,"max_hp_per_floor":[78,78,78,78,78,78,78,78,78,78,78,78,78,78,78,78,78,78,78,78],"card_choices":[{"not_picked":["Sweeping Beam","Leap"],"picked":"Beam Cell","floor":1.0},{"not_picked":["Heatsinks","Tempest"],"picked":"Ball Lightning","floor":2.0},{"not_picked":["Reinforced Body","Barrage"],"picked":"Auto Shields","floor":5.0},{"not_picked":["Stack","Go for the Eyes"],"picked":"Ball Lightning","floor":6.0},{"not_picked":["Redo","Turbo"],"picked":"Sweeping Beam","floor":8.0},{"not_picked":["Reinforced Body","Rebound"],"picked":"Aggregate","floor":10.0},{"not_picked":["Sweeping Beam","BootSequence"],"picked":"Core Surge","floor":11.0},{"not_picked":["Sweeping Beam","Recycle","Lockon"],"picked":"SKIP","floor":12.0},{"not_picked":["Beam Cell","Barrage"],"picked":"Hologram","floor":13.0},{"not_picked":["Seek","Meteor Strike"],"picked":"Echo Form","floor":16.0},{"not_picked":["Rebound","Cold Snap"],"picked":"Ball Lightning","floor":18.0}],"player_experience":1036814,"relics_obtained":[{"floor":6.0,"key":"Torii"},{"floor":9.0,"key":"Sundial"}],"event_choices":[{"damage_healed":0.0,"max_hp_gain":0.0,"max_hp_loss":0.0,"gold_gain":150.0,"event_name":"Liars Game","player_choice":"AGREE","floor":3.0,"gold_loss":0.0,"damage_taken":0.0,"cards_obtained":["Doubt"]},{"cards_removed":["Doubt"],"damage_healed":0.0,"max_hp_gain":0.0,"max_hp_loss":0.0,"gold_gain":0.0,"event_name":"Purifier","player_choice":"Purged","floor":4.0,"gold_loss":0.0,"damage_taken":0.0},{"damage_healed":0.0,"max_hp_gain":0.0,"max_hp_loss":0.0,"gold_gain":0.0,"event_name":"Golden Idol","player_choice":"Take Damage","floor":14.0,"gold_loss":0.0,"damage_taken":27.0,"relics_obtained":["Golden Idol"]},{"cards_removed":["Strike_B"],"damage_healed":0.0,"max_hp_gain":0.0,"max_hp_loss":0.0,"gold_gain":0.0,"event_name":"Beggar","player_choice":"Gave Gold","floor":19.0,"gold_loss":75.0,"damage_taken":0.0},{"damage_healed":0,"gold_gain":0,"player_choice":"Fought Bandits","damage_taken":0,"max_hp_gain":0,"max_hp_loss":0,"event_name":"Masked Bandits","floor":20,"gold_loss":0}],"is_beta":false,"boss_relics":[{"not_picked":["Snecko Eye","Black Star"],"picked":"Nuclear Battery"}],"items_purged_floors":[],"is_endless":false,"potions_floor_spawned":[2,12,13,18],"killed_by":"Masked Bandits","ascension_level":19}