{"gold_per_floor":[116,134,134,149,159,159,178,178,226,238,264,305,335,367,379,487,499,530,467,467,467,480,480,480],"floor_reached":24,"playtime":1065,"items_purged":["Strike_B"],"score":288,"play_id":"c7c276e2-50ca-45f3-9a7a-5ace98fbaebd","local_time":"20190222201805","is_ascension_mode":true,"campfire_choices":[{"data":"Zap","floor":6,"key":"SMITH"},{"floor":10,"key":"REST"},{"data":"Defragment","floor":15,"key":"SMITH"},{"data":"Echo Form","floor":23,"key":"SMITH"}],"neow_cost":"NONE","seed_source_timestamp":17231020631408,"circlet_count":0,"master_deck":["Strike_B+1","Strike_B+1","Defend_B+1","Defend_B+1","Defend_B+1","Defend_B+1","Zap+1","Dualcast","Barrage","Leap","Coolheaded","Ball Lightning","Coolheaded","Cold Snap","Defragment+1","Steam","Consume","Echo Form+1","Tempest","Loop"],"relics":["Cracked Core","MawBank","Singing Bowl","Inserter"],"potions_floor_usage":[7,16,16,16,18,24,24],"damage_taken":[{"damage":2,"enemies":"Jaw Worm","floor":1,"turns":4},{"damage":2,"enemies":"2 Louse","floor":2,"turns":3},{"damage":0,"enemies":"Small Slimes","floor":4,"turns":3},{"damage":0,"enemies":"Blue Slaver","floor":5,"turns":3},{"damage":19,"enemies":"Exordium Wildlife","floor":7,"turns":5},{"damage":1,"enemies":"Looter","floor":11,"turns":2},{"damage":12,"enemies":"3 Sentries","floor":12,"turns":8},{"damage":7,"enemies":"2 Fungi Beasts","floor":13,"turns":4},{"damage":22,"enemies":"Exordium Thugs","floor":14,"turns":5},{"damage":0,"enemies":"Hexaghost","floor":16,"turns":12},{"damage":8,"enemies":"3 Byrds","floor":18,"turns":3},{"damage":12,"enemies":"Chosen","floor":22,"turns":4},{"damage":43,"enemies":"Slavers","floor":24,"turns":6}],"seed_played":"-6878806708591192151","potions_obtained":[{"floor":2,"key":"SteroidPotion"},{"floor":5,"key":"SkillPotion"},{"floor":11,"key":"EntropicBrew"},{"floor":14,"key":"Fire Potion"},{"floor":16,"key":"LiquidBronze"}],"is_trial":false,"path_per_floor":["M","M","?","M","M","R","M","?","T","R","M","E","M","M","R","B",null,"M","$","?","?","M","R","E"],"character_chosen":"DEFECT","items_purchased":[],"campfire_rested":1,"item_purchase_floors":[],"current_hp_per_floor":[73,71,56,56,56,56,37,30,30,52,51,39,34,12,12,12,77,69,69,69,53,41,41,0],"gold":480,"neow_bonus":"THREE_CARDS","is_prod":false,"is_daily":false,"chose_seed":false,"campfire_upgraded":3,"win_rate":0,"timestamp":1550863085,"path_taken":["M","M","?","M","M","R","M","?","T","R","M","E","M","M","R","BOSS","M","$","?","?","M","R","E"],"build_version":"2019-01-23","purchased_purges":1,"victory":false,"max_hp_per_floor":[75,75,75,75,75,75,75,75,75,75,75,75,77,77,77,77,77,77,77,77,77,77,77,77],"card_choices":[{"not_picked":["Force Field","Reinforced Body"],"picked":"Barrage","floor":0},{"not_picked":["Stack","Streamline"],"picked":"Leap","floor":1},{"not_picked":["Barrage","Go for the Eyes"],"picked":"Coolheaded","floor":2},{"not_picked":["Go for the Eyes","Steam"],"picked":"Ball Lightning","floor":4},{"not_picked":["Blizzard","Beam Cell"],"picked":"Coolheaded","floor":5},{"not_picked":["Beam Cell","Compile Driver"],"picked":"Cold Snap","floor":7},{"not_picked":["Lockon","Conserve Battery"],"picked":"Defragment","floor":11},{"not_picked":["Rainbow","All For One"],"picked":"Steam","floor":12},{"not_picked":["Turbo","Sweeping Beam","Compile Driver"],"picked":"Singing Bowl","floor":13},{"not_picked":["Barrage","Leap"],"picked":"Consume","floor":14},{"not_picked":["Buffer","Meteor Strike"],"picked":"Echo Form","floor":16},{"not_picked":["Barrage","Reprogram"],"picked":"Tempest","floor":18},{"not_picked":["Chaos","Compile Driver"],"picked":"Loop","floor":22}],"player_experience":224407,"relics_obtained":[{"floor":9,"key":"MawBank"},{"floor":12,"key":"Singing Bowl"}],"event_choices":[{"damage_healed":0,"gold_gain":0,"player_choice":"Entered Light","damage_taken":15,"max_hp_gain":0,"max_hp_loss":0,"event_name":"Shining Light","floor":3,"gold_loss":0,"cards_upgraded":["Defend_B","Strike_B"]},{"cards_removed":["Strike_B"],"damage_healed":0,"gold_gain":0,"player_choice":"Card Removal","damage_taken":7,"max_hp_gain":0,"max_hp_loss":0,"event_name":"Golden Wing","floor":8,"gold_loss":0},{"damage_healed":0,"gold_gain":0,"player_choice":"Simplicity","damage_taken":0,"max_hp_gain":0,"max_hp_loss":0,"event_name":"Back to Basics","floor":20,"gold_loss":0,"cards_upgraded":["Strike_B","Defend_B","Defend_B","Defend_B"]},{"damage_healed":0,"gold_gain":0,"player_choice":"Obtained Book","damage_taken":16,"max_hp_gain":0,"max_hp_loss":0,"event_name":"Cursed Tome","floor":21,"gold_loss":0}],"is_beta":false,"boss_relics":[{"not_picked":["FrozenCore","Philosopher\u0027s Stone"],"picked":"Inserter"}],"items_purged_floors":[19],"is_endless":false,"potions_floor_spawned":[2,5,11,14,16],"killed_by":"Slavers","ascension_level":3}