{"gold_per_floor":[113,63,82,82,82,82,115,115,115,115,134,169,188,201,201,298,298,314,314],"floor_reached":19,"playtime":776,"items_purged":[],"score":232,"play_id":"3f786044-3003-4561-96e2-665cf5f21465","local_time":"20190209011700","is_ascension_mode":true,"campfire_choices":[{"data":"Bash","floor":6,"key":"SMITH"},{"data":"Havoc","floor":8,"key":"SMITH"},{"data":"Wild Strike","floor":10,"key":"SMITH"},{"data":"Pommel Strike","floor":15,"key":"SMITH"}],"neow_cost":"NONE","seed_source_timestamp":19995740360228,"circlet_count":0,"master_deck":["Bash+1","Wild Strike+1","Perfected Strike+1","Havoc+1","Warcry","Pommel Strike+1","Juggernaut","Headbutt","Reaper","Fire Breathing","Headbutt","Cleave","Sword Boomerang","Power Through","Juggernaut","Reckless Charge","Armaments","Bloodletting"],"relics":["Burning Blood","NeowsBlessing","The Courier","Turnip","Pantograph","Pandora\u0027s Box"],"potions_floor_usage":[12,12,12,16],"damage_taken":[{"damage":0,"enemies":"Small Slimes","floor":1,"turns":1},{"damage":0,"enemies":"Jaw Worm","floor":3,"turns":1},{"damage":0,"enemies":"Lagavulin","floor":7,"turns":1},{"damage":0,"enemies":"2 Louse","floor":11,"turns":2},{"damage":25,"enemies":"3 Sentries","floor":12,"turns":5},{"damage":20,"enemies":"Lots of Slimes","floor":13,"turns":3},{"damage":11,"enemies":"Blue Slaver","floor":14,"turns":3},{"damage":39,"enemies":"Slime Boss","floor":16,"turns":11},{"damage":51,"enemies":"Shell Parasite","floor":18,"turns":5},{"damage":0,"enemies":"3 Byrds","floor":19,"turns":1}],"seed_played":"8264524933892069290","potions_obtained":[{"floor":1,"key":"AttackPotion"},{"floor":5,"key":"EntropicBrew"},{"floor":5,"key":"Poison Potion"},{"floor":7,"key":"Fire Potion"},{"floor":16,"key":"SteroidPotion"}],"is_trial":false,"path_per_floor":["M","?","M","?","?","R","E","R","T","R","M","E","M","M","R","B",null,"M","M"],"character_chosen":"IRONCLAD","items_purchased":[],"campfire_rested":0,"item_purchase_floors":[],"current_hp_per_floor":[80,80,80,80,80,80,80,80,80,80,80,61,47,42,42,34,80,35,35],"gold":314,"neow_bonus":"THREE_ENEMY_KILL","is_prod":false,"is_daily":false,"chose_seed":false,"campfire_upgraded":4,"win_rate":0,"timestamp":1549703820,"path_taken":["M","?","M","?","?","R","E","R","T","R","M","E","M","M","R","BOSS","M","M"],"build_version":"2019-01-23","purchased_purges":0,"victory":false,"max_hp_per_floor":[80,80,80,80,80,80,80,80,80,80,80,80,80,80,80,80,80,80,80],"card_choices":[{"not_picked":["Second Wind","Battle Trance"],"picked":"Wild Strike","floor":1},{"not_picked":["Pommel Strike","Rage"],"picked":"Perfected Strike","floor":3},{"not_picked":["Warcry","Metallicize"],"picked":"Havoc","floor":7},{"not_picked":["Whirlwind","Thunderclap"],"picked":"Warcry","floor":11},{"not_picked":["Ghostly Armor","Warcry"],"picked":"Pommel Strike","floor":12},{"not_picked":["Sword Boomerang","Rupture"],"picked":"Juggernaut","floor":13},{"not_picked":["Flex","True Grit"],"picked":"Headbutt","floor":14},{"not_picked":["Limit Break","Berserk"],"picked":"Reaper","floor":16},{"not_picked":["Pommel Strike","Body Slam"],"picked":"Bloodletting","floor":18}],"player_experience":141400,"relics_obtained":[{"floor":7,"key":"The Courier"},{"floor":9,"key":"Turnip"},{"floor":12,"key":"Pantograph"}],"event_choices":[{"cards_removed":["Defend_R"],"damage_healed":0,"gold_gain":0,"player_choice":"Card Removal","damage_taken":0,"max_hp_gain":0,"max_hp_loss":0,"event_name":"The Cleric","floor":2,"gold_loss":50},{"damage_healed":0,"gold_gain":0,"player_choice":"Grow","damage_taken":0,"max_hp_gain":0,"max_hp_loss":0,"event_name":"Living Wall","floor":4,"gold_loss":0,"cards_upgraded":["Perfected Strike"]},{"damage_healed":0,"gold_gain":0,"player_choice":"Got Potions","damage_taken":0,"max_hp_gain":0,"max_hp_loss":0,"event_name":"Lab","floor":5,"gold_loss":0}],"is_beta":false,"boss_relics":[{"not_picked":["Snecko Eye","Philosopher\u0027s Stone"],"picked":"Pandora\u0027s Box"}],"items_purged_floors":[],"is_endless":false,"potions_floor_spawned":[1,7,16],"killed_by":"3 Byrds","ascension_level":3}