{"gold_per_floor":[13,24,42,61,73,73,99,119,170,195,195,224,224,234,234,338,338,350,125,125,137,227,227,256,270,296,310,335,349,349,367,367,472,472,492,492,502,502,519,547,547,579,579,591,591,189,189,209,209,209,209,209,15,50,50],"floor_reached":56,"playtime":3249,"items_purged":["Strike_B","Streamline","Barrage"],"score":1418,"play_id":"4084eb05-8a5b-40f1-aa86-a363dc9abb79","local_time":"20181203104545","is_ascension_mode":true,"campfire_choices":[{"data":"Zap","floor":6,"key":"SMITH"},{"data":"Coolheaded","floor":11,"key":"SMITH"},{"data":"White Noise","floor":13,"key":"SMITH"},{"data":"Self Repair","floor":15,"key":"SMITH"},{"data":"Consume","floor":23,"key":"SMITH"},{"data":"Creative AI","floor":30,"key":"SMITH"},{"data":"Fission","floor":32,"key":"SMITH"},{"data":"Biased Cognition","floor":41,"key":"SMITH"},{"floor":49,"key":"RECALL"},{"data":"Loop","floor":52,"key":"SMITH"}],"neow_cost":"NO_GOLD","seed_source_timestamp":796730916114048,"circlet_count":0,"master_deck":["Zap+1","Dualcast","Self Repair+1","White Noise+1","Coolheaded+1","Ball Lightning","Leap","Glacier","Glacier","Cold Snap","Electrodynamics","Consume+1","Leap","Sweeping Beam","Biased Cognition+1","Fission+1","Auto Shields","Creative AI+1","Chill","Rainbow","Conserve Battery","Go for the Eyes","Conserve Battery","Conserve Battery","Storm+1","Melter+1","Auto Shields+1","Machine Learning","Hologram+1","Loop+1","Coolheaded","Steam Power+1","Buffer","Turbo","Stack","Fission"],"relics":["Cracked Core","Smiling Mask","Bronze Scales","Odd Mushroom","Coffee Dripper","Omamori","Nloth\u0027s Gift","Potion Belt","Pandora\u0027s Box","Juzu Bracelet","Dead Branch","Dodecahedron","Dream Catcher","Membership Card","Happy Flower","Lantern"],"potions_floor_usage":[7,7,16,24,40,40,42,50,54,55,55,55,55],"damage_taken":[{"damage":0,"enemies":"2 Louse","floor":1,"turns":2},{"damage":0,"enemies":"Cultist","floor":2,"turns":3},{"damage":0,"enemies":"Small Slimes","floor":3,"turns":3},{"damage":11,"enemies":"Exordium Thugs","floor":4,"turns":4},{"damage":8,"enemies":"Looter","floor":5,"turns":4},{"damage":15,"enemies":"3 Sentries","floor":7,"turns":4},{"damage":0,"enemies":"Exordium Wildlife","floor":8,"turns":3},{"damage":2,"enemies":"Lagavulin","floor":10,"turns":7},{"damage":13,"enemies":"The Mushroom Lair","floor":12,"turns":4},{"damage":0,"enemies":"3 Louse","floor":14,"turns":3},{"damage":1,"enemies":"Hexaghost","floor":16,"turns":13},{"damage":6,"enemies":"2 Thieves","floor":18,"turns":4},{"damage":0,"enemies":"3 Byrds","floor":21,"turns":1},{"damage":17,"enemies":"Slavers","floor":24,"turns":4},{"damage":4,"enemies":"Shelled Parasite and Fungi","floor":25,"turns":7},{"damage":6,"enemies":"Snecko","floor":27,"turns":5},{"damage":15,"enemies":"Book of Stabbing","floor":28,"turns":7},{"damage":1,"enemies":"Snake Plant","floor":29,"turns":4},{"damage":12,"enemies":"Centurion and Healer","floor":31,"turns":2},{"damage":0,"enemies":"Champ","floor":33,"turns":11},{"damage":0,"enemies":"3 Shapes","floor":35,"turns":4},{"damage":15,"enemies":"3 Darklings","floor":37,"turns":4},{"damage":7,"enemies":"Sphere and 2 Shapes","floor":39,"turns":3},{"damage":36,"enemies":"Reptomancer","floor":40,"turns":6},{"damage":23,"enemies":"Giant Head","floor":42,"turns":11},{"damage":18,"enemies":"Writhing Mass","floor":44,"turns":5},{"damage":0,"enemies":"3 Darklings","floor":48,"turns":3},{"damage":18,"enemies":"Time Eater","floor":50,"turns":7},{"damage":0,"enemies":"Shield and Spear","floor":54,"turns":5},{"damage":29,"enemies":"The Heart","floor":55,"turns":8}],"seed_played":"7607685506270252020","potions_obtained":[{"floor":1,"key":"PowerPotion"},{"floor":2,"key":"FocusPotion"},{"floor":5,"key":"Explosive Potion"},{"floor":7,"key":"SpeedPotion"},{"floor":8,"key":"EssenceOfSteel"},{"floor":27,"key":"Swift Potion"},{"floor":28,"key":"Strength Potion"},{"floor":33,"key":"Regen Potion"},{"floor":37,"key":"SteroidPotion"},{"floor":44,"key":"Weak Potion"},{"floor":48,"key":"Weak Potion"},{"floor":54,"key":"SpeedPotion"}],"is_trial":false,"path_per_floor":["M","M","M","M","M","R","E","M","T","E","R","?","R","M","R","B",null,"M","$","?","M","?","R","E","M","T","M","E","M","R","M","R","B",null,"M","?","M","?","M","E","R","E","T","M","T","$","?","M","R","B",null,"R","$","E","B",null],"character_chosen":"DEFECT","items_purchased":["Leap","Omamori","Membership Card","Happy Flower","PowerPotion","Loop","Coolheaded","Buffer","Turbo","Stack","SpeedPotion"],"campfire_rested":0,"item_purchase_floors":[19,19,46,46,46,46,46,53,53,53,53],"current_hp_per_floor":[75,75,75,64,63,63,55,62,62,67,67,61,61,68,68,75,75,75,75,75,75,61,61,54,60,60,64,59,68,68,56,56,66,75,75,71,66,66,59,33,33,35,35,27,27,27,62,62,62,44,62,62,62,62,43],"gold":50,"neow_bonus":"REMOVE_TWO","is_prod":false,"is_daily":false,"chose_seed":false,"campfire_upgraded":9,"win_rate":0,"timestamp":1543851945,"path_taken":["M","M","M","M","M","R","E","M","T","E","R","?","R","M","R","BOSS","M","$","?","?","?","R","E","M","T","M","E","M","R","M","R","BOSS","M","?","M","?","?","E","R","E","T","M","?","$","?","M","R","BOSS","R","$","E","BOSS"],"build_version":"2018-11-15","purchased_purges":3,"victory":true,"max_hp_per_floor":[75,75,75,75,75,75,75,75,75,75,75,75,75,75,75,75,75,75,75,75,75,75,75,75,75,75,75,75,75,75,75,75,75,75,75,71,71,71,71,71,71,71,71,71,71,71,62,62,62,62,62,62,62,62,62],"card_choices":[{"not_picked":["Heatsinks","Barrage"],"picked":"Self Repair","floor":1},{"not_picked":["Hologram","Auto Shields"],"picked":"White Noise","floor":2},{"not_picked":["Redo","Rebound"],"picked":"Coolheaded","floor":3},{"not_picked":["Streamline","Turbo"],"picked":"Ball Lightning","floor":4},{"not_picked":["Barrage","Reprogram"],"picked":"Leap","floor":5},{"not_picked":["Gash","Coolheaded"],"picked":"Glacier","floor":7},{"not_picked":["Gash","Compile Driver","Reprogram"],"picked":"SKIP","floor":8},{"not_picked":["Recycle","Heatsinks","Streamline"],"picked":"SKIP","floor":10},{"not_picked":["Streamline","Sweeping Beam"],"picked":"Glacier","floor":12},{"not_picked":["Chill","Barrage"],"picked":"Cold Snap","floor":14},{"not_picked":["Meteor Strike","Reboot"],"picked":"Electrodynamics","floor":16},{"not_picked":["Redo+1","Turbo+1"],"picked":"Consume","floor":18},{"not_picked":["Redo","Self Repair"],"picked":"Sweeping Beam","floor":21},{"not_picked":["Hologram","Steam"],"picked":"Biased Cognition","floor":24},{"not_picked":["Hologram","Rebound"],"picked":"Fission","floor":25},{"not_picked":["Steam","Hologram"],"picked":"Auto Shields","floor":27},{"not_picked":["Beam Cell+1","Multi-Cast"],"picked":"Creative AI","floor":28},{"not_picked":["Streamline","Stack"],"picked":"Chill","floor":29},{"not_picked":["White Noise","Rebound","Multi-Cast"],"picked":"SKIP","floor":31},{"not_picked":["Hyperbeam","All For One"],"picked":"Rainbow","floor":33},{"not_picked":["Rebound","Sweeping Beam"],"picked":"Conserve Battery","floor":35},{"not_picked":["Beam Cell","Coolheaded+1"],"picked":"Storm+1","floor":37},{"not_picked":["Rip and Tear","Streamline"],"picked":"Melter+1","floor":39},{"not_picked":["Thunder Strike","Stack+1"],"picked":"Auto Shields+1","floor":40},{"not_picked":["Biased Cognition","Sweeping Beam+1"],"picked":"Machine Learning","floor":42},{"not_picked":["Rebound+1","Beam Cell+1"],"picked":"Hologram+1","floor":44},{"not_picked":["Recycle","Creative AI"],"picked":"Steam Power+1","floor":48},{"not_picked":["Static Discharge+1","Stack+1"],"picked":"Fission","floor":54}],"player_experience":3644105,"relics_obtained":[{"floor":7,"key":"Smiling Mask"},{"floor":9,"key":"Bronze Scales"},{"floor":10,"key":"Kunai"},{"floor":12,"key":"Odd Mushroom"},{"floor":28,"key":"Potion Belt"},{"floor":40,"key":"Juzu Bracelet"},{"floor":42,"key":"Dead Branch"},{"floor":43,"key":"Dodecahedron"},{"floor":45,"key":"Dream Catcher"},{"floor":54,"key":"Lantern"}],"event_choices":[{"damage_healed":0,"gold_gain":0,"player_choice":"Fought Mushrooms","damage_taken":0,"max_hp_gain":0,"max_hp_loss":0,"event_name":"Mushrooms","floor":12,"gold_loss":0},{"damage_healed":0,"gold_gain":0,"player_choice":"Traded Relic","damage_taken":0,"relics_obtained":["Nloth\u0027s Gift"],"max_hp_gain":0,"max_hp_loss":0,"event_name":"N\u0027loth","floor":20,"relics_lost":["Kunai"],"gold_loss":0},{"damage_healed":0,"gold_gain":90,"player_choice":"GOLD ","damage_taken":14,"max_hp_gain":0,"max_hp_loss":0,"event_name":"Knowing Skull","floor":22,"potions_obtained":[],"gold_loss":0,"cards_obtained":[]},{"damage_healed":0,"gold_gain":0,"player_choice":"Max HP","damage_taken":0,"max_hp_gain":0,"max_hp_loss":4,"event_name":"Winding Halls","floor":36,"gold_loss":0},{"damage_healed":0,"gold_gain":0,"player_choice":"Ignored","damage_taken":0,"max_hp_gain":0,"max_hp_loss":0,"event_name":"SecretPortal","floor":38,"gold_loss":0},{"damage_healed":62,"gold_gain":0,"player_choice":"Heal","damage_taken":0,"max_hp_gain":0,"max_hp_loss":9,"event_name":"The Moai Head","floor":47,"gold_loss":0}],"is_beta":true,"boss_relics":[{"not_picked":["Astrolabe","Black Star"],"picked":"Coffee Dripper"},{"not_picked":["White Beast Statue","Philosopher\u0027s Stone"],"picked":"Pandora\u0027s Box"}],"items_purged_floors":[19,46,53],"is_endless":false,"potions_floor_spawned":[1,2,5,7,8,27,28,33,37,44,48,54],"ascension_level":1}