{"gold_per_floor":[114,114,59,73,73,90,105,105,128,147,177,17,17,44,44,120,120,132,47,47,59,79,79],"floor_reached":23,"playtime":998,"items_purged":[],"score":602,"play_id":"d6b7b842-6b93-45e4-ad70-4f7f95e62b17","local_time":"20190127181401","is_ascension_mode":true,"campfire_choices":[{"data":"Coolheaded","floor":8,"key":"SMITH"},{"floor":13,"key":"REST"},{"data":"Beam Cell","floor":15,"key":"SMITH"}],"neow_cost":"TEN_PERCENT_HP_LOSS","seed_source_timestamp":0,"circlet_count":0,"master_deck":["AscendersBane","Strike_B","Strike_B","Strike_B","Strike_B","Defend_B","Defend_B","Defend_B","Defend_B","Zap","Dualcast","Bandage Up","Metamorphosis+1","Capacitor","Recycle+1","Coolheaded+1","Sweeping Beam","Beam Cell+1","Skim","Fission","Chill","BootSequence"],"special_seed":0,"relics":["Cracked Core","Centennial Puzzle","Omamori","Pen Nib","Mercury Hourglass","Black Star","Meat on the Bone"],"potions_floor_usage":[4,6,23,23],"damage_taken":[{"damage":3,"enemies":"2 Louse","floor":1,"turns":4},{"damage":7,"enemies":"Cultist","floor":4,"turns":5},{"damage":2,"enemies":"Jaw Worm","floor":6,"turns":3},{"damage":23,"enemies":"Exordium Wildlife","floor":7,"turns":4},{"damage":10,"enemies":"2 Fungi Beasts","floor":10,"turns":3},{"damage":9,"enemies":"Gremlin Nob","floor":11,"turns":3},{"damage":22,"enemies":"Lagavulin","floor":14,"turns":6},{"damage":21,"enemies":"Hexaghost","floor":16,"turns":5},{"damage":20,"enemies":"Shell Parasite","floor":18,"turns":3},{"damage":3,"enemies":"Chosen","floor":21,"turns":4},{"damage":16,"enemies":"Centurion and Healer","floor":22,"turns":4},{"damage":45,"enemies":"Slavers","floor":23,"turns":4}],"seed_played":"5087260965848807474","potions_obtained":[{"floor":1,"key":"SkillPotion"},{"floor":7,"key":"SpeedPotion"},{"floor":11,"key":"SmokeBomb"},{"floor":22,"key":"Poison Potion"}],"is_trial":false,"path_per_floor":["M","?","$","M","?","M","M","R","T","M","E","$","R","E","R","B",null,"M","?","$","M","M","E"],"character_chosen":"DEFECT","items_purchased":["Fire Potion","Pen Nib"],"campfire_rested":1,"item_purchase_floors":[3,12],"current_hp_per_floor":[61,61,61,57,57,59,40,40,40,34,29,29,48,30,30,13,51,35,35,35,36,32,0],"gold":79,"neow_bonus":"RANDOM_COLORLESS_2","is_prod":false,"is_daily":false,"chose_seed":false,"campfire_upgraded":2,"win_rate":0,"timestamp":1548630841,"path_taken":["M","?","?","?","?","M","M","R","T","M","E","$","R","E","R","BOSS","M","?","$","M","M","E"],"build_version":"2019-01-23","purchased_purges":0,"victory":false,"max_hp_per_floor":[64,64,64,64,64,64,64,64,64,64,64,64,64,64,64,64,64,64,64,64,64,64,64],"card_choices":[{"not_picked":["Conserve Battery","Leap"],"picked":"Capacitor","floor":1},{"not_picked":["Chaos","Storm"],"picked":"Recycle","floor":4},{"not_picked":["Beam Cell","Reinforced Body"],"picked":"Coolheaded","floor":6},{"not_picked":["Steam","Beam Cell"],"picked":"Sweeping Beam","floor":7},{"not_picked":["Aggregate","Double Energy","Rebound"],"picked":"SKIP","floor":10},{"not_picked":["Gash","Storm"],"picked":"Beam Cell","floor":11},{"not_picked":["Hello World","Blizzard"],"picked":"Skim","floor":14},{"not_picked":["Multi-Cast","Hyperbeam"],"picked":"Fission","floor":16},{"not_picked":["Go for the Eyes","White Noise"],"picked":"Chill","floor":18},{"not_picked":["Heatsinks","Stack","Chaos"],"picked":"SKIP","floor":21},{"not_picked":["Rebound","Coolheaded"],"picked":"BootSequence","floor":22}],"player_experience":824114,"relics_obtained":[{"floor":9,"key":"Centennial Puzzle"},{"floor":11,"key":"Omamori"},{"floor":14,"key":"Mercury Hourglass"}],"event_choices":[{"damage_healed":0,"gold_gain":0,"player_choice":"Upgraded","damage_taken":0,"max_hp_gain":0,"max_hp_loss":0,"event_name":"Upgrade Shrine","floor":2,"gold_loss":0,"cards_upgraded":["Metamorphosis"]},{"damage_healed":0,"gold_gain":0,"player_choice":"Grow","damage_taken":0,"max_hp_gain":0,"max_hp_loss":0,"event_name":"Living Wall","floor":5,"gold_loss":0,"cards_upgraded":["Recycle"]},{"damage_healed":0,"gold_gain":0,"player_choice":"Obtained Relic","damage_taken":0,"relics_obtained":["Meat on the Bone"],"max_hp_gain":0,"max_hp_loss":0,"event_name":"Addict","floor":19,"gold_loss":85}],"is_beta":false,"boss_relics":[{"not_picked":["Sozu","Runic Pyramid"],"picked":"Black Star"}],"items_purged_floors":[],"is_endless":false,"potions_floor_spawned":[1,7,11,16,22],"killed_by":"Slavers","ascension_level":20}