{"gold_per_floor":[114,129,143,199,24,57,57,92,119,15,25,50,50,67,67,140,140,158,158,158,433,111,111,136,146,146,146,49,64,64,64,64,64],"floor_reached":33,"playtime":929,"items_purged":["Strike_B","Strike_B","Regret"],"score":542,"play_id":"0fd3e642-ab1e-4ab6-9d55-b25226cd4c69","local_time":"20190210035701","is_ascension_mode":true,"campfire_choices":[{"data":"Hyperbeam","floor":7.0,"key":"SMITH"},{"floor":13.0,"key":"REST"},{"data":"Steam","floor":15.0,"key":"SMITH"},{"data":"Rainbow","floor":23.0,"key":"SMITH"},{"floor":27,"key":"REST"},{"floor":32,"key":"REST"}],"neow_cost":"NONE","seed_source_timestamp":1155203713546300,"circlet_count":0,"master_deck":["AscendersBane","Strike_B","Strike_B","Defend_B","Defend_B","Defend_B","Defend_B","Zap","Dualcast","Hyperbeam+1","Ball Lightning","FTL","Gash","Swift Strike","Skim","Steam+1","Conserve Battery","Stack","Stack","Rainbow+1","Writhe","Gash","Trip+1"],"special_seed":0,"relics":["Cracked Core","Tiny Chest","Mango","StoneCalendar","Smiling Mask","Odd Mushroom","Busted Crown","Singing Bowl","Toxic Egg 2","Bag of Marbles","Symbiotic Virus","Vajra"],"potions_floor_usage":[33,33],"damage_taken":[{"damage":0.0,"enemies":"Cultist","floor":1.0,"turns":2.0},{"damage":7.0,"enemies":"Jaw Worm","floor":2.0,"turns":2.0},{"damage":0.0,"enemies":"Small Slimes","floor":3.0,"turns":3.0},{"damage":25.0,"enemies":"Lagavulin","floor":6.0,"turns":7.0},{"damage":31.0,"enemies":"Gremlin Nob","floor":8.0,"turns":4.0},{"damage":1.0,"enemies":"Looter","floor":11.0,"turns":3.0},{"damage":7.0,"enemies":"The Mushroom Lair","floor":12.0,"turns":3.0},{"damage":1.0,"enemies":"2 Fungi Beasts","floor":14.0,"turns":3.0},{"damage":35.0,"enemies":"The Guardian","floor":16.0,"turns":10.0},{"damage":6.0,"enemies":"3 Byrds","floor":18.0,"turns":4.0},{"damage":59,"enemies":"Book of Stabbing","floor":24,"turns":7},{"damage":4,"enemies":"2 Thieves","floor":25,"turns":2},{"damage":16,"enemies":"Snake Plant","floor":29,"turns":4},{"damage":78,"enemies":"Champ","floor":33,"turns":9}],"seed_played":"-5763267386684789626","potions_obtained":[{"floor":3.0,"key":"SteroidPotion"},{"floor":6.0,"key":"AttackPotion"},{"floor":8.0,"key":"PowerPotion"},{"floor":11.0,"key":"Regen Potion"},{"floor":14.0,"key":"Ancient Potion"},{"floor":24,"key":"Fire Potion"},{"floor":25,"key":"Fire Potion"}],"is_trial":false,"path_per_floor":["M","M","M","T","$","E","R","E","T","$","M","?","R","M","R","B",null,"M","?","?","?","$","R","E","M","T","R","$","M","?","T","R","B"],"character_chosen":"DEFECT","items_purchased":["Swift Strike","Conserve Battery","Toxic Egg 2","Trip+1"],"campfire_rested":3,"item_purchase_floors":[5,10,22,28],"current_hp_per_floor":[64,57,57,57,57,46,46,15,15,15,14,7,32,31,31,11,67,61,78,78,78,78,78,19,17,17,43,43,29,29,29,55,0],"gold":64,"neow_bonus":"ONE_RANDOM_RARE_CARD","is_prod":false,"is_daily":false,"chose_seed":false,"campfire_upgraded":3,"win_rate":0,"timestamp":1549738621,"path_taken":["M","M","?","?","?","E","R","E","T","?","M","?","R","M","R","BOSS","M","?","?","?","$","R","E","?","T","R","?","M","?","?","R","BOSS"],"build_version":"2019-01-23","purchased_purges":3,"victory":false,"max_hp_per_floor":[71,71,71,71,71,85,85,85,85,85,85,85,85,85,85,85,85,85,85,85,85,85,85,85,87,87,87,87,89,89,89,89,89],"card_choices":[{"not_picked":["Sweeping Beam","Auto Shields"],"picked":"Ball Lightning","floor":1.0},{"not_picked":["Blizzard","Leap"],"picked":"FTL","floor":2.0},{"not_picked":["Heatsinks","Glacier"],"picked":"Gash","floor":3.0},{"not_picked":["Chill","Leap"],"picked":"Skim","floor":6.0},{"not_picked":["Storm","Multi-Cast"],"picked":"Steam","floor":8.0},{"not_picked":["Go for the Eyes","Leap"],"picked":"Stack","floor":11.0},{"not_picked":["Tempest","Melter"],"picked":"Stack","floor":14.0},{"not_picked":["Thunder Strike","Reboot"],"picked":"Rainbow","floor":16.0},{"not_picked":["Darkness"],"picked":"SKIP","floor":18.0},{"not_picked":[],"picked":"Gash","floor":24},{"not_picked":["Turbo+1"],"picked":"Singing Bowl","floor":25},{"not_picked":["Aggregate+1"],"picked":"Singing Bowl","floor":29}],"player_experience":1112368,"relics_obtained":[{"floor":4.0,"key":"Tiny Chest"},{"floor":6.0,"key":"Mango"},{"floor":8.0,"key":"StoneCalendar"},{"floor":9.0,"key":"Smiling Mask"},{"floor":12.0,"key":"Odd Mushroom"},{"floor":24,"key":"Bag of Marbles"},{"floor":26,"key":"Symbiotic Virus"},{"floor":31,"key":"Vajra"}],"event_choices":[{"damage_healed":0.0,"max_hp_gain":0.0,"max_hp_loss":0.0,"gold_gain":0.0,"event_name":"Mushrooms","player_choice":"Fought Mushrooms","floor":12.0,"gold_loss":0.0,"damage_taken":0.0},{"damage_healed":17.0,"max_hp_gain":0.0,"max_hp_loss":0.0,"gold_gain":0.0,"event_name":"The Library","player_choice":"Heal","floor":19.0,"gold_loss":0.0,"damage_taken":0.0},{"damage_healed":0.0,"max_hp_gain":0.0,"max_hp_loss":0.0,"gold_gain":0.0,"event_name":"The Mausoleum","player_choice":"Opened","floor":20.0,"gold_loss":0.0,"damage_taken":0.0,"relics_obtained":["Singing Bowl"],"cards_obtained":["Writhe"]},{"damage_healed":0.0,"max_hp_gain":0.0,"max_hp_loss":0.0,"gold_gain":275.0,"event_name":"Golden Shrine","player_choice":"Desecrate","floor":21.0,"gold_loss":0.0,"damage_taken":0.0,"cards_obtained":["Regret"]},{"damage_healed":0,"gold_gain":0,"player_choice":"Ignored","damage_taken":0,"max_hp_gain":0,"max_hp_loss":0,"event_name":"Ghosts","floor":30,"gold_loss":0}],"is_beta":false,"boss_relics":[{"not_picked":["Velvet Choker","Lizard Tail"],"picked":"Busted Crown"}],"items_purged_floors":[5,10,22],"is_endless":false,"potions_floor_spawned":[3,6,8,11,14,24,25],"killed_by":"Champ","ascension_level":20}