{"gold_per_floor":[118,118,135,3,17,51,16,27,27,41,41,70,41,71,71,150,150,162,112,126,142,158,158,493,508,508,522,534,562,577,597,597,671,671,689,232,252,252,252,252,267,302,328,338,4,22,22,0,0,0,0],"floor_reached":52,"playtime":3071,"items_purged":["Strike_B"],"score":1996,"play_id":"282b071f-7193-4399-8250-3e588729e335","local_time":"20190124174802","is_ascension_mode":true,"campfire_choices":[{"data":"Sunder","floor":11.0,"key":"SMITH"},{"data":"Go for the Eyes","floor":15.0,"key":"SMITH"},{"data":"Streamline","floor":23.0,"key":"SMITH"},{"floor":32,"key":"REST"},{"data":"Seek","floor":40,"key":"SMITH"},{"data":"1","floor":47,"key":"LIFT"},{"data":"2","floor":49,"key":"LIFT"}],"neow_cost":"NONE","seed_source_timestamp":0,"circlet_count":0,"master_deck":["AscendersBane","Strike_B+1","Defend_B","Defend_B","Defend_B","Defend_B","Zap+1","Dualcast","Reinforced Body","Sunder+1","Go for the Eyes+1","Machine Learning","Cold Snap","Ball Lightning","All For One","Beam Cell","Compile Driver","Echo Form","Cold Snap","Steam+1","Streamline+1","Go for the Eyes+1","Consume+1","Gash+1","Ball Lightning","Beam Cell","Sweeping Beam","Hologram","Gash+1","Undo","Seek+1","Panache","Flash of Steel","Steam","Beam Cell","Beam Cell","Reinforced Body+1","All For One"],"special_seed":0,"relics":["Cracked Core","Dream Catcher","Vajra","Kunai","FossilizedHelix","Meat on the Bone","Runic Dome","Old Coin","Singing Bowl","Bag of Marbles","Empty Cage","Toxic Egg 2","PreservedInsect","Girya","Red Mask"],"potions_floor_usage":[33,33,44,50,50],"damage_taken":[{"damage":2.0,"enemies":"Jaw Worm","floor":1.0,"turns":4.0},{"damage":0.0,"enemies":"Small Slimes","floor":3.0,"turns":3.0},{"damage":0.0,"enemies":"2 Louse","floor":5.0,"turns":2.0},{"damage":30.0,"enemies":"Gremlin Nob","floor":6.0,"turns":4.0},{"damage":0.0,"enemies":"Lots of Slimes","floor":8.0,"turns":2.0},{"damage":8.0,"enemies":"Gremlin Gang","floor":10.0,"turns":5.0},{"damage":13.0,"enemies":"3 Sentries","floor":12.0,"turns":7.0},{"damage":0.0,"enemies":"Lagavulin","floor":14.0,"turns":6.0},{"damage":11.0,"enemies":"The Guardian","floor":16.0,"turns":12.0},{"damage":16.0,"enemies":"2 Thieves","floor":18.0,"turns":3.0},{"damage":14.0,"enemies":"3 Byrds","floor":20.0,"turns":4.0},{"damage":25.0,"enemies":"Cultist and Chosen","floor":21.0,"turns":5.0},{"damage":0.0,"enemies":"Snake Plant","floor":22.0,"turns":5.0},{"damage":41.0,"enemies":"Gremlin Leader","floor":24.0,"turns":6.0},{"damage":14.0,"enemies":"Shelled Parasite and Fungi","floor":25.0,"turns":5.0},{"damage":0.0,"enemies":"Cultist and Chosen","floor":27.0,"turns":4.0},{"damage":6.0,"enemies":"Chosen and Byrds","floor":28.0,"turns":4.0},{"damage":31.0,"enemies":"Book of Stabbing","floor":29.0,"turns":4.0},{"damage":0,"enemies":"Snecko","floor":30,"turns":4},{"damage":24,"enemies":"Shelled Parasite and Fungi","floor":31,"turns":5},{"damage":11,"enemies":"Automaton","floor":33,"turns":8},{"damage":13,"enemies":"3 Shapes","floor":35,"turns":4},{"damage":0,"enemies":"Orb Walker","floor":37,"turns":2},{"damage":0,"enemies":"4 Shapes","floor":41,"turns":3},{"damage":0,"enemies":"Giant Head","floor":42,"turns":5},{"damage":12,"enemies":"Jaw Worm Horde","floor":44,"turns":3},{"damage":0,"enemies":"Transient","floor":46,"turns":6},{"damage":36,"enemies":"Time Eater","floor":50,"turns":9},{"damage":28,"enemies":"Awakened One","floor":51,"turns":12}],"seed_played":"603579006109230533","potions_obtained":[{"floor":1.0,"key":"GamblersBrew"},{"floor":3.0,"key":"Fruit Juice"},{"floor":6.0,"key":"FearPotion"},{"floor":16.0,"key":"Fire Potion"},{"floor":20.0,"key":"AttackPotion"},{"floor":22.0,"key":"LiquidBronze"},{"floor":25.0,"key":"FearPotion"},{"floor":30,"key":"Swift Potion"},{"floor":31,"key":"AttackPotion"},{"floor":42,"key":"Block Potion"},{"floor":44,"key":"SpeedPotion"},{"floor":46,"key":"PowerPotion"}],"is_trial":false,"path_per_floor":["M","?","M","$","M","E","?","M","T","M","R","E","$","E","R","B",null,"M","?","M","M","M","R","E","M","T","M","M","E","M","M","R","B",null,"M","$","M","?","?","R","M","E","T","M","$","M","R","?","R","B","B",null],"character_chosen":"DEFECT","items_purchased":["Sunder","Explosive Potion","Beam Cell","Panache","Flash of Steel","Steam","Beam Cell","Girya"],"campfire_rested":1,"item_purchase_floors":[4,4,13,36,36,36,36,45],"current_hp_per_floor":[62,41,41,46,46,23,42,42,42,41,41,28,28,35,35,43,68,59,59,52,39,53,53,31,36,36,48,49,37,49,37,59,55,71,60,60,60,60,74,74,76,78,78,66,66,66,66,66,66,42,26],"gold":0,"neow_bonus":"RANDOM_COMMON_RELIC","is_prod":false,"is_daily":false,"chose_seed":false,"campfire_upgraded":4,"win_rate":0,"timestamp":1548370082,"path_taken":["M","?","M","$","M","E","?","M","T","M","R","E","$","E","R","BOSS","M","?","?","?","M","R","E","M","T","M","M","E","M","M","R","BOSS","M","$","M","?","?","R","?","E","T","M","$","M","R","?","R","BOSS","BOSS"],"build_version":"2019-01-23","purchased_purges":1,"victory":true,"max_hp_per_floor":[71,71,71,76,76,76,76,76,76,76,76,76,76,76,76,76,76,76,76,76,76,76,76,76,76,76,76,76,76,76,76,76,76,76,78,78,78,74,74,74,76,78,78,78,78,78,78,78,78,78,78],"card_choices":[{"not_picked":["Darkness","Hologram"],"picked":"Reinforced Body","floor":1.0},{"not_picked":["Hello World","Scrape"],"picked":"Self Repair","floor":3.0},{"not_picked":["Steam","Turbo"],"picked":"Go for the Eyes","floor":5.0},{"not_picked":["Skim","Coolheaded"],"picked":"Machine Learning","floor":6.0},{"not_picked":["Self Repair","Ball Lightning"],"picked":"Cold Snap","floor":8.0},{"not_picked":["Barrage","Static Discharge"],"picked":"Ball Lightning","floor":10.0},{"not_picked":["Steam","Turbo"],"picked":"All For One","floor":12.0},{"not_picked":["Skim","Coolheaded"],"picked":"Compile Driver","floor":14.0},{"not_picked":["Core Surge","Machine Learning"],"picked":"Echo Form","floor":16.0},{"not_picked":["Rip and Tear","Turbo"],"picked":"Cold Snap","floor":18.0},{"not_picked":["Steam Power","Amplify"],"picked":"Steam+1","floor":20.0},{"not_picked":["Compile Driver","Steam Power"],"picked":"Streamline","floor":21.0},{"not_picked":["Streamline","Darkness"],"picked":"Go for the Eyes+1","floor":22.0},{"not_picked":["Coolheaded","Auto Shields+1"],"picked":"Consume+1","floor":24.0},{"not_picked":["Hello World","Redo"],"picked":"Gash+1","floor":25.0},{"not_picked":["Aggregate","Hyperbeam"],"picked":"Ball Lightning","floor":27.0},{"not_picked":["Darkness","Turbo"],"picked":"Beam Cell","floor":28.0},{"not_picked":["Redo","Auto Shields"],"picked":"Sweeping Beam","floor":29.0},{"not_picked":["Storm+1","Cold Snap"],"picked":"Hologram","floor":30},{"not_picked":["Storm","Ball Lightning"],"picked":"Gash+1","floor":31},{"not_picked":["Streamline","Hello World+1"],"picked":"Undo","floor":32},{"not_picked":["Creative AI","Hyperbeam"],"picked":"Seek","floor":33},{"not_picked":["Scrape","Genetic Algorithm","Auto Shields"],"picked":"Singing Bowl","floor":35},{"not_picked":["Compile Driver","Redo"],"picked":"Beam Cell","floor":37},{"not_picked":["Sweeping Beam","Go for the Eyes","Barrage"],"picked":"Singing Bowl","floor":41},{"not_picked":["Electrodynamics","Gash","Compile Driver"],"picked":"Singing Bowl","floor":42},{"not_picked":["Compile Driver","Gash"],"picked":"Reinforced Body+1","floor":44},{"not_picked":["Barrage+1","Consume+1"],"picked":"All For One","floor":46}],"player_experience":808545,"relics_obtained":[{"floor":6.0,"key":"Vajra"},{"floor":9.0,"key":"Kunai"},{"floor":12.0,"key":"FossilizedHelix"},{"floor":14.0,"key":"Meat on the Bone"},{"floor":24.0,"key":"Old Coin"},{"floor":26.0,"key":"Singing Bowl"},{"floor":29.0,"key":"Bag of Marbles"},{"floor":42,"key":"Toxic Egg 2"},{"floor":43,"key":"PreservedInsect"}],"event_choices":[{"damage_healed":0.0,"max_hp_gain":0.0,"max_hp_loss":0.0,"gold_gain":0.0,"event_name":"Shining Light","player_choice":"Entered Light","floor":2.0,"gold_loss":0.0,"damage_taken":21.0,"cards_upgraded":["Zap","Strike_B"]},{"damage_healed":19.0,"max_hp_gain":0.0,"max_hp_loss":0.0,"gold_gain":0.0,"event_name":"The Cleric","player_choice":"Healed","floor":7.0,"gold_loss":35.0,"damage_taken":0.0},{"damage_healed":0.0,"max_hp_gain":0.0,"max_hp_loss":0.0,"gold_gain":0.0,"event_name":"The Joust","player_choice":"Bet on Murderer","floor":19.0,"gold_loss":50.0,"damage_taken":0.0},{"damage_healed":0,"gold_gain":0,"player_choice":"Max HP","damage_taken":0,"max_hp_gain":0,"max_hp_loss":4,"event_name":"Winding Halls","floor":38,"gold_loss":0},{"cards_removed":["Self Repair"],"damage_healed":14,"gold_gain":0,"player_choice":"Offered Uncommon","damage_taken":0,"max_hp_gain":0,"max_hp_loss":0,"event_name":"Bonfire Elementals","floor":39,"gold_loss":0},{"damage_healed":0,"gold_gain":0,"player_choice":"Paid","damage_taken":0,"relics_obtained":["Red Mask"],"max_hp_gain":0,"max_hp_loss":0,"event_name":"Tomb of Lord Red Mask","floor":48,"gold_loss":22}],"is_beta":true,"boss_relics":[{"not_picked":["Black Star","Calling Bell"],"picked":"Runic Dome"},{"not_picked":["Astrolabe","Runic Pyramid"],"picked":"Empty Cage"}],"items_purged_floors":[36],"is_endless":false,"potions_floor_spawned":[1,3,6,16,20,22,25,30,31,42,44,46],"ascension_level":20}