{"gold_per_floor":[113,124,138,156,156,156,186,186,186,218,218,250,262,278,278,355,355,372,386,386,386],"floor_reached":21,"playtime":856,"items_purged":[],"score":441,"play_id":"7adbfa3a-a0fe-4407-9bc9-7be4a12bfdd4","local_time":"20190102161444","is_ascension_mode":true,"campfire_choices":[{"data":"White Noise","floor":6.0,"key":"SMITH"},{"data":"Zap","floor":8.0,"key":"SMITH"},{"data":"Conserve Battery","floor":11.0,"key":"SMITH"},{"floor":15.0,"key":"REST"}],"neow_cost":"NONE","seed_source_timestamp":0,"circlet_count":0,"master_deck":["AscendersBane","Strike_B","Strike_B","Strike_B","Strike_B","Defend_B","Defend_B","Defend_B","Defend_B","Zap+1","Dualcast","Ball Lightning","White Noise+1","Fusion","Ball Lightning","Thunder Strike","Conserve Battery+1","White Noise","Streamline","Loop","Creative AI","Double Energy","Redo"],"special_seed":0,"relics":["Cracked Core","Kunai","Question Card","Mummified Hand","WingedGreaves","Busted Crown","MutagenicStrength"],"potions_floor_usage":[16,16,21],"damage_taken":[{"damage":1.0,"enemies":"Cultist","floor":1.0,"turns":3.0},{"damage":5.0,"enemies":"Small Slimes","floor":2.0,"turns":3.0},{"damage":7.0,"enemies":"Jaw Worm","floor":3.0,"turns":3.0},{"damage":12.0,"enemies":"3 Louse","floor":4.0,"turns":2.0},{"damage":10.0,"enemies":"3 Sentries","floor":7.0,"turns":5.0},{"damage":0.0,"enemies":"Gremlin Nob","floor":10.0,"turns":2.0},{"damage":20.0,"enemies":"Lagavulin","floor":12.0,"turns":6.0},{"damage":4.0,"enemies":"2 Fungi Beasts","floor":13.0,"turns":3.0},{"damage":11.0,"enemies":"Exordium Thugs","floor":14.0,"turns":3.0},{"damage":23,"enemies":"The Guardian","floor":16,"turns":7},{"damage":32,"enemies":"Chosen","floor":18,"turns":4},{"damage":21,"enemies":"Shell Parasite","floor":19,"turns":2},{"damage":16,"enemies":"Masked Bandits","floor":21,"turns":2}],"seed_played":"-8854079077677286924","potions_obtained":[{"floor":3.0,"key":"Fire Potion"},{"floor":13.0,"key":"Poison Potion"},{"floor":14.0,"key":"Poison Potion"},{"floor":16,"key":"Explosive Potion"}],"is_trial":false,"path_per_floor":["M","M","M","M","?","R","E","R","T","E","R","E","M","M","R","B",null,"M","M","?","?"],"character_chosen":"DEFECT","items_purchased":[],"campfire_rested":1,"item_purchase_floors":[],"current_hp_per_floor":[70,65,58,46,51,51,41,41,41,41,41,21,17,6,30,7,64,32,11,11,0],"gold":386,"neow_bonus":"TEN_PERCENT_HP_BONUS","is_prod":false,"is_daily":false,"chose_seed":false,"campfire_upgraded":3,"win_rate":0,"timestamp":1546413284,"path_taken":["M","M","M","?","?","R","E","R","T","E","R","E","M","M","R","BOSS","M","M","?","?"],"build_version":"2018-12-20","purchased_purges":0,"victory":false,"max_hp_per_floor":[78,78,78,78,83,83,83,83,83,83,83,83,83,83,83,83,83,83,83,83,83],"card_choices":[{"not_picked":["Coolheaded","Skim"],"picked":"Ball Lightning","floor":1.0},{"not_picked":["Steam Power","Chill"],"picked":"White Noise","floor":2.0},{"not_picked":["Coolheaded","Recycle"],"picked":"Fusion","floor":3.0},{"not_picked":["Chill","Beam Cell"],"picked":"Ball Lightning","floor":4.0},{"not_picked":["Stack","Steam"],"picked":"Thunder Strike","floor":7.0},{"not_picked":["Force Field","Redo","Lockon"],"picked":"Conserve Battery","floor":10.0},{"not_picked":["Auto Shields","Beam Cell","Coolheaded"],"picked":"White Noise","floor":12.0},{"not_picked":["Leap","Turbo","Compile Driver"],"picked":"Streamline","floor":13.0},{"not_picked":["Beam Cell","Turbo","Force Field"],"picked":"Loop","floor":14.0},{"not_picked":["Fission","Amplify","Hyperbeam"],"picked":"Creative AI","floor":16},{"not_picked":["Redo"],"picked":"Double Energy","floor":18},{"not_picked":["Gash"],"picked":"Redo","floor":19}],"player_experience":997027,"relics_obtained":[{"floor":7.0,"key":"Kunai"},{"floor":9.0,"key":"Question Card"},{"floor":10.0,"key":"Mummified Hand"},{"floor":12.0,"key":"WingedGreaves"}],"event_choices":[{"damage_healed":0.0,"max_hp_gain":5.0,"max_hp_loss":0.0,"gold_gain":0.0,"event_name":"Big Fish","player_choice":"Donut","floor":5.0,"gold_loss":0.0,"damage_taken":0.0},{"damage_healed":0,"gold_gain":0,"player_choice":"Inject Mutagens","damage_taken":0,"relics_obtained":["MutagenicStrength"],"max_hp_gain":0,"max_hp_loss":0,"event_name":"Drug Dealer","floor":20,"gold_loss":0},{"damage_healed":0,"gold_gain":0,"player_choice":"Fought Bandits","damage_taken":0,"max_hp_gain":0,"max_hp_loss":0,"event_name":"Masked Bandits","floor":21,"gold_loss":0}],"is_beta":false,"boss_relics":[{"not_picked":["Astrolabe","Philosopher\u0027s Stone"],"picked":"Busted Crown"}],"items_purged_floors":[],"is_endless":false,"potions_floor_spawned":[3,13,14,16],"killed_by":"Masked Bandits","ascension_level":19}