{"gold_per_floor":[116,116,116,129,6,6,45,45,72,147,172,172,215,233,233,359,359,377,393,31,51,71,104,104,104,104,145,182,218,230,255,267,279],"floor_reached":33,"playtime":3277,"items_purged":["Strike_R"],"score":312,"play_id":"47ef0b0f-5135-4109-a87c-cb1609e0e115","local_time":"20190212165125","is_ascension_mode":true,"campfire_choices":[{"data":"Armaments","floor":6.0,"key":"SMITH"},{"data":"True Grit","floor":8.0,"key":"SMITH"},{"data":"Dark Embrace","floor":12.0,"key":"SMITH"},{"data":"Intimidate","floor":15.0,"key":"SMITH"},{"data":"Chrysalis","floor":24.0,"key":"SMITH"},{"data":"Fiend Fire","floor":30,"key":"SMITH"},{"floor":32,"key":"REST"}],"neow_cost":"NONE","seed_source_timestamp":0,"circlet_count":0,"master_deck":["Strike_R","Strike_R","Strike_R","Strike_R","Defend_R+1","Defend_R","Defend_R","Defend_R+1","Bash","Dark Embrace+1","Armaments+1","Carnage","Havoc","True Grit+1","Ghostly Armor","Intimidate+1","Fiend Fire+1","Havoc+1","Chrysalis+1","Backstab","Dramatic Entrance","Die Die Die","PiercingWail+1"],"special_seed":0,"relics":["Burning Blood","Golden Idol","Vajra","Ancient Tea Set","Mercury Hourglass","Black Star","PrismaticShard","War Paint","Regal Pillow","Mummified Hand","Art of War","MawBank"],"potions_floor_usage":[33],"damage_taken":[{"damage":12.0,"enemies":"Jaw Worm","floor":1.0,"turns":4.0},{"damage":4.0,"enemies":"2 Louse","floor":4.0,"turns":3.0},{"damage":28.0,"enemies":"Gremlin Nob","floor":7.0,"turns":4.0},{"damage":0.0,"enemies":"Small Slimes","floor":11.0,"turns":3.0},{"damage":33.0,"enemies":"3 Sentries","floor":13.0,"turns":9.0},{"damage":0.0,"enemies":"Exordium Wildlife","floor":14.0,"turns":3.0},{"damage":50.0,"enemies":"The Guardian","floor":16.0,"turns":12.0},{"damage":16.0,"enemies":"2 Thieves","floor":18.0,"turns":5.0},{"damage":0.0,"enemies":"Spheric Guardian","floor":19.0,"turns":3.0},{"damage":10.0,"enemies":"Centurion and Healer","floor":21.0,"turns":8.0},{"damage":15.0,"enemies":"Snecko","floor":22.0,"turns":5.0},{"damage":32.0,"enemies":"Book of Stabbing","floor":23.0,"turns":6.0},{"damage":23,"enemies":"Gremlin Leader","floor":27,"turns":7},{"damage":23,"enemies":"Shelled Parasite and Fungi","floor":28,"turns":6},{"damage":8,"enemies":"Snake Plant","floor":29,"turns":6},{"damage":13,"enemies":"Centurion and Healer","floor":31,"turns":5},{"damage":58,"enemies":"Collector","floor":33,"turns":8}],"seed_played":"-1307775123891440735","potions_obtained":[{"floor":1.0,"key":"AttackPotion"},{"floor":11.0,"key":"Regen Potion"},{"floor":13.0,"key":"Strength Potion"},{"floor":14.0,"key":"BloodPotion"},{"floor":16.0,"key":"Swift Potion"},{"floor":18.0,"key":"SteroidPotion"},{"floor":21.0,"key":"Block Potion"},{"floor":28,"key":"Explosive Potion"}],"is_trial":false,"path_per_floor":["M","?","?","M","$","R","E","R","T","?","M","R","E","M","R","B",null,"M","M","$","M","M","E","R","?","T","E","M","M","R","M","R","B"],"character_chosen":"IRONCLAD","items_purchased":["Havoc","Chrysalis","PrismaticShard"],"campfire_rested":1,"item_purchase_floors":[5,20,20],"current_hp_per_floor":[74,79,79,79,79,79,57,57,57,46,52,52,25,31,31,9,79,69,75,75,71,62,36,36,62,62,45,28,26,26,19,57,0],"gold":279,"neow_bonus":"ONE_RANDOM_RARE_CARD","is_prod":false,"is_daily":false,"chose_seed":false,"campfire_upgraded":6,"win_rate":0,"timestamp":1550011885,"path_taken":["M","?","?","M","?","R","E","R","T","?","M","R","E","?","R","BOSS","M","M","$","M","M","E","R","?","T","E","M","M","R","M","R","BOSS"],"build_version":"2019-01-23","purchased_purges":1,"victory":false,"max_hp_per_floor":[80,85,79,79,79,79,79,79,79,79,79,79,79,79,79,79,79,79,79,79,79,79,79,79,79,79,79,79,79,79,79,79,79],"card_choices":[{"not_picked":["Blood for Blood","Metallicize"],"picked":"Armaments","floor":1.0},{"not_picked":["Dropkick","Heavy Blade"],"picked":"Carnage","floor":4.0},{"not_picked":["Thunderclap","Impervious"],"picked":"True Grit","floor":7.0},{"not_picked":["Cleave","Wild Strike","Thunderclap"],"picked":"SKIP","floor":11.0},{"not_picked":["Thunderclap","Flex"],"picked":"Ghostly Armor","floor":13.0},{"not_picked":["Cleave","Battle Trance"],"picked":"Intimidate","floor":14.0},{"not_picked":["Limit Break","Offering"],"picked":"Fiend Fire","floor":16.0},{"not_picked":["Dual Wield","Anger+1","Body Slam"],"picked":"SKIP","floor":18.0},{"not_picked":["Cleave+1","True Grit"],"picked":"Havoc+1","floor":19.0},{"not_picked":["Poisoned Stab","All Out Attack"],"picked":"Backstab","floor":21.0},{"not_picked":["Turbo","Sever Soul"],"picked":"Dramatic Entrance","floor":22.0},{"not_picked":["Deflect","Shrug It Off+1"],"picked":"Die Die Die","floor":23.0},{"not_picked":["Flex","Streamline","Clothesline"],"picked":"SKIP","floor":27},{"not_picked":["Compile Driver","Sucker Punch","Iron Wave+1"],"picked":"SKIP","floor":28},{"not_picked":["Chaos","Dual Wield","Predator+1"],"picked":"SKIP","floor":29},{"not_picked":["Defragment","Dagger Spray"],"picked":"PiercingWail+1","floor":31}],"player_experience":314428,"relics_obtained":[{"floor":7.0,"key":"Vajra"},{"floor":9.0,"key":"Ancient Tea Set"},{"floor":13.0,"key":"Mercury Hourglass"},{"floor":23.0,"key":"War Paint"},{"floor":23.0,"key":"Regal Pillow"},{"floor":26.0,"key":"Mummified Hand"},{"floor":27,"key":"Art of War"},{"floor":27,"key":"MawBank"}],"event_choices":[{"damage_healed":0.0,"max_hp_gain":5.0,"max_hp_loss":0.0,"gold_gain":0.0,"event_name":"Big Fish","player_choice":"Donut","floor":2.0,"gold_loss":0.0,"damage_taken":0.0},{"damage_healed":0.0,"max_hp_gain":0.0,"max_hp_loss":6.0,"gold_gain":0.0,"event_name":"Golden Idol","player_choice":"Lose Max HP","floor":3.0,"gold_loss":0.0,"damage_taken":0.0,"relics_obtained":["Golden Idol"]},{"damage_healed":0.0,"max_hp_gain":0.0,"max_hp_loss":0.0,"gold_gain":75.0,"event_name":"World of Goop","player_choice":"Gather Gold","floor":10.0,"gold_loss":0.0,"damage_taken":11.0},{"damage_healed":26.0,"max_hp_gain":0.0,"max_hp_loss":0.0,"gold_gain":0.0,"event_name":"The Library","player_choice":"Heal","floor":25.0,"gold_loss":0.0,"damage_taken":0.0}],"is_beta":false,"boss_relics":[{"not_picked":["Black Blood","Fusion Hammer"],"picked":"Black Star"}],"items_purged_floors":[5],"is_endless":false,"potions_floor_spawned":[1,11,13,14,16,18,21,28],"killed_by":"Collector","ascension_level":1}