{"gold_per_floor":[109,109,89,101,112,112,144,158,208,226,253,253,263,292,292,389,389,404,494,511,124,124,124,136,168,193,193,209,234,247,263,263,361,361,376,114,114,132,178,178,178,178,202,229,32,32],"floor_reached":46,"playtime":2281,"items_purged":["Strike_B","Strike_B"],"score":642,"play_id":"90bb99aa-a9ef-4a83-89bd-f84f5d08c1b5","local_time":"20190221163443","is_ascension_mode":true,"campfire_choices":[{"data":"Sunder","floor":6.0,"key":"SMITH"},{"data":"Zap","floor":12.0,"key":"SMITH"},{"data":"Consume","floor":15.0,"key":"SMITH"},{"data":"Coolheaded","floor":23.0,"key":"SMITH"},{"data":"Capacitor","floor":27,"key":"SMITH"},{"floor":32,"key":"REST"},{"floor":40,"key":"REST"},{"data":"Coolheaded","floor":42,"key":"SMITH"}],"neow_cost":"NONE","seed_source_timestamp":19433519448230,"circlet_count":0,"master_deck":["Strike_B+1","Strike_B","Defend_B+1","Defend_B","Defend_B","Zap+1","Dualcast","Steam","Sunder+1","Ball Lightning","Auto Shields","Chill","Consume+1","Capacitor+1","FTL+1","Hologram+1","Hologram","Coolheaded+1","Cold Snap+1","FTL+1","White Noise","BootSequence","Loop+1","Ball Lightning+1","Tempest+1","Coolheaded+1","Thunder Strike+1","Apotheosis","Double Energy+1","Double Energy+1","Capacitor+1"],"special_seed":0,"relics":["Sozu","Mercury Hourglass","Art of War","Boot","Molten Egg 2","Orrery","Turnip","Ancient Tea Set","Bronze Scales","Ice Cream","Nuclear Battery","Emotion Chip","Anchor","War Paint","DollysMirror"],"potions_floor_usage":[],"damage_taken":[{"damage":0.0,"enemies":"Small Slimes","floor":1.0,"turns":3.0},{"damage":0.0,"enemies":"2 Louse","floor":4.0,"turns":4.0},{"damage":0.0,"enemies":"Cultist","floor":5.0,"turns":3.0},{"damage":14.0,"enemies":"3 Sentries","floor":7.0,"turns":6.0},{"damage":0.0,"enemies":"Blue Slaver","floor":8.0,"turns":3.0},{"damage":0.0,"enemies":"Gremlin Gang","floor":10.0,"turns":2.0},{"damage":7.0,"enemies":"Lagavulin","floor":11.0,"turns":5.0},{"damage":0.0,"enemies":"Exordium Thugs","floor":13.0,"turns":4.0},{"damage":12.0,"enemies":"Gremlin Nob","floor":14.0,"turns":3.0},{"damage":0.0,"enemies":"Slime Boss","floor":16.0,"turns":7.0},{"damage":20.0,"enemies":"3 Byrds","floor":18.0,"turns":4.0},{"damage":0.0,"enemies":"Shell Parasite","floor":20.0,"turns":5.0},{"damage":11,"enemies":"Shelled Parasite and Fungi","floor":24,"turns":5},{"damage":20,"enemies":"Gremlin Leader","floor":25,"turns":7},{"damage":0,"enemies":"Chosen and Byrds","floor":28,"turns":3},{"damage":27,"enemies":"Slavers","floor":29,"turns":3},{"damage":0,"enemies":"Centurion and Healer","floor":30,"turns":5},{"damage":3,"enemies":"Snake Plant","floor":31,"turns":3},{"damage":10,"enemies":"Collector","floor":33,"turns":10},{"damage":6,"enemies":"3 Shapes","floor":35,"turns":4},{"damage":5,"enemies":"3 Darklings","floor":38,"turns":4},{"damage":37,"enemies":"2 Orb Walkers","floor":39,"turns":5},{"damage":15,"enemies":"Nemesis","floor":44,"turns":5},{"damage":38,"enemies":"Reptomancer","floor":46,"turns":4}],"seed_played":"-3279390829480537840","potions_obtained":[],"is_trial":false,"path_per_floor":["M","?","?","M","M","R","E","M","T","M","E","R","M","E","R","B",null,"M","?","M","$","?","R","M","E","T","R","M","E","M","M","R","B",null,"M","$","?","M","?","R","?","R","T","E","$","E"],"character_chosen":"DEFECT","items_purchased":["Turnip","Apotheosis","DollysMirror"],"campfire_rested":2,"item_purchase_floors":[21,36,45],"current_hp_per_floor":[75,60,60,60,60,60,46,46,46,46,39,39,39,27,27,27,75,55,41,41,41,75,75,64,44,44,44,44,17,17,14,36,26,75,69,69,69,64,27,49,49,49,49,34,34,0],"gold":32,"neow_bonus":"BOSS_RELIC","is_prod":false,"is_daily":false,"chose_seed":false,"campfire_upgraded":6,"win_rate":0,"timestamp":1550763283,"path_taken":["M","?","?","M","M","R","E","?","T","M","E","R","M","E","R","BOSS","M","?","?","$","?","R","M","E","T","R","M","E","M","M","R","BOSS","M","$","?","M","?","R","?","R","T","E","$","E"],"build_version":"2019-01-23","purchased_purges":2,"victory":false,"max_hp_per_floor":[75,75,75,75,75,75,75,75,75,75,75,75,75,75,75,75,75,75,75,75,75,75,75,75,75,75,75,75,75,75,75,75,75,75,75,75,75,75,75,75,75,75,75,75,75,75],"card_choices":[{"not_picked":["Rebound","Darkness"],"picked":"Steam","floor":1.0},{"not_picked":["Streamline","Leap"],"picked":"Sunder","floor":4.0},{"not_picked":["Redo","Beam Cell"],"picked":"Ball Lightning","floor":5.0},{"not_picked":["Compile Driver","Ball Lightning"],"picked":"Auto Shields","floor":7.0},{"not_picked":["Fission","Streamline","Reprogram"],"picked":"SKIP","floor":8.0},{"not_picked":["Stack","Double Energy"],"picked":"Chill","floor":10.0},{"not_picked":["BootSequence","Gash"],"picked":"Consume","floor":11.0},{"not_picked":["Leap","Static Discharge"],"picked":"Capacitor","floor":13.0},{"not_picked":["Go for the Eyes","Beam Cell"],"picked":"FTL","floor":14.0},{"not_picked":["Redo","Stack"],"picked":"Hologram","floor":17.0},{"not_picked":["Meteor Strike+1","Sunder+1"],"picked":"Hologram","floor":17.0},{"not_picked":["Turbo","Chaos"],"picked":"Coolheaded","floor":17.0},{"not_picked":["Rebound+1","Consume"],"picked":"Cold Snap+1","floor":17.0},{"not_picked":["Lockon+1","Static Discharge"],"picked":"FTL+1","floor":17.0},{"not_picked":["Blizzard+1","Fusion"],"picked":"White Noise","floor":18.0},{"not_picked":["Fusion","Reinforced Body"],"picked":"BootSequence","floor":20.0},{"not_picked":["Go for the Eyes+1","Gash+1"],"picked":"Loop+1","floor":24},{"not_picked":["Sunder+1","Rip and Tear+1"],"picked":"Ball Lightning+1","floor":25},{"not_picked":["Redo","Amplify"],"picked":"Tempest","floor":28},{"not_picked":["Blizzard+1","Compile Driver+1","Rebound+1"],"picked":"SKIP","floor":29},{"not_picked":["Lockon+1","Barrage+1"],"picked":"Coolheaded","floor":30},{"not_picked":["Compile Driver+1","Sunder+1","White Noise"],"picked":"SKIP","floor":31},{"not_picked":["Amplify","Reboot"],"picked":"Thunder Strike+1","floor":33},{"not_picked":["Undo+1","Beam Cell+1","Turbo"],"picked":"SKIP","floor":35},{"not_picked":["Go for the Eyes+1","Barrage+1"],"picked":"Double Energy+1","floor":38},{"not_picked":["FTL+1","Sweeping Beam+1"],"picked":"Double Energy+1","floor":39},{"not_picked":["Beam Cell+1","FTL+1","Turbo"],"picked":"SKIP","floor":44}],"player_experience":222126,"relics_obtained":[{"floor":7.0,"key":"Mercury Hourglass"},{"floor":9.0,"key":"Art of War"},{"floor":11.0,"key":"Boot"},{"floor":14.0,"key":"Molten Egg 2"},{"floor":25,"key":"Ancient Tea Set"},{"floor":26,"key":"Bronze Scales"},{"floor":29,"key":"Ice Cream"},{"floor":39,"key":"Emotion Chip"},{"floor":43,"key":"Anchor"},{"floor":44,"key":"War Paint"}],"event_choices":[{"damage_healed":0.0,"max_hp_gain":0.0,"max_hp_loss":0.0,"gold_gain":0.0,"event_name":"Shining Light","player_choice":"Entered Light","floor":2.0,"gold_loss":0.0,"damage_taken":15.0,"cards_upgraded":["Defend_B","Strike_B"]},{"damage_healed":0.0,"max_hp_gain":0.0,"max_hp_loss":0.0,"gold_gain":0.0,"event_name":"The Woman in Blue","player_choice":"Bought 1 Potion","floor":3.0,"gold_loss":0.0,"damage_taken":0.0},{"damage_healed":0.0,"max_hp_gain":0.0,"max_hp_loss":0.0,"gold_gain":90.0,"event_name":"Knowing Skull","player_choice":"GOLD ","floor":19.0,"potions_obtained":[],"gold_loss":0.0,"damage_taken":14.0,"cards_obtained":[]},{"damage_healed":34.0,"max_hp_gain":0.0,"max_hp_loss":0.0,"gold_gain":0.0,"event_name":"Wheel of Change","player_choice":"Full Heal","floor":22.0,"gold_loss":0.0,"damage_taken":0.0},{"cards_removed":["Defend_B"],"damage_healed":0,"gold_gain":0,"player_choice":"Removed Skill","damage_taken":0,"max_hp_gain":0,"max_hp_loss":0,"event_name":"Falling","floor":37,"gold_loss":0},{"damage_healed":0,"gold_gain":0,"player_choice":"Fight","damage_taken":0,"max_hp_gain":0,"max_hp_loss":0,"event_name":"Mysterious Sphere","floor":39,"gold_loss":0},{"damage_healed":0,"gold_gain":0,"player_choice":"Ignored","damage_taken":0,"max_hp_gain":0,"max_hp_loss":0,"event_name":"Tomb of Lord Red Mask","floor":41,"gold_loss":0}],"is_beta":false,"boss_relics":[{"not_picked":["Pandora\u0027s Box","Calling Bell"],"picked":"Orrery"},{"not_picked":["Black Star","Coffee Dripper"],"picked":"Nuclear Battery"}],"items_purged_floors":[21,36],"is_endless":false,"potions_floor_spawned":[5,7,10,13,18,24,30,31,33,38,44],"killed_by":"Reptomancer","ascension_level":3}