{"gold_per_floor":[110,60,72,72,72,72,104,121,121,136,153,164,181,25,25,130,130,100,114,114,114,213,213,247,247,247,247,247,3,20,34,34,136,136,147,147,157,157,84,84,137,137,137,137,147,201,234,234,234,234,234,234,42,76,76],"floor_reached":56,"playtime":3714,"items_purged":["Strike_G"],"score":1268,"play_id":"d0075842-3d13-4346-9a5d-4d4102920036","local_time":"20190214105913","is_ascension_mode":false,"campfire_choices":[{"data":"Blade Dance","floor":6.0,"key":"SMITH"},{"data":"Catalyst","floor":15.0,"key":"SMITH"},{"data":"Choke","floor":23.0,"key":"SMITH"},{"data":"Ghostly","floor":25.0,"key":"SMITH"},{"data":"Ghostly","floor":27.0,"key":"SMITH"},{"data":"Ghostly","floor":32.0,"key":"SMITH"},{"data":"Ghostly","floor":40.0,"key":"SMITH"},{"floor":42.0,"key":"RECALL"},{"data":"Ghostly","floor":44.0,"key":"SMITH"},{"data":"Underhanded Strike","floor":49.0,"key":"SMITH"},{"data":"PiercingWail","floor":52.0,"key":"SMITH"}],"neow_cost":"NONE","seed_source_timestamp":0,"circlet_count":0,"master_deck":["Defend_G","Defend_G","Defend_G","Defend_G","Strike_G","Strike_G+1","Strike_G","Survivor","Neutralize+1","Blade Dance+1","Deflect","Quick Slash","Choke+1","Catalyst+1","Wraith Form v2+1","Infinite Blades+1","Noxious Fumes+1","Envenom+1","PiercingWail+1","Backflip+1","Necronomicurse","Ghostly+1","Ghostly+1","Ghostly+1","Ghostly+1","Ghostly+1","Dash+1","Crippling Poison+1","Wraith Form v2+1","Underhanded Strike+1","Infinite Blades+1","Backstab","Underhanded Strike+1","Infinite Blades+1","Blade Dance+1"],"special_seed":0,"relics":["Ring of the Snake","NeowsBlessing","Ornamental Fan","Frozen Egg 2","WristBlade","Necronomicon","Bottled Lightning","Mummified Hand","Toxic Egg 2","Ninja Scroll","HoveringKite","FossilizedHelix","Art of War","Sundial","DollysMirror","Blood Vial"],"potions_floor_usage":[55,55,55],"damage_taken":[{"damage":0.0,"enemies":"2 Louse","floor":1.0,"turns":1.0},{"damage":0.0,"enemies":"Jaw Worm","floor":3.0,"turns":1.0},{"damage":0.0,"enemies":"Lagavulin","floor":7.0,"turns":1.0},{"damage":0.0,"enemies":"Small Slimes","floor":8.0,"turns":3.0},{"damage":4.0,"enemies":"3 Louse","floor":10.0,"turns":4.0},{"damage":2.0,"enemies":"Looter","floor":11.0,"turns":3.0},{"damage":1.0,"enemies":"Exordium Thugs","floor":12.0,"turns":4.0},{"damage":2.0,"enemies":"Blue Slaver","floor":13.0,"turns":4.0},{"damage":14.0,"enemies":"Slime Boss","floor":16.0,"turns":8.0},{"damage":13.0,"enemies":"2 Thieves","floor":18.0,"turns":5.0},{"damage":0.0,"enemies":"Shell Parasite","floor":19.0,"turns":6.0},{"damage":7.0,"enemies":"Gremlin Leader","floor":24.0,"turns":7.0},{"damage":0.0,"enemies":"Cultist and Chosen","floor":30.0,"turns":3.0},{"damage":0.0,"enemies":"Shelled Parasite and Fungi","floor":31.0,"turns":4.0},{"damage":2.0,"enemies":"Collector","floor":33.0,"turns":6.0},{"damage":3.0,"enemies":"3 Darklings","floor":35.0,"turns":7.0},{"damage":0.0,"enemies":"Orb Walker","floor":37.0,"turns":3.0},{"damage":0.0,"enemies":"2 Orb Walkers","floor":41.0,"turns":6.0},{"damage":0.0,"enemies":"Transient","floor":45.0,"turns":5.0},{"damage":0.0,"enemies":"Nemesis","floor":47.0,"turns":7.0},{"damage":3.0,"enemies":"Donu and Deca","floor":50.0,"turns":10.0},{"damage":0,"enemies":"Shield and Spear","floor":54,"turns":8},{"damage":33,"enemies":"The Heart","floor":55,"turns":9}],"seed_played":"-3081943104612869216","potions_obtained":[{"floor":1.0,"key":"SteroidPotion"},{"floor":7.0,"key":"Ancient Potion"},{"floor":12.0,"key":"GhostInAJar"},{"floor":16.0,"key":"Swift Potion"},{"floor":19.0,"key":"SkillPotion"},{"floor":24.0,"key":"Block Potion"},{"floor":33.0,"key":"PowerPotion"},{"floor":36.0,"key":"SteroidPotion"},{"floor":37.0,"key":"LiquidBronze"},{"floor":54,"key":"Regen Potion"}],"is_trial":false,"path_per_floor":["M","?","M","?","?","R","E","M","T","M","M","M","M","$","R","B",null,"M","M","?","?","?","R","E","R","T","R","T","$","M","M","R","B",null,"M","?","M","?","$","R","?","R","T","R","M","T","E","?","R","B",null,"R","$","E","B",null],"character_chosen":"THE_SILENT","items_purchased":["Noxious Fumes+1","Ninja Scroll","Infinite Blades+1","DollysMirror"],"campfire_rested":0,"item_purchase_floors":[14,29,39,53],"current_hp_per_floor":[70,70,70,70,56,56,56,56,56,52,50,49,47,47,47,33,70,57,57,41,35,35,35,28,28,28,28,28,28,28,28,28,26,35,32,32,32,32,32,32,32,32,32,32,32,32,32,32,32,29,35,35,35,35,17],"gold":76,"neow_bonus":"THREE_ENEMY_KILL","is_prod":false,"is_daily":false,"chose_seed":false,"campfire_upgraded":10,"win_rate":0,"timestamp":1550138353,"path_taken":["M","?","M","?","?","R","E","M","T","M","M","M","M","$","R","BOSS","M","M","?","?","?","R","E","R","T","R","?","$","M","?","R","BOSS","M","?","?","?","?","R","?","R","T","R","M","?","E","?","R","BOSS","R","$","E","BOSS"],"build_version":"2019-01-23","purchased_purges":1,"victory":true,"max_hp_per_floor":[70,70,70,70,70,70,70,70,70,70,70,70,70,70,70,70,70,70,70,70,35,35,35,35,35,35,35,35,35,35,35,35,35,35,35,35,35,35,35,35,35,35,35,35,35,35,35,35,35,35,35,35,35,35,35],"card_choices":[{"not_picked":["Acrobatics","Underhanded Strike","Escape Plan"],"picked":"SKIP","floor":1.0},{"not_picked":["Masterful Stab","Underhanded Strike"],"picked":"Blade Dance","floor":3.0},{"not_picked":["Poisoned Stab","Distraction"],"picked":"Deflect","floor":7.0},{"not_picked":["Backflip","Prepared"],"picked":"Quick Slash","floor":8.0},{"not_picked":["Deadly Poison","Sucker Punch"],"picked":"Choke","floor":10.0},{"not_picked":["Underhanded Strike","Backflip"],"picked":"Catalyst","floor":11.0},{"not_picked":["Riddle With Holes","Caltrops+1"],"picked":"Wraith Form v2+1","floor":12.0},{"not_picked":["Tactician","Heel Hook"],"picked":"Infinite Blades+1","floor":13.0},{"not_picked":["Glass Knife","Bullet Time"],"picked":"Envenom+1","floor":16.0},{"not_picked":["Acrobatics+1","Flying Knee"],"picked":"PiercingWail","floor":18.0},{"not_picked":["Dodge and Roll","Dagger Throw"],"picked":"Backflip+1","floor":19.0},{"not_picked":["Riddle With Holes","Masterful Stab"],"picked":"Dash+1","floor":24.0},{"not_picked":["Deadly Poison+1","Expertise+1"],"picked":"Crippling Poison+1","floor":30.0},{"not_picked":["Infinite Blades+1","Sucker Punch","Choke"],"picked":"SKIP","floor":31.0},{"not_picked":["Grand Finale","Burst+1"],"picked":"Wraith Form v2+1","floor":33.0},{"not_picked":["Dagger Spray","Slice+1"],"picked":"Underhanded Strike+1","floor":35.0},{"not_picked":["Footwork+1","Choke+1","Slice"],"picked":"SKIP","floor":37.0},{"not_picked":["Sucker Punch","Bane+1"],"picked":"Backstab","floor":41.0},{"not_picked":["Choke+1","Dodge and Roll+1"],"picked":"Underhanded Strike","floor":45.0},{"not_picked":["Distraction+1","Doppelganger+1","Dodge and Roll+1"],"picked":"SKIP","floor":47.0},{"not_picked":["Quick Slash","All Out Attack+1"],"picked":"Blade Dance+1","floor":54}],"player_experience":162649,"relics_obtained":[{"floor":7.0,"key":"Ornamental Fan"},{"floor":9.0,"key":"Frozen Egg 2"},{"floor":20.0,"key":"Necronomicon"},{"floor":24.0,"key":"Bottled Lightning"},{"floor":26.0,"key":"Mummified Hand"},{"floor":28.0,"key":"Toxic Egg 2"},{"floor":41.0,"key":"FossilizedHelix"},{"floor":46.0,"key":"Art of War"},{"floor":47.0,"key":"Sundial"},{"floor":54,"key":"Blood Vial"}],"event_choices":[{"cards_removed":["Strike_G"],"damage_healed":0.0,"max_hp_gain":0.0,"max_hp_loss":0.0,"gold_gain":0.0,"event_name":"The Cleric","player_choice":"Card Removal","floor":2.0,"gold_loss":50.0,"damage_taken":0.0},{"damage_healed":0.0,"max_hp_gain":0.0,"max_hp_loss":0.0,"gold_gain":0.0,"event_name":"Golden Idol","player_choice":"Ignored","floor":4.0,"gold_loss":0.0,"damage_taken":0.0},{"damage_healed":0.0,"max_hp_gain":0.0,"max_hp_loss":0.0,"gold_gain":0.0,"event_name":"Shining Light","player_choice":"Entered Light","floor":5.0,"gold_loss":0.0,"damage_taken":14.0,"cards_upgraded":["Neutralize","Strike_G"]},{"damage_healed":0.0,"max_hp_gain":0.0,"max_hp_loss":0.0,"gold_gain":0.0,"event_name":"Cursed Tome","player_choice":"Obtained Book","floor":20.0,"gold_loss":0.0,"damage_taken":16.0},{"damage_healed":0.0,"max_hp_gain":0.0,"max_hp_loss":35.0,"gold_gain":0.0,"event_name":"Ghosts","player_choice":"Became a Ghost","floor":21.0,"gold_loss":0.0,"damage_taken":0.0,"cards_obtained":["Ghostly","Ghostly","Ghostly","Ghostly","Ghostly"]},{"damage_healed":0.0,"max_hp_gain":0.0,"max_hp_loss":0.0,"gold_gain":99.0,"event_name":"Nest","player_choice":"Stole From Cult","floor":22.0,"gold_loss":0.0,"damage_taken":0.0},{"damage_healed":0.0,"max_hp_gain":0.0,"max_hp_loss":0.0,"gold_gain":0.0,"event_name":"Lab","player_choice":"Got Potions","floor":36.0,"gold_loss":0.0,"damage_taken":0.0},{"cards_removed":["Defend_G"],"damage_healed":0.0,"max_hp_gain":0.0,"max_hp_loss":0.0,"gold_gain":0.0,"event_name":"Purifier","player_choice":"Purged","floor":38.0,"gold_loss":0.0,"damage_taken":0.0},{"damage_healed":0.0,"max_hp_gain":0.0,"max_hp_loss":0.0,"gold_gain":0.0,"event_name":"Mysterious Sphere","player_choice":"Fight","floor":41.0,"gold_loss":0.0,"damage_taken":0.0},{"damage_healed":0.0,"max_hp_gain":0.0,"max_hp_loss":0.0,"gold_gain":0.0,"event_name":"SecretPortal","player_choice":"Ignored","floor":48.0,"gold_loss":0.0,"damage_taken":0.0}],"is_beta":false,"boss_relics":[{"not_picked":["Philosopher\u0027s Stone","Runic Pyramid"],"picked":"WristBlade"},{"not_picked":["Eternal Feather","Ring of the Serpent"],"picked":"HoveringKite"}],"items_purged_floors":[14],"is_endless":false,"potions_floor_spawned":[1,7,12,16,19,24,30,31,33,37,41,54],"ascension_level":0}