{"gold_per_floor":[110,123,123,123,142,168,168,193,242,25,0,16,16,30,30,103,103,119,119,81,51,69,69,95,2,2,2,16,16,29,39,39,39],"floor_reached":33,"playtime":1608,"items_purged":["Strike_G","Strike_G"],"score":554,"play_id":"57547591-bf69-4d61-80d8-ca59e8b3c423","local_time":"20190125093245","is_ascension_mode":true,"campfire_choices":[{"data":"Caltrops","floor":7.0,"key":"SMITH"},{"floor":13.0,"key":"REST"},{"data":"Skewer","floor":15.0,"key":"SMITH"},{"floor":23.0,"key":"REST"},{"floor":27.0,"key":"REST"},{"data":"Well Laid Plans","floor":32,"key":"SMITH"}],"neow_cost":"NONE","seed_source_timestamp":1295776600558831,"circlet_count":0,"master_deck":["AscendersBane","Defend_G","Defend_G","Defend_G","Defend_G","Defend_G","Strike_G","Strike_G","Strike_G","Survivor","Neutralize+1","Dagger Throw","Caltrops+1","Blur","PiercingWail","Skewer+1","Backflip","Well Laid Plans+1","Die Die Die+1","Predator","Footwork","Noxious Fumes","Acrobatics"],"special_seed":0,"relics":["Ring of the Snake","NeowsBlessing","Bottled Tornado","Pen Nib","Regal Pillow","Membership Card","Snecko Eye","Art of War","Letter Opener"],"potions_floor_usage":[30,33,33],"damage_taken":[{"damage":0.0,"enemies":"2 Louse","floor":1.0,"turns":1.0},{"damage":0.0,"enemies":"Jaw Worm","floor":2.0,"turns":1.0},{"damage":0.0,"enemies":"Cultist","floor":5.0,"turns":1.0},{"damage":19.0,"enemies":"Gremlin Nob","floor":6.0,"turns":4.0},{"damage":32.0,"enemies":"3 Sentries","floor":8.0,"turns":12.0},{"damage":1.0,"enemies":"Looter","floor":12.0,"turns":4.0},{"damage":2.0,"enemies":"2 Fungi Beasts","floor":14.0,"turns":3.0},{"damage":12.0,"enemies":"The Guardian","floor":16.0,"turns":15.0},{"damage":2.0,"enemies":"Chosen","floor":18.0,"turns":4.0},{"damage":24.0,"enemies":"2 Thieves","floor":21.0,"turns":4.0},{"damage":16.0,"enemies":"Sentry and Sphere","floor":22.0,"turns":5.0},{"damage":44.0,"enemies":"Book of Stabbing","floor":24.0,"turns":7.0},{"damage":9.0,"enemies":"Centurion and Healer","floor":28.0,"turns":7.0},{"damage":0,"enemies":"Snake Plant","floor":30,"turns":1},{"damage":2,"enemies":"Cultist and Chosen","floor":31,"turns":5},{"damage":57,"enemies":"Collector","floor":33,"turns":11}],"seed_played":"2740330730140411991","potions_obtained":[{"floor":1.0,"key":"Poison Potion"},{"floor":2.0,"key":"Strength Potion"},{"floor":16.0,"key":"SpeedPotion"},{"floor":22.0,"key":"Weak Potion"},{"floor":28.0,"key":"FearPotion"},{"floor":30,"key":"Swift Potion"},{"floor":31,"key":"Energy Potion"}],"is_trial":false,"path_per_floor":["M","M","?","?","M","E","R","E","T","$","?","M","R","M","R","B",null,"M","?","$","M","M","R","E","$","T","R","M","?","M","M","R","B"],"character_chosen":"THE_SILENT","items_purchased":["Membership Card","Noxious Fumes"],"campfire_rested":3,"item_purchase_floors":[10,25],"current_hp_per_floor":[59,59,59,59,59,40,40,8,8,8,8,7,41,39,39,27,56,54,54,54,30,14,48,4,4,4,38,29,29,29,27,27,0],"gold":39,"neow_bonus":"THREE_ENEMY_KILL","is_prod":false,"is_daily":false,"chose_seed":false,"campfire_upgraded":3,"win_rate":0,"timestamp":1548426765,"path_taken":["M","M","?","?","?","E","R","E","T","$","?","M","R","M","R","BOSS","M","?","$","M","M","R","E","$","T","R","?","?","M","M","R","BOSS"],"build_version":"2019-01-23","purchased_purges":2,"victory":false,"max_hp_per_floor":[66,66,66,66,66,66,66,66,66,66,66,66,66,66,66,66,66,66,66,66,66,66,66,66,66,66,66,66,66,66,66,66,66],"card_choices":[{"not_picked":["Tactician","Quick Slash"],"picked":"Dagger Throw","floor":1.0},{"not_picked":["Setup","Heel Hook"],"picked":"Caltrops","floor":2.0},{"not_picked":["Eviscerate","Prepared"],"picked":"Blur","floor":5.0},{"not_picked":["Quick Slash","Dodge and Roll"],"picked":"PiercingWail","floor":6.0},{"not_picked":["Reflex","Outmaneuver"],"picked":"Skewer","floor":8.0},{"not_picked":["Quick Slash","Sucker Punch"],"picked":"Backflip","floor":12.0},{"not_picked":["Setup","Backstab"],"picked":"Well Laid Plans","floor":14.0},{"not_picked":["Venomology","Glass Knife"],"picked":"Die Die Die","floor":16.0},{"not_picked":["Well Laid Plans+1","Dash"],"picked":"Predator","floor":18.0},{"not_picked":["Deadly Poison","Backstab"],"picked":"Footwork","floor":21.0},{"not_picked":["Catalyst","Dagger Spray","Deflect+1"],"picked":"SKIP","floor":22.0},{"not_picked":["Underhanded Strike","Bane","Outmaneuver"],"picked":"SKIP","floor":24.0},{"not_picked":["Masterful Stab","Dagger Spray","Bane"],"picked":"SKIP","floor":28.0},{"not_picked":["Heel Hook","Grand Finale"],"picked":"Acrobatics","floor":30},{"not_picked":["Catalyst+1","Expertise","Bane"],"picked":"SKIP","floor":31}],"player_experience":815002,"relics_obtained":[{"floor":6.0,"key":"Bottled Tornado"},{"floor":8.0,"key":"Pen Nib"},{"floor":9.0,"key":"Regal Pillow"},{"floor":24.0,"key":"Art of War"},{"floor":26.0,"key":"Letter Opener"}],"event_choices":[{"damage_healed":0.0,"max_hp_gain":0.0,"max_hp_loss":0.0,"gold_gain":0.0,"event_name":"Golden Wing","player_choice":"Ignored","floor":3.0,"gold_loss":0.0,"damage_taken":0.0},{"damage_healed":0.0,"max_hp_gain":0.0,"max_hp_loss":0.0,"gold_gain":0.0,"event_name":"Accursed Blacksmith","player_choice":"Forge","floor":4.0,"gold_loss":0.0,"damage_taken":0.0,"cards_upgraded":["Neutralize"]},{"damage_healed":0.0,"max_hp_gain":0.0,"max_hp_loss":0.0,"gold_gain":0.0,"event_name":"World of Goop","player_choice":"Left Gold","floor":11.0,"gold_loss":25.0,"damage_taken":0.0},{"damage_healed":0.0,"max_hp_gain":0.0,"max_hp_loss":0.0,"gold_gain":0.0,"event_name":"Upgrade Shrine","player_choice":"Upgraded","floor":19.0,"gold_loss":0.0,"damage_taken":0.0,"cards_upgraded":["Die Die Die"]},{"damage_healed":0.0,"max_hp_gain":0.0,"max_hp_loss":0.0,"gold_gain":0.0,"event_name":"Ghosts","player_choice":"Ignored","floor":29.0,"gold_loss":0.0,"damage_taken":0.0}],"is_beta":false,"boss_relics":[{"not_picked":["Fusion Hammer","Tiny House"],"picked":"Snecko Eye"}],"items_purged_floors":[20,25],"is_endless":false,"potions_floor_spawned":[1,2,5,16,22,28,30,31],"killed_by":"Collector","ascension_level":20}