{"gold_per_floor":[114,127,127,144,157,157,175,206,232,232,263,277,294,317,317,396,396,406,406,417,435,451,451,482,482,563,563],"floor_reached":27,"playtime":928,"items_purged":[],"score":564,"play_id":"1478f2a7-4c4c-4be1-85bf-e4a73ffb0059","local_time":"20181212131350","is_ascension_mode":true,"campfire_choices":[{"data":"Zap","floor":6.0,"key":"SMITH"},{"floor":10.0,"key":"REST"},{"data":"Rainbow","floor":15.0,"key":"SMITH"},{"floor":23,"key":"RECALL"},{"data":"Undo","floor":25,"key":"SMITH"}],"neow_cost":"PERCENT_DAMAGE","seed_source_timestamp":0,"circlet_count":0,"master_deck":["AscendersBane","Strike_B","Strike_B","Strike_B","Defend_B","Defend_B","Defend_B","Defend_B","Zap+1","Dualcast","Streamline","Ball Lightning","Auto Shields","Seek","Redo","Rainbow+1","Ball Lightning","Chill","Rip and Tear","Doom and Gloom","Reboot","Undo+1","Lockon","Beam Cell","Auto Shields","Redo","Static Discharge+1"],"special_seed":0,"relics":["Cracked Core","Blue Candle","DataDisk","Dream Catcher","Odd Mushroom","Coffee Dripper","Omamori","Shuriken"],"potions_floor_usage":[24,27],"damage_taken":[{"damage":0.0,"enemies":"Small Slimes","floor":1.0,"turns":3.0},{"damage":0.0,"enemies":"Cultist","floor":2.0,"turns":2.0},{"damage":0.0,"enemies":"2 Louse","floor":4.0,"turns":1.0},{"damage":1.0,"enemies":"2 Fungi Beasts","floor":5.0,"turns":3.0},{"damage":31.0,"enemies":"Lots of Slimes","floor":7.0,"turns":5.0},{"damage":19.0,"enemies":"Lagavulin","floor":8.0,"turns":6.0},{"damage":15.0,"enemies":"3 Sentries","floor":11.0,"turns":6.0},{"damage":0.0,"enemies":"Large Slime","floor":12.0,"turns":2.0},{"damage":0.0,"enemies":"Exordium Wildlife","floor":13.0,"turns":2.0},{"damage":8.0,"enemies":"The Mushroom Lair","floor":14.0,"turns":3.0},{"damage":0,"enemies":"Slime Boss","floor":16,"turns":5},{"damage":0,"enemies":"Spheric Guardian","floor":18,"turns":2},{"damage":9,"enemies":"Chosen","floor":20,"turns":5},{"damage":2,"enemies":"Sentry and Sphere","floor":21,"turns":5},{"damage":8,"enemies":"Chosen and Byrds","floor":22,"turns":5},{"damage":45,"enemies":"Book of Stabbing","floor":24,"turns":5},{"damage":35,"enemies":"Cultist and Chosen","floor":27,"turns":3}],"seed_played":"2856243993090289965","potions_obtained":[{"floor":7.0,"key":"Ancient Potion"},{"floor":8.0,"key":"PowerPotion"},{"floor":11.0,"key":"EssenceOfSteel"},{"floor":16,"key":"SpeedPotion"},{"floor":20,"key":"EssenceOfSteel"},{"floor":24,"key":"Regen Potion"}],"is_trial":false,"path_per_floor":["M","M","?","M","M","R","M","E","T","R","E","M","M","?","R","B",null,"M","?","M","M","M","R","E","R","T","M"],"character_chosen":"DEFECT","items_purchased":[],"campfire_rested":1,"item_purchase_floors":[],"current_hp_per_floor":[60,60,60,60,59,59,28,9,9,34,19,19,19,11,11,11,67,67,67,58,56,48,48,3,3,3,0],"gold":563,"neow_bonus":"TWENTY_PERCENT_HP_BONUS","is_prod":false,"is_daily":false,"chose_seed":false,"campfire_upgraded":3,"win_rate":0,"timestamp":1544588030,"path_taken":["M","M","?","M","M","R","M","E","T","R","E","M","?","?","R","BOSS","M","?","M","M","M","R","E","R","T","M"],"build_version":"2018-12-06","purchased_purges":0,"victory":false,"max_hp_per_floor":[85,85,85,85,85,85,85,85,85,85,85,85,85,85,85,85,85,85,85,85,85,85,85,85,85,85,85],"card_choices":[{"not_picked":["Go for the Eyes","Barrage"],"picked":"Streamline","floor":1.0},{"not_picked":["Cold Snap","Glacier"],"picked":"Ball Lightning","floor":2.0},{"not_picked":["Consume","Cold Snap"],"picked":"Auto Shields","floor":4.0},{"not_picked":["Heatsinks","Loop"],"picked":"Seek","floor":5.0},{"not_picked":["Consume","Capacitor"],"picked":"Redo","floor":7.0},{"not_picked":["Go for the Eyes","Hyperbeam"],"picked":"Rainbow","floor":8.0},{"not_picked":["Sweeping Beam","Steam"],"picked":"Ball Lightning","floor":11.0},{"not_picked":["Heatsinks","Turbo"],"picked":"Chill","floor":12.0},{"not_picked":["Barrage","Stack"],"picked":"Rip and Tear","floor":13.0},{"not_picked":["Storm","Capacitor"],"picked":"Doom and Gloom","floor":14.0},{"not_picked":["Creative AI","All For One"],"picked":"Reboot","floor":16},{"not_picked":["Ball Lightning","Darkness"],"picked":"Undo","floor":18},{"not_picked":["Streamline","Go for the Eyes"],"picked":"Beam Cell","floor":20},{"not_picked":["Turbo","Leap"],"picked":"Auto Shields","floor":21},{"not_picked":["Beam Cell","Steam Power"],"picked":"Redo","floor":22},{"not_picked":["Cold Snap","Conserve Battery"],"picked":"Static Discharge+1","floor":24}],"player_experience":979172,"relics_obtained":[{"floor":8.0,"key":"Blue Candle"},{"floor":9.0,"key":"DataDisk"},{"floor":11.0,"key":"Dream Catcher"},{"floor":14.0,"key":"Odd Mushroom"},{"floor":24,"key":"Omamori"},{"floor":26,"key":"Shuriken"}],"event_choices":[{"cards_removed":["Strike_B"],"damage_healed":0.0,"max_hp_gain":0.0,"max_hp_loss":0.0,"gold_gain":0.0,"event_name":"Purifier","player_choice":"Purged","floor":3.0,"gold_loss":0.0,"damage_taken":0.0},{"damage_healed":0.0,"max_hp_gain":0.0,"max_hp_loss":0.0,"gold_gain":0.0,"event_name":"Mushrooms","player_choice":"Fought Mushrooms","floor":14.0,"gold_loss":0.0,"damage_taken":0.0},{"damage_healed":0,"gold_gain":0,"player_choice":"1 cards matched","damage_taken":0,"max_hp_gain":0,"max_hp_loss":0,"event_name":"Match and Keep!","floor":19,"gold_loss":0,"cards_obtained":["Lockon"]}],"is_beta":false,"boss_relics":[{"not_picked":["Pandora\u0027s Box","Eternal Feather"],"picked":"Coffee Dripper"}],"items_purged_floors":[],"is_endless":false,"potions_floor_spawned":[7,8,11,16,20,24],"killed_by":"Cultist and Chosen","ascension_level":18}