{"gold_per_floor":[111,127,139,214,228,254,268,280,280,6,6,34,34,34,34,135,135,152,152,152,166,166,166,185,200,200,200,200,200,211,231,231,334,334,344,358,358,369,381,410,425,425,425,425,525,525,150,161,161,161,161,161,94,128,128],"floor_reached":56,"playtime":2817,"items_purged":["Strike_B"],"score":1241,"play_id":"5ab5c48d-1524-4fc3-90ce-5c20b73f815e","local_time":"20181206174813","is_ascension_mode":true,"campfire_choices":[{"floor":11,"key":"REST"},{"data":"Storm","floor":13,"key":"SMITH"},{"data":"Storm","floor":15,"key":"SMITH"},{"data":"Creative AI","floor":23,"key":"SMITH"},{"data":"Static Discharge","floor":27,"key":"SMITH"},{"data":"Loop","floor":29,"key":"SMITH"},{"data":"Stack","floor":32,"key":"SMITH"},{"floor":42,"key":"RECALL"},{"data":"Biased Cognition","floor":44,"key":"SMITH"},{"data":"Seek","floor":49,"key":"SMITH"},{"data":"Echo Form","floor":52,"key":"SMITH"}],"neow_cost":"NONE","seed_source_timestamp":1082162546192641,"circlet_count":0,"master_deck":["Strike_B+1","Strike_B+1","Strike_B+1","Defend_B+1","Defend_B+1","Defend_B+1","Defend_B+1","Zap+1","Dualcast","Storm+1","Gash","Static Discharge+1","Steam","Genetic Algorithm","Storm+1","Undo","Heatsinks","Reinforced Body","Creative AI+1","Loop+1","Leap","Defragment+1","Conserve Battery","Storm+1","Conserve Battery","Stack+1","Biased Cognition+1","Undo","Chill+1","Go for the Eyes+1","Leap+1","Steam Power","Echo Form+1","Seek+1","Coolheaded+1","Fission"],"relics":["Cracked Core","Anchor","Orichalcum","Ginger","Coffee Dripper","Turnip","Velvet Choker","Boot","Emotion Chip","Bronze Scales","Dodecahedron"],"potions_floor_usage":[6,12,16,35,39,55,55,55],"damage_taken":[{"damage":2,"enemies":"Jaw Worm","floor":1,"turns":3},{"damage":0,"enemies":"Cultist","floor":2,"turns":3},{"damage":5,"enemies":"Small Slimes","floor":3,"turns":3},{"damage":5,"enemies":"Looter","floor":5,"turns":3},{"damage":36,"enemies":"Gremlin Nob","floor":6,"turns":4},{"damage":1,"enemies":"Large Slime","floor":7,"turns":5},{"damage":10,"enemies":"Gremlin Gang","floor":8,"turns":4},{"damage":6,"enemies":"3 Sentries","floor":12,"turns":5},{"damage":6,"enemies":"Hexaghost","floor":16,"turns":15},{"damage":0,"enemies":"Shell Parasite","floor":18,"turns":6},{"damage":4,"enemies":"Spheric Guardian","floor":21,"turns":4},{"damage":13,"enemies":"Colosseum Slavers","floor":22,"turns":4},{"damage":4,"enemies":"Centurion and Healer","floor":24,"turns":8},{"damage":0,"enemies":"Sentry and Sphere","floor":25,"turns":3},{"damage":0,"enemies":"Chosen and Byrds","floor":30,"turns":3},{"damage":0,"enemies":"Centurion and Healer","floor":31,"turns":5},{"damage":3,"enemies":"Champ","floor":33,"turns":6},{"damage":0,"enemies":"3 Shapes","floor":35,"turns":2},{"damage":1,"enemies":"3 Darklings","floor":36,"turns":4},{"damage":0,"enemies":"4 Shapes","floor":38,"turns":3},{"damage":0,"enemies":"Maw","floor":39,"turns":6},{"damage":15,"enemies":"Nemesis","floor":40,"turns":5},{"damage":0,"enemies":"3 Darklings","floor":41,"turns":5},{"damage":0,"enemies":"Mind Bloom Boss Battle","floor":45,"turns":6},{"damage":0,"enemies":"Spire Growth","floor":48,"turns":5},{"damage":19,"enemies":"Donu and Deca","floor":50,"turns":5},{"damage":8,"enemies":"Shield and Spear","floor":54,"turns":5},{"damage":42,"enemies":"The Heart","floor":55,"turns":6}],"seed_played":"2662732970181342445","potions_obtained":[{"floor":2,"key":"Dexterity Potion"},{"floor":3,"key":"GamblersBrew"},{"floor":6,"key":"EssenceOfSteel"},{"floor":16,"key":"Swift Potion"},{"floor":18,"key":"Fire Potion"},{"floor":31,"key":"Block Potion"},{"floor":35,"key":"Dexterity Potion"},{"floor":39,"key":"LiquidBronze"}],"is_trial":false,"path_per_floor":["M","M","M","?","M","E","M","M","T","$","R","E","R","?","R","B",null,"M","?","?","M","?","R","M","M","T","R","?","R","M","M","R","B",null,"M","M","?","M","M","E","M","R","T","R","?","?","$","M","R","B",null,"R","$","E","B",null],"character_chosen":"DEFECT","items_purchased":["Cold Snap","Undo","Heatsinks","Bronze Scales","FocusPotion","Seek","Fission"],"campfire_rested":1,"item_purchase_floors":[10,10,10,47,47,47,53],"current_hp_per_floor":[73,73,68,61,56,20,19,9,9,9,31,25,25,25,25,19,75,75,75,61,57,44,44,40,40,40,40,40,40,40,40,40,37,80,80,79,79,79,79,64,64,64,64,64,64,69,69,69,69,50,80,80,80,72,30],"gold":128,"neow_bonus":"UPGRADE_CARD","is_prod":false,"is_daily":false,"chose_seed":false,"campfire_upgraded":9,"win_rate":0,"timestamp":1544136493,"path_taken":["M","M","M","?","M","E","M","?","T","$","R","E","R","?","R","BOSS","M","?","?","M","?","R","M","M","T","R","?","R","?","M","R","BOSS","M","M","?","M","M","E","M","R","T","R","?","?","$","?","R","BOSS","R","$","E","BOSS"],"build_version":"2018-12-06","purchased_purges":1,"victory":true,"max_hp_per_floor":[75,75,75,75,75,75,75,75,75,75,75,75,75,75,75,75,75,75,75,80,80,80,80,80,80,80,80,80,80,80,80,80,80,80,80,80,80,80,80,80,80,80,80,80,80,80,80,80,80,80,80,80,80,80,80],"card_choices":[{"not_picked":["Heatsinks","Stack"],"picked":"Gash","floor":1},{"not_picked":["White Noise","Barrage"],"picked":"Storm","floor":2},{"not_picked":["Tempest","Blizzard"],"picked":"Gash","floor":3},{"not_picked":["Sweeping Beam","Aggregate"],"picked":"Static Discharge","floor":5},{"not_picked":["Hologram","Rebound"],"picked":"Steam","floor":6},{"not_picked":["Steam Power","Melter"],"picked":"Genetic Algorithm","floor":7},{"not_picked":["Steam Power","Beam Cell"],"picked":"Storm","floor":8},{"not_picked":["Chaos","Compile Driver"],"picked":"Reinforced Body","floor":12},{"not_picked":["All For One","Thunder Strike"],"picked":"Creative AI","floor":16},{"not_picked":["Sunder","Turbo"],"picked":"Loop","floor":18},{"not_picked":["Melter","Cold Snap+1"],"picked":"Leap","floor":21},{"not_picked":["Darkness","Heatsinks+1"],"picked":"Defragment+1","floor":24},{"not_picked":["Redo","Doom and Gloom"],"picked":"Conserve Battery","floor":25},{"not_picked":["Ball Lightning+1","Consume"],"picked":"Conserve Battery","floor":30},{"not_picked":["Static Discharge","Hologram"],"picked":"Stack","floor":31},{"not_picked":["Seek","Fission"],"picked":"Biased Cognition","floor":33},{"not_picked":["Turbo","Compile Driver"],"picked":"Undo","floor":35},{"not_picked":["Steam","Ball Lightning+1"],"picked":"Chill+1","floor":36},{"not_picked":["Lockon","Steam Power+1"],"picked":"Go for the Eyes+1","floor":38},{"not_picked":["Compile Driver+1","Static Discharge","Streamline"],"picked":"SKIP","floor":39},{"not_picked":["Fusion","Heatsinks"],"picked":"Leap+1","floor":40},{"not_picked":["Conserve Battery+1","Beam Cell+1"],"picked":"Steam Power","floor":41},{"not_picked":["Leap+1","Barrage+1"],"picked":"Echo Form","floor":45},{"not_picked":["Barrage+1","Stack+1"],"picked":"Coolheaded+1","floor":48},{"not_picked":["Barrage","Turbo+1","Beam Cell"],"picked":"SKIP","floor":54}],"player_experience":3690322,"relics_obtained":[{"floor":6,"key":"Anchor"},{"floor":9,"key":"Orichalcum"},{"floor":12,"key":"Ginger"},{"floor":26,"key":"Turnip"},{"floor":40,"key":"Boot"},{"floor":45,"key":"Emotion Chip"},{"floor":54,"key":"Dodecahedron"}],"event_choices":[{"damage_healed":0,"gold_gain":75,"player_choice":"Touch","damage_taken":7,"max_hp_gain":0,"max_hp_loss":0,"event_name":"FaceTrader","floor":4,"gold_loss":0},{"damage_healed":0,"gold_gain":0,"player_choice":"Leave","damage_taken":0,"max_hp_gain":0,"max_hp_loss":0,"event_name":"The Cleric","floor":14,"gold_loss":0},{"damage_healed":0,"gold_gain":0,"player_choice":"Simplicity","damage_taken":0,"max_hp_gain":0,"max_hp_loss":0,"event_name":"Back to Basics","floor":19,"gold_loss":0,"cards_upgraded":["Strike_B","Strike_B","Strike_B","Defend_B","Defend_B","Defend_B","Defend_B"]},{"damage_healed":0,"gold_gain":0,"player_choice":"Shed Blood","damage_taken":19,"max_hp_gain":5,"max_hp_loss":0,"event_name":"Forgotten Altar","floor":20,"gold_loss":0},{"damage_healed":0,"gold_gain":0,"player_choice":"Fight","damage_taken":0,"max_hp_gain":0,"max_hp_loss":0,"event_name":"Colosseum","floor":22,"gold_loss":0},{"damage_healed":0,"gold_gain":0,"player_choice":"Fled From Nobs","damage_taken":0,"max_hp_gain":0,"max_hp_loss":0,"event_name":"Colosseum","floor":22,"gold_loss":0},{"damage_healed":0,"gold_gain":0,"player_choice":"Copied","damage_taken":0,"max_hp_gain":0,"max_hp_loss":0,"event_name":"Duplicator","floor":28,"gold_loss":0,"cards_obtained":["Storm"]},{"cards_removed":["Cold Snap"],"damage_healed":0,"gold_gain":0,"player_choice":"Removed Attack","damage_taken":0,"max_hp_gain":0,"max_hp_loss":0,"event_name":"Falling","floor":37,"gold_loss":0},{"damage_healed":0,"gold_gain":0,"player_choice":"Fight","damage_taken":0,"max_hp_gain":0,"max_hp_loss":0,"event_name":"MindBloom","floor":45,"gold_loss":0},{"cards_removed":["Gash"],"damage_healed":5,"gold_gain":0,"player_choice":"Offered Common","damage_taken":0,"max_hp_gain":0,"max_hp_loss":0,"event_name":"Bonfire Elementals","floor":46,"gold_loss":0},{"cards_removed":["Gash"],"damage_healed":5,"gold_gain":0,"player_choice":"Offered Special","damage_taken":0,"max_hp_gain":0,"max_hp_loss":0,"event_name":"Bonfire Elementals","floor":46,"gold_loss":0}],"is_beta":true,"boss_relics":[{"not_picked":["Calling Bell","FrozenCore"],"picked":"Coffee Dripper"},{"not_picked":["Sozu","Snecko Eye"],"picked":"Velvet Choker"}],"items_purged_floors":[10],"is_endless":false,"potions_floor_spawned":[2,3,6,16,18,31,33,35,39,41,54],"ascension_level":1}