{"gold_per_floor":[116,116,127,127,147,180,180,197,197,209,238,238,253,230,230,333,333,350,350,275,295,314,340,360,360,360,373,373],"floor_reached":28,"playtime":3196,"items_purged":[],"score":277,"play_id":"f83e5b4f-ecd6-481b-af47-10fc2f63b044","local_time":"20190216154824","is_ascension_mode":false,"campfire_choices":[{"data":"Chaos","floor":7,"key":"SMITH"},{"data":"Multi-Cast","floor":12,"key":"SMITH"},{"data":"Defragment","floor":15,"key":"SMITH"},{"floor":25,"key":"REST"}],"neow_cost":"NONE","seed_source_timestamp":480493096265019,"circlet_count":0,"master_deck":["Strike_B","Strike_B","Strike_B","Defend_B","Defend_B","Defend_B","Defend_B","Zap","Dualcast","Conserve Battery+1","Chaos+1","Redo","Darkness","Sweeping Beam","Sweeping Beam","Multi-Cast+1","Defragment+1","Conserve Battery","Fission","Capacitor","Ghostly","Ghostly","Ghostly","Ghostly","Ghostly","Cold Snap+1","Sweeping Beam","Electrodynamics","Static Discharge+1","Doom and Gloom"],"relics":["Cracked Core","Torii","Sundial","Pear","Runic Pyramid","Girya","Kunai"],"potions_floor_usage":[13,16,18,23,28],"damage_taken":[{"damage":1,"enemies":"Jaw Worm","floor":1,"turns":3},{"damage":1,"enemies":"Small Slimes","floor":3,"turns":3},{"damage":0,"enemies":"Cultist","floor":5,"turns":3},{"damage":11,"enemies":"3 Sentries","floor":6,"turns":8},{"damage":0,"enemies":"Blue Slaver","floor":8,"turns":4},{"damage":2,"enemies":"3 Louse","floor":10,"turns":2},{"damage":12,"enemies":"Lagavulin","floor":11,"turns":6},{"damage":2,"enemies":"Lots of Slimes","floor":13,"turns":2},{"damage":25,"enemies":"Hexaghost","floor":16,"turns":7},{"damage":3,"enemies":"Shell Parasite","floor":18,"turns":5},{"damage":3,"enemies":"Spheric Guardian","floor":21,"turns":5},{"damage":11,"enemies":"Centurion and Healer","floor":22,"turns":6},{"damage":21,"enemies":"Slavers","floor":23,"turns":4},{"damage":2,"enemies":"Sentry and Sphere","floor":24,"turns":6},{"damage":20,"enemies":"Snecko","floor":27,"turns":7},{"damage":12,"enemies":"Centurion and Healer","floor":28,"turns":1}],"seed_played":"-7536791731112583525","potions_obtained":[{"floor":3,"key":"EssenceOfSteel"},{"floor":10,"key":"SkillPotion"},{"floor":11,"key":"PowerPotion"},{"floor":13,"key":"Block Potion"},{"floor":21,"key":"Swift Potion"},{"floor":22,"key":"PowerPotion"}],"is_trial":false,"path_per_floor":["M","?","M","?","M","E","R","M","T","M","E","R","M","$","R","B",null,"M","?","?","M","M","E","M","R","T","M","M"],"character_chosen":"DEFECT","items_purchased":["Conserve Battery"],"campfire_rested":1,"item_purchase_floors":[14],"current_hp_per_floor":[81,81,80,82,82,71,71,71,71,69,67,67,65,65,65,40,92,89,46,46,43,32,11,9,22,22,2,0],"gold":373,"neow_bonus":"TEN_PERCENT_HP_BONUS","is_prod":false,"is_daily":false,"chose_seed":false,"campfire_upgraded":3,"win_rate":0.0,"timestamp":1550350104,"path_taken":["M","?","M","?","M","E","R","M","T","M","E","R","M","$","R","BOSS","M","?","?","M","M","E","M","R","T","M","M"],"build_version":"2019-01-23","purchased_purges":0,"victory":false,"max_hp_per_floor":[82,82,82,82,82,82,82,82,82,82,92,92,92,92,92,92,92,92,46,46,46,46,46,46,46,46,46,46],"card_choices":[{"not_picked":["Gash","Lockon"],"picked":"Conserve Battery","floor":1},{"not_picked":["Barrage","Hologram"],"picked":"Chaos","floor":3},{"not_picked":["Conserve Battery","Steam"],"picked":"Redo","floor":5},{"not_picked":["Compile Driver","Hologram"],"picked":"Darkness","floor":6},{"not_picked":["Streamline","Beam Cell"],"picked":"Sweeping Beam","floor":8},{"not_picked":["Lockon","Steam"],"picked":"Sweeping Beam","floor":10},{"not_picked":["Gash","Beam Cell"],"picked":"Multi-Cast","floor":11},{"not_picked":["Skim","Gash"],"picked":"Defragment","floor":13},{"not_picked":["Thunder Strike","Biased Cognition"],"picked":"Fission","floor":16},{"not_picked":["Streamline","Barrage"],"picked":"Capacitor","floor":18},{"not_picked":["Gash","Heatsinks"],"picked":"Cold Snap+1","floor":21},{"not_picked":["Stack","Storm"],"picked":"Sweeping Beam","floor":22},{"not_picked":["Reinforced Body","Aggregate"],"picked":"Electrodynamics","floor":23},{"not_picked":["Barrage","Leap"],"picked":"Static Discharge+1","floor":24},{"not_picked":["Barrage+1","Compile Driver"],"picked":"Doom and Gloom","floor":27}],"player_experience":31206,"relics_obtained":[{"floor":6,"key":"Torii"},{"floor":9,"key":"Sundial"},{"floor":11,"key":"Pear"},{"floor":23,"key":"Girya"},{"floor":26,"key":"Kunai"}],"event_choices":[{"damage_healed":0,"gold_gain":0,"player_choice":"Grow","damage_taken":0,"max_hp_gain":0,"max_hp_loss":0,"event_name":"Living Wall","floor":2,"gold_loss":0,"cards_upgraded":["Conserve Battery"]},{"damage_healed":2,"gold_gain":0,"player_choice":"Full Heal","damage_taken":0,"max_hp_gain":0,"max_hp_loss":0,"event_name":"Wheel of Change","floor":4,"gold_loss":0},{"damage_healed":0,"gold_gain":0,"player_choice":"Became a Ghost","damage_taken":0,"max_hp_gain":0,"max_hp_loss":46,"event_name":"Ghosts","floor":19,"gold_loss":0,"cards_obtained":["Ghostly","Ghostly","Ghostly","Ghostly","Ghostly"]},{"cards_removed":["Strike_B"],"damage_healed":0,"gold_gain":0,"player_choice":"Gave Gold","damage_taken":0,"max_hp_gain":0,"max_hp_loss":0,"event_name":"Beggar","floor":20,"gold_loss":75}],"is_beta":false,"boss_relics":[{"not_picked":["Coffee Dripper","Empty Cage"],"picked":"Runic Pyramid"}],"items_purged_floors":[],"is_endless":false,"potions_floor_spawned":[3,10,11,13,21,22],"killed_by":"Centurion and Healer","ascension_level":0}