{"gold_per_floor":[114,114,114,127,52,86,99,134,134,152,152,184,196,223,223,300,300,319,319,244,56,56,56],"floor_reached":23,"playtime":544,"items_purged":["Strike_B","Defend_B"],"score":484,"play_id":"14585a6e-6ae1-468e-bdbf-68662204c466","local_time":"20190223021015","is_ascension_mode":true,"campfire_choices":[{"floor":11.0,"key":"REST"},{"floor":15,"key":"REST"}],"neow_cost":"NONE","seed_source_timestamp":42876582734000,"circlet_count":0,"master_deck":["AscendersBane","Strike_B+1","Strike_B+1","Defend_B","Zap","Dualcast","Biased Cognition","Ball Lightning","Consume","Ball Lightning","Cold Snap","Seek","Conserve Battery","Fission","Beam Cell+1","Defragment"],"special_seed":0,"relics":["Cracked Core","Bird Faced Urn","Blue Candle","Ornamental Fan","Anchor","Potion Belt","Empty Cage","Nloth\u0027s Gift"],"potions_floor_usage":[23],"damage_taken":[{"damage":0.0,"enemies":"Jaw Worm","floor":1.0,"turns":1.0},{"damage":0.0,"enemies":"Small Slimes","floor":4.0,"turns":1.0},{"damage":0.0,"enemies":"Gremlin Nob","floor":6.0,"turns":1.0},{"damage":4.0,"enemies":"2 Louse","floor":7.0,"turns":3.0},{"damage":30.0,"enemies":"3 Sentries","floor":8.0,"turns":6.0},{"damage":0.0,"enemies":"2 Fungi Beasts","floor":10.0,"turns":2.0},{"damage":15.0,"enemies":"Lagavulin","floor":12.0,"turns":4.0},{"damage":6.0,"enemies":"Gremlin Gang","floor":13.0,"turns":4.0},{"damage":20,"enemies":"3 Sentries","floor":14,"turns":5},{"damage":16,"enemies":"Slime Boss","floor":16,"turns":8},{"damage":5,"enemies":"Spheric Guardian","floor":18,"turns":4},{"damage":61,"enemies":"Slavers","floor":23,"turns":5}],"seed_played":"-5465961482273836428","potions_obtained":[{"floor":6.0,"key":"SteroidPotion"},{"floor":7.0,"key":"Strength Potion"},{"floor":8.0,"key":"Explosive Potion"},{"floor":13.0,"key":"SneckoOil"},{"floor":14,"key":"GamblersBrew"}],"is_trial":false,"path_per_floor":["M","?","?","M","$","E","M","E","T","M","R","E","M","E","R","B",null,"M","?","?","$","?","E"],"character_chosen":"DEFECT","items_purchased":["Defragment"],"campfire_rested":2,"item_purchase_floors":[21],"current_hp_per_floor":[64,69,46,46,46,46,42,14,14,16,38,25,21,3,25,11,60,57,57,57,57,57,0],"gold":56,"neow_bonus":"THREE_ENEMY_KILL","is_prod":false,"is_daily":false,"chose_seed":false,"campfire_upgraded":0,"win_rate":0,"timestamp":1550880615,"path_taken":["M","?","?","M","$","E","M","E","T","M","R","E","M","E","R","BOSS","M","?","?","$","?","E"],"build_version":"2019-01-23","purchased_purges":2,"victory":false,"max_hp_per_floor":[71,76,76,76,76,76,76,76,76,76,76,76,76,76,76,76,76,76,76,76,76,76,76],"card_choices":[{"not_picked":["Hologram","Beam Cell","Stack"],"picked":"SKIP","floor":1.0},{"not_picked":["Tempest","Recycle"],"picked":"Biased Cognition","floor":4.0},{"not_picked":["Streamline","Leap"],"picked":"Ball Lightning","floor":6.0},{"not_picked":["Go for the Eyes","Seek"],"picked":"Consume","floor":7.0},{"not_picked":["Stack","Redo"],"picked":"Ball Lightning","floor":8.0},{"not_picked":["Coolheaded","Beam Cell","Force Field"],"picked":"SKIP","floor":10.0},{"not_picked":["Melter","Redo"],"picked":"Cold Snap","floor":12.0},{"not_picked":["BootSequence","Barrage"],"picked":"Seek","floor":13.0},{"not_picked":["Tempest","Barrage"],"picked":"Conserve Battery","floor":14},{"not_picked":["Hyperbeam","Meteor Strike"],"picked":"Fission","floor":16},{"not_picked":["Stack","Barrage"],"picked":"Beam Cell+1","floor":18}],"player_experience":898542,"relics_obtained":[{"floor":6.0,"key":"Bird Faced Urn"},{"floor":8.0,"key":"Blue Candle"},{"floor":9.0,"key":"Ornamental Fan"},{"floor":12.0,"key":"Anchor"},{"floor":14,"key":"Potion Belt"}],"event_choices":[{"damage_healed":0.0,"max_hp_gain":5.0,"max_hp_loss":0.0,"gold_gain":0.0,"event_name":"Big Fish","player_choice":"Donut","floor":2.0,"gold_loss":0.0,"damage_taken":0.0},{"damage_healed":0.0,"max_hp_gain":0.0,"max_hp_loss":0.0,"gold_gain":0.0,"event_name":"Shining Light","player_choice":"Entered Light","floor":3.0,"gold_loss":0.0,"damage_taken":23.0,"cards_upgraded":["Strike_B","Strike_B"]},{"damage_healed":0,"gold_gain":0,"player_choice":"Ignored","damage_taken":0,"max_hp_gain":0,"max_hp_loss":0,"event_name":"Ghosts","floor":19,"gold_loss":0},{"cards_removed":["Defend_B"],"damage_healed":0,"gold_gain":0,"player_choice":"Gave Gold","damage_taken":0,"max_hp_gain":0,"max_hp_loss":0,"event_name":"Beggar","floor":20,"gold_loss":75},{"damage_healed":0,"gold_gain":0,"player_choice":"Traded Relic","damage_taken":0,"relics_obtained":["Nloth\u0027s Gift"],"max_hp_gain":0,"max_hp_loss":0,"event_name":"N\u0027loth","floor":22,"relics_lost":["NeowsBlessing"],"gold_loss":0}],"is_beta":false,"boss_relics":[{"not_picked":["Fusion Hammer","FrozenCore"],"picked":"Empty Cage"}],"items_purged_floors":[5,21],"is_endless":false,"potions_floor_spawned":[6,7,8,13,14],"killed_by":"Slavers","ascension_level":20}