{"gold_per_floor":[18,18,18,18,30,365,365,391,391,424,447,389],"floor_reached":12,"playtime":466,"items_purged":[],"score":101,"play_id":"2b0ae457-d393-45e2-9aa8-8b83fc328843","local_time":"20190220205306","is_ascension_mode":true,"campfire_choices":[{"data":"Zap","floor":7,"key":"SMITH"}],"neow_cost":"NO_GOLD","seed_source_timestamp":168591915474681,"circlet_count":0,"master_deck":["Strike_B","Strike_B","Strike_B","Defend_B","Defend_B","Defend_B","Defend_B","Zap+1","Dualcast","Panacea","Finesse","FTL","Ball Lightning","Meteor Strike","Coolheaded","Gash","Blizzard","White Noise"],"relics":["Cracked Core","Old Coin","Potion Belt","Ornamental Fan","MawBank"],"potions_floor_usage":[8],"damage_taken":[{"damage":0,"enemies":"2 Louse","floor":1,"turns":2},{"damage":0,"enemies":"Cultist","floor":5,"turns":3},{"damage":20,"enemies":"Lagavulin","floor":6,"turns":6},{"damage":17,"enemies":"Gremlin Nob","floor":8,"turns":4},{"damage":13,"enemies":"3 Sentries","floor":10,"turns":7},{"damage":1,"enemies":"Jaw Worm","floor":11,"turns":3}],"seed_played":"-4506831895578902065","potions_obtained":[{"floor":1,"key":"Swift Potion"},{"floor":2,"key":"FairyPotion"},{"floor":2,"key":"Dexterity Potion"},{"floor":10,"key":"Weak Potion"}],"is_trial":false,"path_per_floor":["M","?","$","?","M","E","R","E","T","E","M","$"],"character_chosen":"DEFECT","items_purchased":["White Noise"],"campfire_rested":0,"item_purchase_floors":[12],"current_hp_per_floor":[75,75,75,68,68,48,48,31,31,18,17,17],"gold":389,"neow_bonus":"RANDOM_COLORLESS_2","is_prod":false,"is_daily":false,"chose_seed":false,"campfire_upgraded":1,"win_rate":0,"timestamp":1550724786,"path_taken":["M","?","?","?","M","E","R","E","T","E","?","$"],"build_version":"2019-01-23","purchased_purges":0,"victory":false,"max_hp_per_floor":[75,75,75,75,75,75,75,75,75,75,75,75],"card_choices":[{"not_picked":["Gash","Steam"],"picked":"FTL","floor":1},{"not_picked":["Hologram","Redo"],"picked":"Ball Lightning","floor":5},{"not_picked":["Darkness","Gash"],"picked":"Meteor Strike","floor":6},{"not_picked":["Leap","Gash"],"picked":"Coolheaded","floor":8},{"not_picked":["Undo","Barrage"],"picked":"Gash","floor":10},{"not_picked":["Turbo","Go for the Eyes"],"picked":"Blizzard","floor":11}],"player_experience":278481,"relics_obtained":[{"floor":6,"key":"Old Coin"},{"floor":8,"key":"Potion Belt"},{"floor":9,"key":"Ornamental Fan"},{"floor":10,"key":"MawBank"}],"event_choices":[{"damage_healed":0,"gold_gain":0,"player_choice":"Got Potions","damage_taken":0,"max_hp_gain":0,"max_hp_loss":0,"event_name":"Lab","floor":2,"gold_loss":0},{"cards_removed":["Strike_B"],"damage_healed":0,"gold_gain":0,"player_choice":"Card Removal","damage_taken":7,"max_hp_gain":0,"max_hp_loss":0,"event_name":"Golden Wing","floor":4,"gold_loss":0}],"is_beta":false,"boss_relics":[],"items_purged_floors":[],"is_endless":false,"potions_floor_spawned":[1,10],"ascension_level":1}