{"gold_per_floor":[118,193,204,250,6,6,17,17,17,17,46,46,90,90,90,181,181,205,230,31,31,55,55,89,89,115,134,173,173,196,220,220,220],"floor_reached":33,"playtime":1389,"items_purged":["Strike_R"],"score":586,"play_id":"c973b599-1d50-4aae-9883-658489e663f8","local_time":"20190211110555","is_ascension_mode":true,"campfire_choices":[{"data":"Armaments","floor":6.0,"key":"SMITH"},{"data":"Bludgeon","floor":8.0,"key":"SMITH"},{"data":"Disarm","floor":10.0,"key":"SMITH"},{"floor":15.0,"key":"REST"},{"data":"Offering","floor":23.0,"key":"SMITH"},{"data":"Bash","floor":25.0,"key":"SMITH"},{"data":"Shockwave","floor":29.0,"key":"SMITH"},{"data":"Inflame","floor":32,"key":"SMITH"}],"neow_cost":"TEN_PERCENT_HP_LOSS","seed_source_timestamp":2770682586431046,"circlet_count":0,"master_deck":["AscendersBane","Strike_R+1","Strike_R","Strike_R","Strike_R","Defend_R","Defend_R","Defend_R","Defend_R","Bash+1","Bludgeon+1","Hemokinesis","Anger+1","Armaments+1","Disarm+1","Reaper","Offering+1","True Grit","Shockwave+1","Inflame+1"],"special_seed":0,"relics":["Burning Blood","Pen Nib","Membership Card","Singing Bowl","Dodecahedron","Golden Idol","Letter Opener","NlothsMask","Coffee Dripper","Happy Flower","Whetstone","Oddly Smooth Stone","Charon\u0027s Ashes"],"potions_floor_usage":[30,33],"damage_taken":[{"damage":6.0,"enemies":"Cultist","floor":1.0,"turns":3.0},{"damage":12.0,"enemies":"Jaw Worm","floor":3.0,"turns":5.0},{"damage":6.0,"enemies":"2 Louse","floor":7.0,"turns":3.0},{"damage":26.0,"enemies":"Lagavulin","floor":11.0,"turns":7.0},{"damage":22.0,"enemies":"3 Sentries","floor":13.0,"turns":9.0},{"damage":44.0,"enemies":"The Guardian","floor":16.0,"turns":16.0},{"damage":10.0,"enemies":"Chosen","floor":18.0,"turns":4.0},{"damage":25.0,"enemies":"3 Byrds","floor":19.0,"turns":7.0},{"damage":2.0,"enemies":"Sentry and Sphere","floor":22.0,"turns":4.0},{"damage":15.0,"enemies":"Gremlin Leader","floor":24.0,"turns":4.0},{"damage":18.0,"enemies":"Cultist and Chosen","floor":27.0,"turns":5.0},{"damage":39.0,"enemies":"Book of Stabbing","floor":28.0,"turns":6.0},{"damage":16,"enemies":"Shelled Parasite and Fungi","floor":30,"turns":2},{"damage":6,"enemies":"Chosen and Byrds","floor":31,"turns":4},{"damage":92,"enemies":"Champ","floor":33,"turns":10}],"seed_played":"3566228622530935826","potions_obtained":[{"floor":1.0,"key":"SpeedPotion"},{"floor":7.0,"key":"BloodPotion"},{"floor":18.0,"key":"SteroidPotion"},{"floor":22.0,"key":"Poison Potion"},{"floor":28.0,"key":"PowerPotion"},{"floor":30,"key":"BloodPotion"}],"is_trial":false,"path_per_floor":["M","?","M","T","$","R","M","R","T","R","E","?","E","?","R","B",null,"M","M","$","?","M","R","E","R","T","M","E","R","M","M","R","B"],"character_chosen":"IRONCLAD","items_purchased":["Membership Card","Armaments","Happy Flower","Whetstone"],"campfire_rested":1,"item_purchase_floors":[5,5,20,20],"current_hp_per_floor":[68,57,51,51,51,51,51,51,51,51,33,33,17,17,35,8,49,51,48,48,48,58,58,61,61,61,57,41,41,37,46,46,0],"gold":220,"neow_bonus":"THREE_RARE_CARDS","is_prod":false,"is_daily":false,"chose_seed":false,"campfire_upgraded":7,"win_rate":0,"timestamp":1549901155,"path_taken":["M","?","M","?","$","R","M","R","T","R","E","?","E","?","R","BOSS","M","M","?","?","M","R","E","R","T","M","E","R","M","M","R","BOSS"],"build_version":"2019-01-23","purchased_purges":1,"victory":false,"max_hp_per_floor":[68,68,68,68,68,68,68,68,68,68,70,63,63,63,63,63,63,65,67,67,67,67,67,69,69,69,69,71,71,73,73,73,73],"card_choices":[{"not_picked":["Reaper","Exhume"],"picked":"Bludgeon","floor":0.0},{"not_picked":["Warcry","Feel No Pain"],"picked":"Hemokinesis","floor":1.0},{"not_picked":["Warcry","Heavy Blade"],"picked":"Anger","floor":3.0},{"not_picked":["Flame Barrier","Body Slam"],"picked":"Disarm","floor":7.0},{"not_picked":["Infernal Blade","Rage","Clash"],"picked":"Singing Bowl","floor":11.0},{"not_picked":["Clothesline","Twin Strike"],"picked":"Reaper","floor":13.0},{"not_picked":["Bludgeon","Brutality"],"picked":"Offering","floor":16.0},{"not_picked":["Thunderclap","Headbutt","Cleave"],"picked":"Singing Bowl","floor":18.0},{"not_picked":["Cleave+1","Offering","Rupture"],"picked":"Singing Bowl","floor":19.0},{"not_picked":["Power Through","Flex"],"picked":"True Grit","floor":22.0},{"not_picked":["Twin Strike","Body Slam","Sword Boomerang"],"picked":"Singing Bowl","floor":24.0},{"not_picked":["Perfected Strike","Armaments"],"picked":"Shockwave","floor":27.0},{"not_picked":["Barricade","Metallicize","Sword Boomerang"],"picked":"Singing Bowl","floor":28.0},{"not_picked":["Clothesline","Flex","Twin Strike"],"picked":"Singing Bowl","floor":30},{"not_picked":["Sentinel","Clash+1"],"picked":"Inflame","floor":31}],"player_experience":921629,"relics_obtained":[{"floor":4.0,"key":"Pen Nib"},{"floor":9.0,"key":"Singing Bowl"},{"floor":11.0,"key":"Dodecahedron"},{"floor":13.0,"key":"Letter Opener"},{"floor":24.0,"key":"Oddly Smooth Stone"},{"floor":28.0,"key":"Charon\u0027s Ashes"}],"event_choices":[{"damage_healed":0.0,"max_hp_gain":0.0,"max_hp_loss":0.0,"gold_gain":75.0,"event_name":"World of Goop","player_choice":"Gather Gold","floor":2.0,"gold_loss":0.0,"damage_taken":11.0},{"damage_healed":0.0,"max_hp_gain":0.0,"max_hp_loss":7.0,"gold_gain":0.0,"event_name":"Golden Idol","player_choice":"Lose Max HP","floor":12.0,"gold_loss":0.0,"damage_taken":0.0,"relics_obtained":["Golden Idol"]},{"damage_healed":0.0,"max_hp_gain":0.0,"max_hp_loss":0.0,"gold_gain":0.0,"event_name":"FaceTrader","player_choice":"Trade","floor":14.0,"gold_loss":0.0,"damage_taken":0.0,"relics_obtained":["NlothsMask"]},{"damage_healed":0.0,"max_hp_gain":0.0,"max_hp_loss":0.0,"gold_gain":0.0,"event_name":"Beggar","player_choice":"Ignored","floor":21.0,"gold_loss":0.0,"damage_taken":0.0}],"is_beta":false,"boss_relics":[{"not_picked":["Calling Bell","Ectoplasm"],"picked":"Coffee Dripper"}],"items_purged_floors":[20],"is_endless":false,"potions_floor_spawned":[1,7,18,22,28,30],"killed_by":"Champ","ascension_level":20}