{"gold_per_floor":[143,159,179,179,189,189,189,220,220,220,41,41,51,80,80,152,152,171,261,276,29,29],"floor_reached":22,"playtime":3272,"items_purged":["Decay","Strike_B"],"score":388,"play_id":"96bedfcc-9803-4ed6-a5c4-4311e9067c93","local_time":"20190209232346","is_ascension_mode":true,"campfire_choices":[{"floor":6.0,"key":"REST"},{"floor":10.0,"key":"REST"},{"data":"Zap","floor":12.0,"key":"SMITH"},{"data":"FTL","floor":15.0,"key":"SMITH"}],"neow_cost":"NONE","seed_source_timestamp":2639982684388235,"circlet_count":0,"master_deck":["AscendersBane","Strike_B","Strike_B","Strike_B","Defend_B","Defend_B","Defend_B","Defend_B","Zap+1","Dualcast","Sweeping Beam","Coolheaded","Compile Driver","Genetic Algorithm","FTL+1","Hologram","Gash","Ball Lightning","Cold Snap","Fission","Melter+1","Compile Driver","Electrodynamics","Ball Lightning"],"special_seed":0,"relics":["Cracked Core","Tiny Chest","Pear","Ornamental Fan","Smiling Mask","Sozu"],"potions_floor_usage":[],"damage_taken":[{"damage":1.0,"enemies":"Cultist","floor":1.0,"turns":3.0},{"damage":0.0,"enemies":"2 Louse","floor":2.0,"turns":2.0},{"damage":7.0,"enemies":"Jaw Worm","floor":3.0,"turns":4.0},{"damage":19.0,"enemies":"Exordium Thugs","floor":5.0,"turns":4.0},{"damage":38.0,"enemies":"Lagavulin","floor":8.0,"turns":8.0},{"damage":9.0,"enemies":"Large Slime","floor":13.0,"turns":4.0},{"damage":7.0,"enemies":"3 Sentries","floor":14.0,"turns":5.0},{"damage":33.0,"enemies":"Slime Boss","floor":16.0,"turns":10.0},{"damage":12.0,"enemies":"2 Thieves","floor":18.0,"turns":3.0},{"damage":0.0,"enemies":"Chosen","floor":20.0,"turns":5.0},{"damage":38,"enemies":"Shelled Parasite and Fungi","floor":22,"turns":3}],"seed_played":"-3834793502295845842","potions_obtained":[{"floor":1.0,"key":"PowerPotion"},{"floor":5.0,"key":"GamblersBrew"},{"floor":8.0,"key":"FocusPotion"}],"is_trial":false,"path_per_floor":["M","M","M","?","M","R","?","E","T","R","$","R","M","E","R","B",null,"M","?","M","$","M"],"character_chosen":"DEFECT","items_purchased":["Hologram","Gash","Electrodynamics","Ball Lightning"],"campfire_rested":2,"item_purchase_floors":[11,11,21,21],"current_hp_per_floor":[63,63,56,56,37,58,58,30,30,54,54,54,45,38,38,5,62,50,34,34,34,0],"gold":29,"neow_bonus":"RANDOM_COMMON_RELIC","is_prod":false,"is_daily":false,"chose_seed":false,"campfire_upgraded":2,"win_rate":0,"timestamp":1549772626,"path_taken":["M","M","?","?","?","R","?","E","T","R","?","R","M","E","R","BOSS","M","?","M","$","M"],"build_version":"2019-01-23","purchased_purges":2,"victory":false,"max_hp_per_floor":[71,71,71,71,71,71,71,81,81,81,81,81,81,81,81,81,81,81,81,81,81,81],"card_choices":[{"not_picked":["Recycle","Coolheaded"],"picked":"Sweeping Beam","floor":1.0},{"not_picked":["Turbo","Aggregate"],"picked":"Coolheaded","floor":2.0},{"not_picked":["Go for the Eyes","Doom and Gloom"],"picked":"Compile Driver","floor":3.0},{"not_picked":["Hologram","Blizzard"],"picked":"Genetic Algorithm","floor":5.0},{"not_picked":["Barrage","Stack"],"picked":"FTL","floor":8.0},{"not_picked":["Go for the Eyes","Turbo"],"picked":"Ball Lightning","floor":13.0},{"not_picked":["Self Repair","Blizzard"],"picked":"Cold Snap","floor":14.0},{"not_picked":["Reboot","Thunder Strike"],"picked":"Fission","floor":16.0},{"not_picked":["Leap","Coolheaded"],"picked":"Melter+1","floor":18.0},{"not_picked":["Rebound","Turbo"],"picked":"Compile Driver","floor":20.0}],"player_experience":910134,"relics_obtained":[{"floor":8.0,"key":"Pear"},{"floor":9.0,"key":"Ornamental Fan"},{"floor":14.0,"key":"Smiling Mask"}],"event_choices":[{"damage_healed":0.0,"max_hp_gain":0.0,"max_hp_loss":0.0,"gold_gain":0.0,"event_name":"Wheel of Change","player_choice":"Cursed","floor":4.0,"gold_loss":0.0,"damage_taken":0.0,"cards_obtained":["Decay"]},{"damage_healed":0.0,"max_hp_gain":0.0,"max_hp_loss":0.0,"gold_gain":0.0,"event_name":"Liars Game","player_choice":"Ignored","floor":7.0,"gold_loss":0.0,"damage_taken":0.0},{"damage_healed":0.0,"max_hp_gain":0.0,"max_hp_loss":0.0,"gold_gain":90.0,"event_name":"Knowing Skull","player_choice":"GOLD ","floor":19.0,"potions_obtained":[],"gold_loss":0.0,"damage_taken":16.0,"cards_obtained":[]}],"is_beta":false,"boss_relics":[{"not_picked":["Cursed Key","Busted Crown"],"picked":"Sozu"}],"items_purged_floors":[11,21],"is_endless":false,"potions_floor_spawned":[1,5,8,18,20],"killed_by":"Shelled Parasite and Fungi","ascension_level":20}