{"gold_per_floor":[116,128,128,140,158,185,195,195,195,214,39,54,54,80,80,177,177,177,177,177,177,28,28],"floor_reached":23,"playtime":2193,"items_purged":[],"score":233,"play_id":"3eece05e-de03-4e21-b8e6-1f4fb1a664a3","local_time":"20190221104643","is_ascension_mode":true,"campfire_choices":[{"floor":8,"key":"REST"},{"data":"Demon Form","floor":13,"key":"SMITH"},{"floor":15,"key":"REST"}],"neow_cost":"NONE","seed_source_timestamp":536733737285487,"circlet_count":0,"master_deck":["Strike_R","Strike_R","Strike_R","Strike_R","Defend_R","Defend_R","Defend_R","Defend_R","Bash","Rage","Corruption","Warcry","Havoc","Sentinel","Havoc","Demon Form+1","Heavy Blade","Limit Break","Headbutt","Warcry","Inflame"],"relics":["Burning Blood","Strawberry","Letter Opener","Anchor","Lantern","Ectoplasm","Dead Branch","Gremlin Horn"],"potions_floor_usage":[6,6,12,16,19,21],"damage_taken":[{"damage":9,"enemies":"Jaw Worm","floor":1,"turns":4},{"damage":8,"enemies":"Cultist","floor":2,"turns":5},{"damage":8,"enemies":"Small Slimes","floor":4,"turns":4},{"damage":6,"enemies":"Blue Slaver","floor":5,"turns":4},{"damage":42,"enemies":"3 Sentries","floor":6,"turns":16},{"damage":28,"enemies":"Exordium Wildlife","floor":7,"turns":11},{"damage":8,"enemies":"3 Louse","floor":10,"turns":4},{"damage":4,"enemies":"Lots of Slimes","floor":12,"turns":4},{"damage":19,"enemies":"Lagavulin","floor":14,"turns":6},{"damage":44,"enemies":"Hexaghost","floor":16,"turns":9},{"damage":41,"enemies":"Spheric Guardian","floor":18,"turns":6},{"damage":6,"enemies":"3 Byrds","floor":19,"turns":6},{"damage":15,"enemies":"Colosseum Slavers","floor":21,"turns":4},{"damage":43,"enemies":"Colosseum Nobs","floor":21,"turns":5},{"damage":21,"enemies":"Slavers","floor":23,"turns":2}],"seed_played":"-3580238406969068709","potions_obtained":[{"floor":4,"key":"SpeedPotion"},{"floor":5,"key":"Block Potion"},{"floor":7,"key":"Ancient Potion"},{"floor":10,"key":"Dexterity Potion"},{"floor":16,"key":"Regen Potion"},{"floor":18,"key":"Swift Potion"},{"floor":21,"key":"Ancient Potion"}],"is_trial":false,"path_per_floor":["M","M","?","M","M","E","M","R","T","M","$","M","R","E","R","B",null,"M","M","$","?","$","E"],"character_chosen":"IRONCLAD","items_purchased":["Anchor","Havoc","Warcry","Inflame","SteroidPotion"],"campfire_rested":2,"item_purchase_floors":[11,11,22,22,22],"current_hp_per_floor":[77,75,67,65,65,36,14,40,40,38,38,40,40,27,53,15,87,52,67,67,21,21,0],"gold":28,"neow_bonus":"REMOVE_CARD","is_prod":false,"is_daily":false,"chose_seed":false,"campfire_upgraded":1,"win_rate":0,"timestamp":1550742403,"path_taken":["M","M","?","?","M","E","M","R","T","M","$","?","R","E","R","BOSS","M","M","$","?","$","E"],"build_version":"2019-01-23","purchased_purges":0,"victory":false,"max_hp_per_floor":[80,80,80,80,80,87,87,87,87,87,87,87,87,87,87,87,87,87,87,87,87,87,87],"card_choices":[{"not_picked":["Pommel Strike","Anger"],"picked":"Rage","floor":1},{"not_picked":["Flex","Infernal Blade"],"picked":"Corruption","floor":2},{"not_picked":["Cleave","Shrug It Off","Wild Strike"],"picked":"SKIP","floor":4},{"not_picked":["Sword Boomerang","Flex"],"picked":"Warcry","floor":5},{"not_picked":["Pummel","Wild Strike"],"picked":"Havoc","floor":6},{"not_picked":["Dropkick","Flex","Flame Barrier"],"picked":"SKIP","floor":7},{"not_picked":["Pommel Strike","Seeing Red"],"picked":"Sentinel","floor":10},{"not_picked":["Clash","Corruption"],"picked":"Demon Form","floor":12},{"not_picked":["Wild Strike","Havoc"],"picked":"Heavy Blade","floor":14},{"not_picked":["Impervious","Offering"],"picked":"Limit Break","floor":16},{"not_picked":["Reckless Charge+1","Power Through","Entrench"],"picked":"SKIP","floor":18},{"not_picked":["Power Through","Perfected Strike"],"picked":"Headbutt","floor":19}],"player_experience":300677,"relics_obtained":[{"floor":6,"key":"Strawberry"},{"floor":9,"key":"Letter Opener"},{"floor":14,"key":"Lantern"},{"floor":21,"key":"Dead Branch"},{"floor":21,"key":"Gremlin Horn"}],"event_choices":[{"damage_healed":0,"gold_gain":0,"player_choice":"Damaged","damage_taken":8,"max_hp_gain":0,"max_hp_loss":0,"event_name":"Wheel of Change","floor":3,"gold_loss":0},{"damage_healed":0,"gold_gain":0,"player_choice":"Fight","damage_taken":0,"max_hp_gain":0,"max_hp_loss":0,"event_name":"Colosseum","floor":21,"gold_loss":0},{"damage_healed":0,"gold_gain":0,"player_choice":"Fought Nobs","damage_taken":0,"max_hp_gain":0,"max_hp_loss":0,"event_name":"Colosseum","floor":21,"gold_loss":0}],"is_beta":false,"boss_relics":[{"not_picked":["Runic Cube","Runic Dome"],"picked":"Ectoplasm"}],"items_purged_floors":[],"is_endless":false,"potions_floor_spawned":[4,5,7,10,16,18,21],"killed_by":"Slavers","ascension_level":3}