{"gold_per_floor":[117,127,127,141,153,153,163,163,163,163,173,173,190,42,42,144,144,164,164,179,194,204,229,249,149,176,51,51,79,79,99,99,204,204,215,215,226,244,94,120,120,132,132,132,145,165,165,177,177,177,177,177,2,34,34],"floor_reached":55,"playtime":2030,"items_purged":["Strike_R","Defend_R","Defend_R","Dark Embrace","Bash+1"],"score":765,"play_id":"999ad57d-34c3-4e9f-8c36-2c3fe5c1d2f6","local_time":"20190222173510","is_ascension_mode":false,"campfire_choices":[{"data":"Body Slam","floor":6.0,"key":"SMITH"},{"data":"Barricade","floor":12.0,"key":"SMITH"},{"data":"Ghostly Armor","floor":15.0,"key":"SMITH"},{"data":"Uppercut","floor":28.0,"key":"SMITH"},{"data":"Bash","floor":32.0,"key":"SMITH"},{"floor":41.0,"key":"RECALL"},{"data":"Defend_R","floor":47.0,"key":"SMITH"},{"floor":49.0,"key":"REST"},{"floor":52.0,"key":"REST"}],"neow_cost":"NONE","seed_source_timestamp":0,"circlet_count":0,"master_deck":["Defend_R+1","Body Slam+1","Barricade+1","Ghostly Armor+1","Uppercut+1","Flame Barrier+1"],"special_seed":0,"relics":["Black Blood","Velvet Choker","Ice Cream","Anchor","Red Mask","Paper Frog","Thread and Needle","Letter Opener"],"potions_floor_usage":[54,55,55],"damage_taken":[{"damage":7.0,"enemies":"Jaw Worm","floor":1.0,"turns":6.0},{"damage":3.0,"enemies":"Cultist","floor":2.0,"turns":5.0},{"damage":2.0,"enemies":"2 Louse","floor":4.0,"turns":3.0},{"damage":8.0,"enemies":"Blue Slaver","floor":5.0,"turns":6.0},{"damage":3.0,"enemies":"2 Fungi Beasts","floor":7.0,"turns":3.0},{"damage":17.0,"enemies":"Large Slime","floor":11.0,"turns":6.0},{"damage":8.0,"enemies":"Blue Slaver","floor":13.0,"turns":5.0},{"damage":27.0,"enemies":"The Guardian","floor":16.0,"turns":12.0},{"damage":0.0,"enemies":"Shell Parasite","floor":18.0,"turns":5.0},{"damage":6.0,"enemies":"Chosen","floor":20.0,"turns":3.0},{"damage":18.0,"enemies":"Shelled Parasite and Fungi","floor":21.0,"turns":6.0},{"damage":11.0,"enemies":"Snake Plant","floor":22.0,"turns":5.0},{"damage":13.0,"enemies":"Gremlin Leader","floor":23.0,"turns":12.0},{"damage":34.0,"enemies":"Sentry and Sphere","floor":24.0,"turns":9.0},{"damage":0.0,"enemies":"Masked Bandits","floor":29.0,"turns":7.0},{"damage":0.0,"enemies":"Centurion and Healer","floor":31.0,"turns":5.0},{"damage":4.0,"enemies":"Automaton","floor":33.0,"turns":10.0},{"damage":30.0,"enemies":"3 Darklings","floor":35.0,"turns":6.0},{"damage":0.0,"enemies":"3 Shapes","floor":37.0,"turns":3.0},{"damage":14.0,"enemies":"3 Darklings","floor":38.0,"turns":7.0},{"damage":0.0,"enemies":"Nemesis","floor":40.0,"turns":5.0},{"damage":12.0,"enemies":"Transient","floor":42.0,"turns":5.0},{"damage":0.0,"enemies":"Maw","floor":45.0,"turns":5.0},{"damage":0.0,"enemies":"Jaw Worm Horde","floor":46.0,"turns":4.0},{"damage":0.0,"enemies":"Transient","floor":48.0,"turns":5.0},{"damage":0.0,"enemies":"Time Eater","floor":50.0,"turns":10.0},{"damage":21,"enemies":"Shield and Spear","floor":54,"turns":8},{"damage":74,"enemies":"The Heart","floor":55,"turns":9}],"seed_played":"-7729831175408014084","potions_obtained":[{"floor":1.0,"key":"Regen Potion"},{"floor":13.0,"key":"Weak Potion"},{"floor":16.0,"key":"BloodPotion"},{"floor":23.0,"key":"Regen Potion"},{"floor":29.0,"key":"Explosive Potion"},{"floor":33.0,"key":"Ancient Potion"},{"floor":37.0,"key":"Ancient Potion"},{"floor":38.0,"key":"LiquidBronze"}],"is_trial":false,"path_per_floor":["M","M","?","M","M","R","M","?","T","?","M","R","M","$","R","B",null,"M","?","M","M","M","E","M","$","T","$","R","?","$","M","R","B",null,"M","?","M","M","$","E","R","M","T","?","M","M","R","M","R","B",null,"R","$","E","B"],"character_chosen":"IRONCLAD","items_purchased":["Ghostly Armor"],"campfire_rested":2,"item_purchase_floors":[14],"current_hp_per_floor":[79,80,80,80,78,78,80,85,85,78,67,67,65,65,65,44,85,85,85,85,73,68,61,41,41,41,41,41,85,85,85,85,85,85,65,65,75,71,71,81,81,79,79,79,85,85,85,85,85,85,85,85,85,74,0],"gold":34,"neow_bonus":"REMOVE_CARD","is_prod":false,"is_daily":false,"chose_seed":false,"campfire_upgraded":6,"win_rate":0,"timestamp":1550824510,"path_taken":["M","M","?","M","?","R","M","?","T","?","M","R","M","$","R","BOSS","M","?","M","M","M","E","M","$","T","$","R","?","?","M","R","BOSS","M","?","M","M","$","E","R","M","T","?","M","M","R","?","R","BOSS","R","$","E","BOSS"],"build_version":"2019-01-23","purchased_purges":5,"victory":false,"max_hp_per_floor":[80,80,80,80,80,80,80,85,85,85,85,85,85,85,85,85,85,85,85,85,85,85,85,85,85,85,85,85,85,85,85,85,85,85,85,85,85,85,85,85,85,85,85,85,85,85,85,85,85,85,85,85,85,85,85],"card_choices":[{"not_picked":["Hemokinesis","Wild Strike","Flex"],"picked":"SKIP","floor":1.0},{"not_picked":["Heavy Blade","Pommel Strike","Ghostly Armor"],"picked":"SKIP","floor":2.0},{"not_picked":["Thunderclap","Rupture"],"picked":"Body Slam","floor":4.0},{"not_picked":["Reckless Charge","Wild Strike","Warcry"],"picked":"SKIP","floor":5.0},{"not_picked":["Infernal Blade","Havoc","Shrug It Off"],"picked":"SKIP","floor":7.0},{"not_picked":["Metallicize","Pommel Strike"],"picked":"Barricade","floor":11.0},{"not_picked":["Carnage","Bloodletting","Wild Strike"],"picked":"SKIP","floor":13.0},{"not_picked":["Searing Blow","Uppercut","Warcry+1"],"picked":"SKIP","floor":18.0},{"not_picked":["Twin Strike+1","Pommel Strike","Body Slam"],"picked":"SKIP","floor":20.0},{"not_picked":["Anger+1","Warcry+1","Metallicize+1"],"picked":"SKIP","floor":21.0},{"not_picked":["Anger","Perfected Strike+1","Reckless Charge"],"picked":"SKIP","floor":22.0},{"not_picked":["Fire Breathing","Wild Strike","Spot Weakness"],"picked":"SKIP","floor":23.0},{"not_picked":["Double Tap","Body Slam"],"picked":"Flame Barrier+1","floor":24.0},{"not_picked":["Infernal Blade+1","Blood for Blood","Heavy Blade"],"picked":"SKIP","floor":31.0},{"not_picked":["Iron Wave","Evolve","Wild Strike+1"],"picked":"SKIP","floor":35.0},{"not_picked":["Body Slam+1","Sever Soul","Power Through+1"],"picked":"SKIP","floor":37.0},{"not_picked":["Combust+1","Anger+1","Twin Strike"],"picked":"SKIP","floor":38.0},{"not_picked":["Brutality","Intimidate","Dual Wield"],"picked":"SKIP","floor":40.0},{"not_picked":["Perfected Strike","Flame Barrier+1","Body Slam+1"],"picked":"SKIP","floor":42.0},{"not_picked":["Uppercut","Iron Wave+1","Second Wind"],"picked":"SKIP","floor":45.0},{"not_picked":["Pommel Strike","Wild Strike+1","Armaments+1"],"picked":"SKIP","floor":46.0},{"not_picked":["Headbutt","Shockwave+1","Body Slam"],"picked":"SKIP","floor":48.0},{"not_picked":["Cleave+1","Pummel","Armaments+1"],"picked":"SKIP","floor":54}],"player_experience":1153554,"relics_obtained":[{"floor":23.0,"key":"Ice Cream"},{"floor":26.0,"key":"Anchor"},{"floor":29.0,"key":"Red Mask"},{"floor":40.0,"key":"Paper Frog"},{"floor":43.0,"key":"Thread and Needle"},{"floor":54,"key":"Letter Opener"}],"event_choices":[{"cards_removed":["Defend_R"],"damage_healed":0.0,"max_hp_gain":0.0,"max_hp_loss":0.0,"gold_gain":0.0,"event_name":"Purifier","player_choice":"Purged","floor":3.0,"gold_loss":0.0,"damage_taken":0.0},{"damage_healed":0.0,"max_hp_gain":5.0,"max_hp_loss":0.0,"gold_gain":0.0,"event_name":"Big Fish","player_choice":"Donut","floor":8.0,"gold_loss":0.0,"damage_taken":0.0},{"cards_removed":["Strike_R"],"damage_healed":0.0,"max_hp_gain":0.0,"max_hp_loss":0.0,"gold_gain":0.0,"event_name":"Golden Wing","player_choice":"Card Removal","floor":10.0,"gold_loss":0.0,"damage_taken":7.0},{"damage_healed":0.0,"max_hp_gain":0.0,"max_hp_loss":0.0,"gold_gain":0.0,"cards_transformed":["Strike_R","Strike_R"],"event_name":"Drug Dealer","player_choice":"Became Test Subject","floor":19.0,"gold_loss":0.0,"damage_taken":0.0,"cards_obtained":["Uppercut","Dark Embrace"]},{"damage_healed":0.0,"max_hp_gain":0.0,"max_hp_loss":0.0,"gold_gain":0.0,"event_name":"Masked Bandits","player_choice":"Fought Bandits","floor":29.0,"gold_loss":0.0,"damage_taken":0.0},{"damage_healed":0.0,"max_hp_gain":0.0,"max_hp_loss":0.0,"gold_gain":0.0,"event_name":"SensoryStone","player_choice":"Memory 1","floor":36.0,"gold_loss":0.0,"damage_taken":0.0},{"damage_healed":0.0,"max_hp_gain":0.0,"max_hp_loss":0.0,"gold_gain":0.0,"event_name":"SecretPortal","player_choice":"Ignored","floor":44.0,"gold_loss":0.0,"damage_taken":0.0}],"is_beta":false,"boss_relics":[{"not_picked":["Sozu","Ectoplasm"],"picked":"Velvet Choker"},{"not_picked":["Runic Pyramid","Busted Crown"],"picked":"Black Blood"}],"items_purged_floors":[14,25,27,39,53],"is_endless":false,"potions_floor_spawned":[1,13,16,18,23,29,33,37,38,40,46],"killed_by":"The Heart","ascension_level":0}