{"gold_per_floor":[115,125,40,54,54,80,91,91,118,118,133,133,133,150,150,221,221,237,237,255,28,28,28,28,57,57,73,123,137,187,205,205,205],"floor_reached":33,"playtime":1712,"items_purged":[],"score":534,"play_id":"51d65489-9b18-4ea9-b15c-7a805ebbc8f3","local_time":"20190210193534","is_ascension_mode":true,"campfire_choices":[{"floor":10.0,"key":"REST"},{"data":"Deadly Poison","floor":12.0,"key":"SMITH"},{"data":"Footwork","floor":15.0,"key":"SMITH"},{"data":"RitualDagger","floor":23.0,"key":"SMITH"},{"floor":32,"key":"REST"}],"neow_cost":"NONE","seed_source_timestamp":0,"circlet_count":0,"master_deck":["AscendersBane","Defend_G","Defend_G","Defend_G","Defend_G","Defend_G+1","Strike_G","Strike_G","Strike_G","Strike_G","Strike_G","Survivor","Neutralize+1","Crippling Poison","Dagger Throw","Footwork+1","Deadly Poison+1","Wraith Form v2+1","Venomology","PiercingWail","Backstab","Deadly Poison","Burst","Well Laid Plans","RitualDagger+1","PiercingWail","Noxious Fumes","Flying Knee+1","Dodge and Roll","Blur","After Image"],"special_seed":0,"relics":["Ring of the Snake","Sundial","Ice Cream","Anchor","Eternal Feather","Toy Ornithopter","Peace Pipe","Question Card"],"potions_floor_usage":[31,31,33,33],"damage_taken":[{"damage":5.0,"enemies":"Small Slimes","floor":1.0,"turns":4.0},{"damage":0.0,"enemies":"Cultist","floor":2.0,"turns":4.0},{"damage":0.0,"enemies":"2 Louse","floor":4.0,"turns":4.0},{"damage":25.0,"enemies":"3 Sentries","floor":6.0,"turns":11.0},{"damage":2.0,"enemies":"Large Slime","floor":7.0,"turns":7.0},{"damage":5.0,"enemies":"2 Fungi Beasts","floor":11.0,"turns":4.0},{"damage":2.0,"enemies":"3 Louse","floor":14.0,"turns":5.0},{"damage":1.0,"enemies":"The Guardian","floor":16.0,"turns":9.0},{"damage":22.0,"enemies":"3 Byrds","floor":18.0,"turns":6.0},{"damage":0.0,"enemies":"Chosen","floor":20.0,"turns":5.0},{"damage":32.0,"enemies":"Book of Stabbing","floor":25.0,"turns":8.0},{"damage":22.0,"enemies":"Snecko","floor":27.0,"turns":7.0},{"damage":12.0,"enemies":"Snake Plant","floor":29.0,"turns":5.0},{"damage":13,"enemies":"Sentry and Sphere","floor":31,"turns":6},{"damage":49,"enemies":"Collector","floor":33,"turns":8}],"seed_played":"7896159479271721701","potions_obtained":[{"floor":1.0,"key":"LiquidBronze"},{"floor":11.0,"key":"Regen Potion"},{"floor":14.0,"key":"Energy Potion"},{"floor":20.0,"key":"Swift Potion"},{"floor":27.0,"key":"Dexterity Potion"},{"floor":29.0,"key":"SkillPotion"},{"floor":31,"key":"GamblersBrew"}],"is_trial":false,"path_per_floor":["M","M","$","M","?","E","M","T","T","R","M","R","?","M","R","B",null,"M","?","M","$","?","R","?","E","T","M","?","M","?","M","R","B"],"character_chosen":"THE_SILENT","items_purchased":["Footwork","Toy Ornithopter"],"campfire_rested":2,"item_purchase_floors":[3,21],"current_hp_per_floor":[54,54,54,54,54,29,27,27,27,46,41,41,21,34,34,33,58,36,30,30,30,30,45,45,23,23,11,11,4,4,1,38,0],"gold":205,"neow_bonus":"UPGRADE_CARD","is_prod":false,"is_daily":false,"chose_seed":false,"campfire_upgraded":3,"win_rate":0,"timestamp":1549845334,"path_taken":["M","M","$","M","?","E","?","?","T","R","M","R","?","M","R","BOSS","M","?","M","$","?","R","?","E","T","M","?","?","?","?","R","BOSS"],"build_version":"2019-01-23","purchased_purges":0,"victory":false,"max_hp_per_floor":[66,66,66,66,66,66,66,66,66,66,66,66,66,66,66,66,66,66,66,66,66,66,66,66,66,66,66,66,66,66,66,66,66],"card_choices":[{"not_picked":["Calculated Gamble","Cloak And Dagger"],"picked":"Crippling Poison","floor":1.0},{"not_picked":["Masterful Stab","Expertise"],"picked":"Dagger Throw","floor":2.0},{"not_picked":["Acrobatics","Dagger Spray"],"picked":"Deadly Poison","floor":4.0},{"not_picked":["Tactician","Reflex"],"picked":"Venomology","floor":6.0},{"not_picked":["Outmaneuver","Prepared"],"picked":"PiercingWail","floor":7.0},{"not_picked":["Flechettes","Poisoned Stab"],"picked":"Backstab","floor":11.0},{"not_picked":["Bane","Finisher"],"picked":"Deadly Poison","floor":14.0},{"not_picked":["Storm of Steel","Unload"],"picked":"Burst","floor":16.0},{"not_picked":["Dagger Spray","Blade Dance"],"picked":"Well Laid Plans","floor":18.0},{"not_picked":["Infinite Blades","Quick Slash"],"picked":"PiercingWail","floor":20.0},{"not_picked":["Catalyst","Blur"],"picked":"Flying Knee+1","floor":25.0},{"not_picked":["Choke","Infinite Blades","Sucker Punch"],"picked":"Dodge and Roll","floor":27.0},{"not_picked":["Blade Dance","Predator","Cloak And Dagger+1"],"picked":"Blur","floor":29.0},{"not_picked":["Eviscerate","Slice","Acrobatics"],"picked":"After Image","floor":31}],"player_experience":918711,"relics_obtained":[{"floor":6.0,"key":"Sundial"},{"floor":8.0,"key":"Ice Cream"},{"floor":9.0,"key":"Anchor"},{"floor":25.0,"key":"Peace Pipe"},{"floor":26.0,"key":"Question Card"}],"event_choices":[{"damage_healed":0.0,"max_hp_gain":0.0,"max_hp_loss":0.0,"gold_gain":0.0,"event_name":"Match and Keep!","player_choice":"1 cards matched","floor":5.0,"gold_loss":0.0,"damage_taken":0.0,"cards_obtained":["Wraith Form v2"]},{"damage_healed":0.0,"max_hp_gain":0.0,"max_hp_loss":0.0,"gold_gain":0.0,"event_name":"Shining Light","player_choice":"Entered Light","floor":13.0,"gold_loss":0.0,"damage_taken":20.0,"cards_upgraded":["Wraith Form v2","Defend_G"]},{"damage_healed":0.0,"max_hp_gain":0.0,"max_hp_loss":0.0,"gold_gain":0.0,"event_name":"Nest","player_choice":"Joined the Cult","floor":19.0,"gold_loss":0.0,"damage_taken":6.0,"cards_obtained":["RitualDagger"]},{"damage_healed":0.0,"max_hp_gain":0.0,"max_hp_loss":0.0,"gold_gain":0.0,"event_name":"Beggar","player_choice":"Ignored","floor":22.0,"gold_loss":0.0,"damage_taken":0.0},{"damage_healed":0.0,"max_hp_gain":0.0,"max_hp_loss":0.0,"gold_gain":0.0,"event_name":"The Library","player_choice":"Read","floor":24.0,"gold_loss":0.0,"damage_taken":0.0,"cards_obtained":["Noxious Fumes"]},{"damage_healed":0.0,"max_hp_gain":0.0,"max_hp_loss":0.0,"gold_gain":50.0,"event_name":"Golden Shrine","player_choice":"Pray","floor":28.0,"gold_loss":0.0,"damage_taken":0.0},{"damage_healed":0,"gold_gain":50,"player_choice":"Pray","damage_taken":0,"max_hp_gain":0,"max_hp_loss":0,"event_name":"Golden Shrine","floor":30,"gold_loss":0}],"is_beta":false,"boss_relics":[{"not_picked":["Velvet Choker","Orrery"],"picked":"Eternal Feather"}],"items_purged_floors":[],"is_endless":false,"potions_floor_spawned":[1,11,14,20,27,29,31],"killed_by":"Collector","ascension_level":20}