{"gold_per_floor":[118,118,130,147,163,192,192,220,220,253,253],"floor_reached":11,"playtime":617,"items_purged":[],"score":130,"play_id":"e1905cae-c65b-4ada-a9c5-ab9a92355bdc","local_time":"20190215152312","is_ascension_mode":true,"campfire_choices":[{"floor":7,"key":"REST"}],"neow_cost":"NONE","seed_source_timestamp":250276214780737,"circlet_count":0,"master_deck":["Defend_G","Defend_G","Defend_G","Defend_G","Defend_G","Strike_G","Strike_G","Strike_G","Strike_G","Strike_G","Survivor","Neutralize+1","Deadly Poison","Dagger Throw","Footwork","Leg Sweep","Bouncing Flask","All Out Attack"],"relics":["Ring of the Snake","NeowsBlessing","Question Card","Torii","Bird Faced Urn","Turnip"],"potions_floor_usage":[6,6,8],"damage_taken":[{"damage":0,"enemies":"Small Slimes","floor":1,"turns":1},{"damage":0,"enemies":"2 Louse","floor":3,"turns":1},{"damage":0,"enemies":"Cultist","floor":4,"turns":1},{"damage":4,"enemies":"Looter","floor":5,"turns":4},{"damage":46,"enemies":"Gremlin Nob","floor":6,"turns":5},{"damage":43,"enemies":"3 Sentries","floor":8,"turns":15},{"damage":2,"enemies":"Lagavulin","floor":10,"turns":8},{"damage":8,"enemies":"The Mushroom Lair","floor":11,"turns":2}],"seed_played":"-2713476706311879082","potions_obtained":[{"floor":1,"key":"Regen Potion"},{"floor":3,"key":"Block Potion"},{"floor":5,"key":"AttackPotion"}],"is_trial":false,"path_per_floor":["M","?","M","M","M","E","R","E","T","E","?"],"character_chosen":"THE_SILENT","items_purchased":[],"campfire_rested":1,"item_purchase_floors":[],"current_hp_per_floor":[63,63,63,63,59,13,34,6,6,6,0],"gold":253,"neow_bonus":"THREE_ENEMY_KILL","is_prod":false,"is_daily":false,"chose_seed":false,"campfire_upgraded":0,"win_rate":0,"timestamp":1550272992,"path_taken":["M","?","M","M","M","E","R","E","T","E","?"],"build_version":"2019-01-23","purchased_purges":0,"victory":false,"max_hp_per_floor":[70,70,70,70,70,70,70,70,70,70,70],"card_choices":[{"not_picked":["Escape Plan","Concentrate"],"picked":"Deadly Poison","floor":1},{"not_picked":["Tactician","Slice","Prepared"],"picked":"SKIP","floor":3},{"not_picked":["Eviscerate","All Out Attack"],"picked":"Dagger Throw","floor":4},{"not_picked":["PiercingWail","Eviscerate"],"picked":"Footwork","floor":5},{"not_picked":["Slice","Setup"],"picked":"Leg Sweep","floor":6},{"not_picked":["Quick Slash","Wraith Form v2","Poisoned Stab"],"picked":"Bouncing Flask","floor":8},{"not_picked":["Bane","Acrobatics","Tactician"],"picked":"All Out Attack","floor":10}],"player_experience":170495,"relics_obtained":[{"floor":6,"key":"Question Card"},{"floor":8,"key":"Torii"},{"floor":9,"key":"Bird Faced Urn"},{"floor":10,"key":"Turnip"}],"event_choices":[{"damage_healed":0,"gold_gain":0,"player_choice":"Grow","damage_taken":0,"max_hp_gain":0,"max_hp_loss":0,"event_name":"Living Wall","floor":2,"gold_loss":0,"cards_upgraded":["Neutralize"]},{"damage_healed":0,"gold_gain":0,"player_choice":"Fought Mushrooms","damage_taken":0,"max_hp_gain":0,"max_hp_loss":0,"event_name":"Mushrooms","floor":11,"gold_loss":0}],"is_beta":false,"boss_relics":[],"items_purged_floors":[],"is_endless":false,"potions_floor_spawned":[1,3,5],"killed_by":"The Mushroom Lair","ascension_level":8}