{"gold_per_floor":[19,34,50,50,65,65,91,91,91,117,117,172,206,206,206,306,306,326,342,147,157,157,186,186,215,267,267,267,13,13,44,44,149,149,160,85,104,104,153,185,185,216,216,216,216,242,259,272,272,272,272,272,11,39,39],"floor_reached":56,"playtime":2360,"items_purged":["Writhe"],"score":1774,"play_id":"953c5aeb-700a-488b-8638-1c6f3ea000d9","local_time":"20190214095605","is_ascension_mode":true,"campfire_choices":[{"data":"Armaments","floor":6,"key":"SMITH"},{"data":"Uppercut","floor":8,"key":"SMITH"},{"data":"Perfected Strike","floor":11,"key":"SMITH"},{"data":"Perfected Strike","floor":15,"key":"SMITH"},{"data":"Double Tap","floor":24,"key":"SMITH"},{"data":"Perfected Strike","floor":28,"key":"SMITH"},{"data":"Immolate","floor":30,"key":"SMITH"},{"data":"Fiend Fire","floor":32,"key":"SMITH"},{"floor":41,"key":"RECALL"},{"data":"Immolate","floor":44,"key":"SMITH"},{"data":"Bash","floor":49,"key":"SMITH"},{"data":"Warcry","floor":52,"key":"SMITH"}],"neow_cost":"NO_GOLD","seed_source_timestamp":5176965285532325,"circlet_count":0,"master_deck":["Strike_R","Strike_R","Strike_R","Strike_R","Strike_R","Defend_R","Defend_R","Defend_R","Defend_R","Bash+1","Fiend Fire+1","Armaments+1","Perfected Strike+1","Uppercut+1","Headbutt","Perfected Strike+1","Shrug It Off","Double Tap+1","Twin Strike+1","Warcry+1","Ghostly","Ghostly","Ghostly","Ghostly","Ghostly","Metallicize","Immolate+1","Perfected Strike+1","Perfected Strike+1","Shrug It Off","Perfected Strike+1","Immolate+1","Wild Strike","Perfected Strike+1","Twin Strike","Normality","Perfected Strike+1","Pommel Strike+1","Master of Strategy","Bandage Up","Ghostly Armor"],"relics":["Burning Blood","Kunai","Dead Branch","FossilizedHelix","Oddly Smooth Stone","Juzu Bracelet","Cursed Key","Pen Nib","Bronze Scales","Happy Flower","DollysMirror","StoneCalendar","Mark of Pain","Pocketwatch","Anchor","Mummified Hand","Magic Flower","Blue Candle","Bag of Marbles"],"potions_floor_usage":[7,12,13,55,55],"damage_taken":[{"damage":8,"enemies":"Jaw Worm","floor":1,"turns":3},{"damage":5,"enemies":"Small Slimes","floor":2,"turns":3},{"damage":0,"enemies":"2 Louse","floor":3,"turns":3},{"damage":11,"enemies":"Lots of Slimes","floor":5,"turns":5},{"damage":11,"enemies":"Gremlin Nob","floor":7,"turns":3},{"damage":26,"enemies":"Lagavulin","floor":10,"turns":6},{"damage":0,"enemies":"Gremlin Nob","floor":12,"turns":3},{"damage":0,"enemies":"Gremlin Nob","floor":13,"turns":3},{"damage":0,"enemies":"Slime Boss","floor":16,"turns":5},{"damage":5,"enemies":"Chosen","floor":18,"turns":2},{"damage":0,"enemies":"Spheric Guardian","floor":19,"turns":2},{"damage":0,"enemies":"Snake Plant","floor":21,"turns":2},{"damage":3,"enemies":"Gremlin Leader","floor":23,"turns":6},{"damage":0,"enemies":"Slavers","floor":25,"turns":6},{"damage":0,"enemies":"Gremlin Leader","floor":31,"turns":3},{"damage":3,"enemies":"Collector","floor":33,"turns":6},{"damage":0,"enemies":"Orb Walker","floor":35,"turns":2},{"damage":0,"enemies":"3 Shapes","floor":37,"turns":2},{"damage":0,"enemies":"2 Orb Walkers","floor":39,"turns":2},{"damage":6,"enemies":"Nemesis","floor":40,"turns":3},{"damage":0,"enemies":"Reptomancer","floor":42,"turns":3},{"damage":0,"enemies":"Giant Head","floor":46,"turns":6},{"damage":0,"enemies":"Jaw Worm Horde","floor":47,"turns":2},{"damage":0,"enemies":"3 Darklings","floor":48,"turns":1},{"damage":1,"enemies":"Time Eater","floor":50,"turns":5},{"damage":7,"enemies":"Shield and Spear","floor":54,"turns":2},{"damage":41,"enemies":"The Heart","floor":55,"turns":5}],"seed_played":"-4672035764780865001","potions_obtained":[{"floor":5,"key":"Swift Potion"},{"floor":10,"key":"SteroidPotion"},{"floor":12,"key":"Fruit Juice"},{"floor":18,"key":"Regen Potion"},{"floor":21,"key":"Fire Potion"},{"floor":23,"key":"Weak Potion"},{"floor":33,"key":"Ancient Potion"}],"is_trial":false,"path_per_floor":["M","M","M","?","M","R","E","R","T","E","R","?","E","?","R","B",null,"M","M","$","M","?","E","R","E","T","?","R","$","R","E","R","B",null,"M","$","M","?","?","E","R","E","T","R","?","E","M","M","R","B",null,"R","$","E","B",null],"character_chosen":"IRONCLAD","items_purchased":["Pen Nib","Warcry","DollysMirror","Shrug It Off","Master of Strategy","Bandage Up"],"campfire_rested":0,"item_purchase_floors":[20,20,29,29,53,53],"current_hp_per_floor":[78,79,80,80,75,75,70,70,70,50,50,61,67,67,67,73,85,85,85,85,85,42,42,42,42,42,42,42,42,42,42,42,42,42,42,42,42,42,42,42,42,42,42,42,42,42,42,42,42,42,42,42,42,42,29],"gold":39,"neow_bonus":"THREE_RARE_CARDS","is_prod":false,"is_daily":false,"chose_seed":false,"campfire_upgraded":11,"win_rate":0,"timestamp":1550156165,"path_taken":["M","M","M","?","M","R","E","R","T","E","R","?","E","?","R","BOSS","M","M","$","M","?","E","R","E","T","?","R","$","R","E","R","BOSS","M","$","M","?","?","E","R","E","T","R","?","E","M","M","R","BOSS","R","$","E","BOSS"],"build_version":"2019-02-06","purchased_purges":1,"victory":true,"max_hp_per_floor":[80,80,80,80,80,80,80,80,80,80,80,85,85,85,85,85,85,85,85,85,85,42,42,42,42,42,42,42,42,42,42,42,42,42,42,42,42,42,42,42,42,42,42,42,42,42,42,42,42,42,42,42,42,42,42],"card_choices":[{"not_picked":["Exhume","Berserk"],"picked":"Fiend Fire","floor":0},{"not_picked":["Wild Strike","Warcry"],"picked":"Armaments","floor":1},{"not_picked":["Dual Wield","Thunderclap"],"picked":"Perfected Strike","floor":2},{"not_picked":["Reckless Charge","Armaments","Body Slam"],"picked":"SKIP","floor":3},{"not_picked":["Dropkick","Clothesline"],"picked":"Uppercut","floor":5},{"not_picked":["Body Slam","Infernal Blade"],"picked":"Headbutt","floor":7},{"not_picked":["Rampage","Thunderclap"],"picked":"Perfected Strike","floor":10},{"not_picked":["Clothesline","Body Slam"],"picked":"Shrug It Off","floor":13},{"not_picked":["Offering","Juggernaut"],"picked":"Double Tap","floor":16},{"not_picked":["True Grit+1","Intimidate"],"picked":"Twin Strike+1","floor":18},{"not_picked":["Hemokinesis","Cleave","Clothesline"],"picked":"SKIP","floor":19},{"not_picked":["Headbutt+1","Clothesline","Heavy Blade"],"picked":"SKIP","floor":21},{"not_picked":["Bloodletting+1","Thunderclap"],"picked":"Metallicize","floor":23},{"not_picked":["Thunderclap","Body Slam"],"picked":"Immolate","floor":25},{"not_picked":["Headbutt","Havoc"],"picked":"Perfected Strike+1","floor":31},{"not_picked":["Bludgeon","Limit Break"],"picked":"Immolate","floor":33},{"not_picked":["Anger","Heavy Blade+1"],"picked":"Wild Strike","floor":35},{"not_picked":["Sword Boomerang+1","Metallicize+1"],"picked":"Perfected Strike+1","floor":37},{"not_picked":["Sever Soul+1","Limit Break","Bludgeon"],"picked":"SKIP","floor":40},{"not_picked":["Seeing Red+1","True Grit+1"],"picked":"Twin Strike","floor":42},{"not_picked":["Dual Wield+1","Shrug It Off+1"],"picked":"Perfected Strike+1","floor":46},{"not_picked":["Cleave+1","Heavy Blade","Iron Wave"],"picked":"SKIP","floor":47},{"not_picked":["Burning Pact","Clothesline+1"],"picked":"Pommel Strike+1","floor":48},{"not_picked":["Body Slam+1","Inflame+1"],"picked":"Ghostly Armor","floor":54}],"player_experience":4514032,"relics_obtained":[{"floor":7,"key":"Kunai"},{"floor":9,"key":"Dead Branch"},{"floor":10,"key":"FossilizedHelix"},{"floor":12,"key":"Oddly Smooth Stone"},{"floor":13,"key":"Juzu Bracelet"},{"floor":23,"key":"Bronze Scales"},{"floor":25,"key":"Happy Flower"},{"floor":31,"key":"StoneCalendar"},{"floor":39,"key":"Pocketwatch"},{"floor":40,"key":"Anchor"},{"floor":42,"key":"Mummified Hand"},{"floor":43,"key":"Magic Flower"},{"floor":46,"key":"Blue Candle"},{"floor":54,"key":"Bag of Marbles"}],"event_choices":[{"damage_healed":0,"gold_gain":0,"player_choice":"Ignored","damage_taken":0,"max_hp_gain":0,"max_hp_loss":0,"event_name":"Liars Game","floor":4,"gold_loss":0},{"damage_healed":0,"gold_gain":30,"player_choice":"Searched \u00272\u0027 times","damage_taken":0,"max_hp_gain":0,"max_hp_loss":0,"event_name":"Dead Adventurer","floor":12,"gold_loss":0},{"damage_healed":0,"gold_gain":0,"player_choice":"Leave","damage_taken":0,"max_hp_gain":0,"max_hp_loss":0,"event_name":"The Cleric","floor":14,"gold_loss":0},{"damage_healed":0,"gold_gain":0,"player_choice":"Became a Ghost","damage_taken":0,"max_hp_gain":0,"max_hp_loss":43,"event_name":"Ghosts","floor":22,"gold_loss":0,"cards_obtained":["Ghostly","Ghostly","Ghostly","Ghostly","Ghostly"]},{"damage_healed":0,"gold_gain":0,"player_choice":"Read","damage_taken":0,"max_hp_gain":0,"max_hp_loss":0,"event_name":"The Library","floor":27,"gold_loss":0,"cards_obtained":["Perfected Strike"]},{"damage_healed":0,"gold_gain":0,"player_choice":"Ignored","damage_taken":0,"max_hp_gain":0,"max_hp_loss":0,"event_name":"SecretPortal","floor":38,"gold_loss":0},{"damage_healed":0,"gold_gain":0,"player_choice":"Fight","damage_taken":0,"max_hp_gain":0,"max_hp_loss":0,"event_name":"Mysterious Sphere","floor":39,"gold_loss":0},{"damage_healed":0,"gold_gain":0,"player_choice":"Ignored","damage_taken":0,"max_hp_gain":0,"max_hp_loss":0,"event_name":"Tomb of Lord Red Mask","floor":45,"gold_loss":0}],"is_beta":true,"boss_relics":[{"not_picked":["Runic Pyramid","Coffee Dripper"],"picked":"Cursed Key"},{"not_picked":["Astrolabe","Black Star"],"picked":"Mark of Pain"}],"items_purged_floors":[36],"is_endless":false,"potions_floor_spawned":[5,10,12,18,21,23,33,39,42,46,54],"ascension_level":1}