{"gold_per_floor":[112,128,142,67,167,192,212,112,112,112,131,146,179,192,192,293,293,218,93,106,123,135,135,135],"floor_reached":24,"playtime":2370,"items_purged":["Strike_B","Strike_B","Strike_B"],"score":267,"play_id":"262c05e7-cf6e-48cc-82b1-f10006966867","local_time":"20190220184608","is_ascension_mode":true,"campfire_choices":[{"data":"Blizzard","floor":10,"key":"SMITH"},{"floor":15,"key":"REST"},{"data":"Defragment","floor":23,"key":"SMITH"}],"neow_cost":"NONE","seed_source_timestamp":478922020040510,"circlet_count":0,"master_deck":["Strike_B","Defend_B","Defend_B","Defend_B","Defend_B","Zap","Dualcast","Glacier","Static Discharge","Blizzard+1","Coolheaded","Coolheaded","Coolheaded","Reboot","Glacier","Self Repair","Defragment+1","Melter"],"relics":["FrozenCore","Pear","Gremlin Horn","Meat on the Bone"],"potions_floor_usage":[11,13,13,14,16,24],"damage_taken":[{"damage":1,"enemies":"Cultist","floor":1,"turns":3},{"damage":4,"enemies":"Small Slimes","floor":2,"turns":3},{"damage":0,"enemies":"2 Louse","floor":3,"turns":1},{"damage":18,"enemies":"3 Sentries","floor":6,"turns":10},{"damage":5,"enemies":"2 Fungi Beasts","floor":7,"turns":5},{"damage":0,"enemies":"Lots of Slimes","floor":11,"turns":2},{"damage":25,"enemies":"Exordium Thugs","floor":12,"turns":4},{"damage":22,"enemies":"Gremlin Nob","floor":13,"turns":4},{"damage":6,"enemies":"Gremlin Gang","floor":14,"turns":4},{"damage":30,"enemies":"Hexaghost","floor":16,"turns":15},{"damage":20,"enemies":"2 Thieves","floor":18,"turns":5},{"damage":7,"enemies":"Spheric Guardian","floor":20,"turns":8},{"damage":27,"enemies":"Shelled Parasite and Fungi","floor":21,"turns":8},{"damage":8,"enemies":"Sentry and Sphere","floor":22,"turns":9},{"damage":71,"enemies":"Slavers","floor":24,"turns":4}],"seed_played":"573417973959852439","potions_obtained":[{"floor":1,"key":"FearPotion"},{"floor":6,"key":"PowerPotion"},{"floor":7,"key":"Ancient Potion"},{"floor":13,"key":"SneckoOil"},{"floor":14,"key":"SpeedPotion"},{"floor":22,"key":"Swift Potion"}],"is_trial":false,"path_per_floor":["M","M","M","$","?","E","M","$","T","R","M","M","E","M","R","B",null,"M","$","M","M","M","R","E"],"character_chosen":"DEFECT","items_purchased":[],"campfire_rested":1,"item_purchase_floors":[],"current_hp_per_floor":[81,77,77,77,77,69,64,64,64,64,64,39,17,23,50,32,92,72,72,65,57,56,56,0],"gold":135,"neow_bonus":"TEN_PERCENT_HP_BONUS","is_prod":false,"is_daily":false,"chose_seed":false,"campfire_upgraded":2,"win_rate":0,"timestamp":1550684768,"path_taken":["M","M","M","$","?","E","M","$","T","R","?","?","E","M","R","BOSS","M","$","M","M","M","R","E"],"build_version":"2019-01-23","purchased_purges":3,"victory":false,"max_hp_per_floor":[82,82,82,82,82,92,92,92,92,92,92,92,92,92,92,92,92,92,92,92,92,92,92,92],"card_choices":[{"not_picked":["Heatsinks","Go for the Eyes","Stack"],"picked":"SKIP","floor":1},{"not_picked":["Cold Snap","Redo"],"picked":"Glacier","floor":2},{"not_picked":["Sweeping Beam","Leap"],"picked":"Static Discharge","floor":3},{"not_picked":["Biased Cognition","Chill"],"picked":"Blizzard","floor":6},{"not_picked":["Compile Driver","Leap","Sweeping Beam"],"picked":"SKIP","floor":7},{"not_picked":["Undo","Steam","Go for the Eyes"],"picked":"SKIP","floor":11},{"not_picked":["Cold Snap","Turbo"],"picked":"Coolheaded","floor":12},{"not_picked":["Compile Driver","Sweeping Beam"],"picked":"Coolheaded","floor":13},{"not_picked":["Core Surge","Sweeping Beam"],"picked":"Coolheaded","floor":14},{"not_picked":["Biased Cognition","Amplify"],"picked":"Reboot","floor":16},{"not_picked":["Static Discharge","Gash"],"picked":"Glacier","floor":18},{"not_picked":["Leap","Lockon"],"picked":"Self Repair","floor":20},{"not_picked":["Melter","Aggregate"],"picked":"Defragment","floor":21},{"not_picked":["Conserve Battery","Gash+1"],"picked":"Melter","floor":22}],"player_experience":243109,"relics_obtained":[{"floor":6,"key":"Pear"},{"floor":9,"key":"Gremlin Horn"},{"floor":13,"key":"Meat on the Bone"}],"event_choices":[{"damage_healed":0,"gold_gain":100,"player_choice":"Pray","damage_taken":0,"max_hp_gain":0,"max_hp_loss":0,"event_name":"Golden Shrine","floor":5,"gold_loss":0}],"is_beta":false,"boss_relics":[{"not_picked":["Runic Pyramid","Astrolabe"],"picked":"FrozenCore"}],"items_purged_floors":[4,8,19],"is_endless":false,"potions_floor_spawned":[1,6,7,13,14,22],"killed_by":"Slavers","ascension_level":3}