{"gold_per_floor":[115,115,115,133,148,179,179,179,232,232,250,275,275,300,300,373,373,385,404,404],"floor_reached":20,"playtime":636,"items_purged":[],"score":384,"play_id":"7ea7a671-3e37-4ae9-a16f-d80c5d62ac23","local_time":"20190219143253","is_ascension_mode":true,"campfire_choices":[{"data":"Glass Knife","floor":7.0,"key":"SMITH"},{"floor":10.0,"key":"REST"},{"floor":13.0,"key":"REST"},{"floor":15.0,"key":"REST"}],"neow_cost":"PERCENT_DAMAGE","seed_source_timestamp":492338658683708,"circlet_count":0,"master_deck":["AscendersBane","Defend_G","Defend_G","Defend_G","Defend_G","Defend_G","Strike_G","Strike_G","Strike_G","Survivor","Neutralize","Die Die Die","PiercingWail","Dagger Spray","Crippling Poison","Glass Knife+1","Deadly Poison","Well Laid Plans","Cloak And Dagger","Tools of the Trade","Noxious Fumes"],"special_seed":0,"relics":["Ring of the Snake","Blue Candle","Dodecahedron","Vajra","Pantograph","Bag of Marbles","Sozu"],"potions_floor_usage":[],"damage_taken":[{"damage":9.0,"enemies":"Jaw Worm","floor":1.0,"turns":7.0},{"damage":2.0,"enemies":"Cultist","floor":4.0,"turns":5.0},{"damage":2.0,"enemies":"Small Slimes","floor":5.0,"turns":3.0},{"damage":24.0,"enemies":"3 Sentries","floor":6.0,"turns":8.0},{"damage":0.0,"enemies":"3 Louse","floor":11.0,"turns":6.0},{"damage":35.0,"enemies":"Lagavulin","floor":12.0,"turns":7.0},{"damage":24.0,"enemies":"Gremlin Nob","floor":14.0,"turns":4.0},{"damage":44.0,"enemies":"Hexaghost","floor":16.0,"turns":11.0},{"damage":24,"enemies":"Chosen","floor":18,"turns":4},{"damage":8,"enemies":"Spheric Guardian","floor":19,"turns":4},{"damage":27,"enemies":"Shelled Parasite and Fungi","floor":20,"turns":3}],"seed_played":"6565386472669526156","potions_obtained":[{"floor":6.0,"key":"Regen Potion"},{"floor":12.0,"key":"FairyPotion"},{"floor":16.0,"key":"LiquidBronze"}],"is_trial":false,"path_per_floor":["M","?","T","M","M","E","R","?","T","R","M","E","R","E","R","B",null,"M","M","M"],"character_chosen":"THE_SILENT","items_purchased":[],"campfire_rested":3,"item_purchase_floors":[],"current_hp_per_floor":[35,35,35,33,31,7,7,7,7,26,41,6,25,1,20,1,50,26,18,0],"gold":404,"neow_bonus":"THREE_RARE_CARDS","is_prod":false,"is_daily":false,"chose_seed":false,"campfire_upgraded":1,"win_rate":0,"timestamp":1550554373,"path_taken":["M","?","?","M","M","E","R","?","T","R","M","E","R","E","R","BOSS","M","?","?"],"build_version":"2019-01-23","purchased_purges":0,"victory":false,"max_hp_per_floor":[66,66,66,66,66,66,66,66,66,66,66,66,66,66,66,66,66,66,66,66],"card_choices":[{"not_picked":["Venomology","Doppelganger"],"picked":"Die Die Die","floor":0.0},{"not_picked":["Underhanded Strike","Dagger Throw"],"picked":"PiercingWail","floor":1.0},{"not_picked":["Slice","Caltrops"],"picked":"Dagger Spray","floor":4.0},{"not_picked":["Flying Knee","Underhanded Strike"],"picked":"Crippling Poison","floor":5.0},{"not_picked":["Finisher","Dodge and Roll"],"picked":"Glass Knife","floor":6.0},{"not_picked":["Underhanded Strike","Dash"],"picked":"Deadly Poison","floor":11.0},{"not_picked":["Dagger Spray","Night Terror"],"picked":"Well Laid Plans","floor":12.0},{"not_picked":["Prepared","Slice"],"picked":"Cloak And Dagger","floor":14.0},{"not_picked":["Doppelganger","Night Terror"],"picked":"Tools of the Trade","floor":16.0},{"not_picked":["Endless Agony","Quick Slash"],"picked":"Noxious Fumes","floor":18},{"not_picked":["Underhanded Strike","Well Laid Plans","Slice"],"picked":"SKIP","floor":19}],"player_experience":1137524,"relics_obtained":[{"floor":3.0,"key":"Blue Candle"},{"floor":6.0,"key":"Dodecahedron"},{"floor":9.0,"key":"Vajra"},{"floor":12.0,"key":"Pantograph"},{"floor":14.0,"key":"Bag of Marbles"}],"event_choices":[{"cards_removed":["Strike_G"],"damage_healed":0.0,"max_hp_gain":0.0,"max_hp_loss":0.0,"gold_gain":0.0,"event_name":"Living Wall","player_choice":"Forget","floor":2.0,"gold_loss":0.0,"damage_taken":0.0},{"cards_removed":["Strike_G"],"damage_healed":0.0,"max_hp_gain":0.0,"max_hp_loss":0.0,"gold_gain":0.0,"event_name":"Purifier","player_choice":"Purged","floor":8.0,"gold_loss":0.0,"damage_taken":0.0}],"is_beta":false,"boss_relics":[{"not_picked":["Calling Bell","Tiny House"],"picked":"Sozu"}],"items_purged_floors":[],"is_endless":false,"potions_floor_spawned":[6,12,16,18],"killed_by":"Shelled Parasite and Fungi","ascension_level":20}