{"gold_per_floor":[114,131,24,124,139,166,166,230,257,257,285,295,329,347,377,448,448,468,468,520,174,174,174,198,198,198,198,231,231,262,282,282,360,360,372,372,1,0,0,0,10,27,77,77,77,77,129,146,146,146,146],"floor_reached":52,"playtime":2602,"items_purged":["Strike_B","Strike_B"],"score":1879,"play_id":"85a10d8d-e1ec-4f4b-90a1-bb994e643ddf","local_time":"20190218165423","is_ascension_mode":true,"campfire_choices":[{"data":"Defragment","floor":7.0,"key":"SMITH"},{"floor":10.0,"key":"REST"},{"floor":15.0,"key":"DIG"},{"floor":23.0,"key":"REST"},{"floor":25.0,"key":"DIG"},{"data":"Sunder","floor":27.0,"key":"SMITH"},{"floor":29.0,"key":"REST"},{"floor":32.0,"key":"REST"},{"data":"Fission","floor":40,"key":"SMITH"},{"floor":44,"key":"DIG"},{"floor":49,"key":"REST"}],"neow_cost":"PERCENT_DAMAGE","seed_source_timestamp":0,"circlet_count":0,"master_deck":["AscendersBane","Defend_B","Defend_B","Defend_B","Defend_B","Zap","Dualcast","Defragment","Sunder+1","Conserve Battery","Cold Snap","Defragment+1","Ball Lightning","Compile Driver","Coolheaded","Go for the Eyes","Cold Snap","Electrodynamics","Ball Lightning+1","Loop+1","Coolheaded+1","Fission+1","Consume+1","Cold Snap","Force Field+1"],"special_seed":0,"relics":["Cracked Core","Juzu Bracelet","Art of War","Omamori","Shovel","Tiny Chest","Inserter","Pen Nib","PreservedInsect","Strawberry","Gremlin Horn","Ice Cream","Frozen Egg 2","Dodecahedron","Eternal Feather","Lantern","Red Mask","Centennial Puzzle","Potion Belt","Peace Pipe"],"potions_floor_usage":[42,50,51],"damage_taken":[{"damage":4.0,"enemies":"Small Slimes","floor":1.0,"turns":3.0},{"damage":6.0,"enemies":"Cultist","floor":2.0,"turns":4.0},{"damage":0.0,"enemies":"2 Louse","floor":5.0,"turns":2.0},{"damage":10.0,"enemies":"3 Sentries","floor":6.0,"turns":5.0},{"damage":4.0,"enemies":"Gremlin Nob","floor":8.0,"turns":3.0},{"damage":18.0,"enemies":"Lagavulin","floor":11.0,"turns":7.0},{"damage":7.0,"enemies":"Exordium Wildlife","floor":12.0,"turns":3.0},{"damage":20.0,"enemies":"Gremlin Nob","floor":13.0,"turns":4.0},{"damage":6.0,"enemies":"2 Fungi Beasts","floor":14.0,"turns":3.0},{"damage":0.0,"enemies":"Hexaghost","floor":16.0,"turns":9.0},{"damage":14.0,"enemies":"Chosen","floor":18.0,"turns":5.0},{"damage":27.0,"enemies":"Gremlin Leader","floor":28.0,"turns":5.0},{"damage":41.0,"enemies":"Slavers","floor":30.0,"turns":3.0},{"damage":4.0,"enemies":"3 Byrds","floor":31.0,"turns":2.0},{"damage":28.0,"enemies":"Collector","floor":33.0,"turns":10.0},{"damage":22.0,"enemies":"3 Shapes","floor":35.0,"turns":4.0},{"damage":4,"enemies":"3 Darklings","floor":41,"turns":4},{"damage":17,"enemies":"Maw","floor":42,"turns":8},{"damage":26,"enemies":"2 Orb Walkers","floor":47,"turns":4},{"damage":11,"enemies":"4 Shapes","floor":48,"turns":4},{"damage":10,"enemies":"Time Eater","floor":50,"turns":14},{"damage":8,"enemies":"Awakened One","floor":51,"turns":16}],"seed_played":"-4897810491305300250","potions_obtained":[{"floor":5.0,"key":"Fire Potion"},{"floor":6.0,"key":"Energy Potion"},{"floor":8.0,"key":"Regen Potion"},{"floor":13.0,"key":"PowerPotion"},{"floor":16.0,"key":"SteroidPotion"},{"floor":28.0,"key":"FocusPotion"},{"floor":30.0,"key":"Explosive Potion"},{"floor":31.0,"key":"SpeedPotion"},{"floor":48,"key":"PowerPotion"}],"is_trial":false,"path_per_floor":["M","M","$","?","M","E","R","?","T","R","E","M","E","M","R","B",null,"M","?","T","$","?","R","T","R","T","R","E","R","E","M","R","B",null,"M","?","$","?","?","R","M","M","T","R","$","?","?","M","R","B","B",null],"character_chosen":"DEFECT","items_purchased":["Conserve Battery","Explosive Potion","PreservedInsect","Fruit Juice","Lantern","AttackPotion","Swift Potion"],"campfire_rested":5,"item_purchase_floors":[3,3,21,21,37,37,37],"current_hp_per_floor":[56,50,50,50,50,40,40,36,36,61,58,51,31,25,25,25,70,56,31,31,31,36,64,71,71,71,71,44,74,33,29,59,31,84,62,62,62,62,62,74,70,53,53,65,65,65,39,28,73,63,55],"gold":146,"neow_bonus":"TWENTY_PERCENT_HP_BONUS","is_prod":false,"is_daily":false,"chose_seed":false,"campfire_upgraded":3,"win_rate":0,"timestamp":1550526863,"path_taken":["M","M","$","?","M","E","R","?","T","R","E","M","E","M","R","BOSS","M","?","?","$","?","R","?","R","T","R","E","R","E","M","R","BOSS","M","?","$","?","?","R","M","M","T","R","$","?","?","M","R","BOSS","BOSS"],"build_version":"2019-01-23","purchased_purges":2,"victory":true,"max_hp_per_floor":[85,85,85,85,85,85,85,85,85,85,85,85,85,85,85,85,85,85,90,90,90,95,95,102,102,102,102,102,102,102,102,102,102,102,102,102,102,102,102,102,102,102,102,102,102,102,102,102,102,102,102],"card_choices":[{"not_picked":["Conserve Battery","Storm"],"picked":"Defragment","floor":1.0},{"not_picked":["Hologram","Auto Shields"],"picked":"Sunder","floor":2.0},{"not_picked":["Streamline","Gash"],"picked":"Cold Snap","floor":5.0},{"not_picked":["Aggregate","Conserve Battery"],"picked":"Defragment","floor":6.0},{"not_picked":["Sunder","Steam Power"],"picked":"Ball Lightning","floor":8.0},{"not_picked":["Heatsinks","Hologram"],"picked":"Compile Driver","floor":11.0},{"not_picked":["Streamline","Turbo"],"picked":"Coolheaded","floor":12.0},{"not_picked":["Hyperbeam","Creative AI"],"picked":"Go for the Eyes","floor":13.0},{"not_picked":["Barrage","Rebound"],"picked":"Cold Snap","floor":14.0},{"not_picked":["Buffer","Seek"],"picked":"Electrodynamics","floor":16.0},{"not_picked":["Cold Snap","Hologram"],"picked":"Ball Lightning+1","floor":18.0},{"not_picked":["Ball Lightning","Hello World+1","Creative AI"],"picked":"SKIP","floor":28.0},{"not_picked":["Coolheaded+1","Conserve Battery+1"],"picked":"Loop+1","floor":30.0},{"not_picked":["Storm+1","Redo"],"picked":"Coolheaded+1","floor":31.0},{"not_picked":["Meteor Strike","All For One"],"picked":"Fission","floor":33.0},{"not_picked":["Beam Cell","Sweeping Beam","Cold Snap"],"picked":"SKIP","floor":35.0},{"not_picked":["Beam Cell","Sweeping Beam","Cold Snap"],"picked":"SKIP","floor":35.0},{"not_picked":["Sweeping Beam","Doom and Gloom","Lockon+1"],"picked":"SKIP","floor":41},{"not_picked":["Undo","Sweeping Beam"],"picked":"Consume+1","floor":42},{"not_picked":["Fusion","Rebound"],"picked":"Cold Snap","floor":47},{"not_picked":["Sunder","Chaos"],"picked":"Force Field+1","floor":48}],"player_experience":952076,"relics_obtained":[{"floor":6.0,"key":"Juzu Bracelet"},{"floor":8.0,"key":"Art of War"},{"floor":11.0,"key":"Omamori"},{"floor":13.0,"key":"Shovel"},{"floor":15.0,"key":"Tiny Chest"},{"floor":20.0,"key":"Pen Nib"},{"floor":24.0,"key":"Strawberry"},{"floor":25.0,"key":"Gremlin Horn"},{"floor":26.0,"key":"Ice Cream"},{"floor":28.0,"key":"Frozen Egg 2"},{"floor":30.0,"key":"Dodecahedron"},{"floor":43,"key":"Centennial Puzzle"},{"floor":44,"key":"Potion Belt"},{"floor":47,"key":"Peace Pipe"}],"event_choices":[{"damage_healed":0.0,"max_hp_gain":0.0,"max_hp_loss":0.0,"gold_gain":100.0,"event_name":"Wheel of Change","player_choice":"Gold","floor":4.0,"gold_loss":0.0,"damage_taken":0.0},{"damage_healed":0.0,"max_hp_gain":0.0,"max_hp_loss":0.0,"gold_gain":0.0,"event_name":"Dead Adventurer","player_choice":"Searched \u00272\u0027 times","floor":8.0,"gold_loss":0.0,"damage_taken":0.0},{"damage_healed":0.0,"max_hp_gain":5.0,"max_hp_loss":0.0,"gold_gain":0.0,"event_name":"Forgotten Altar","player_choice":"Shed Blood","floor":19.0,"gold_loss":0.0,"damage_taken":30.0},{"damage_healed":0.0,"max_hp_gain":0.0,"max_hp_loss":0.0,"gold_gain":0.0,"event_name":"Vampires","player_choice":"Ignored","floor":22.0,"gold_loss":0.0,"damage_taken":0.0},{"cards_removed":["Strike_B"],"damage_healed":0.0,"max_hp_gain":0.0,"max_hp_loss":0.0,"gold_gain":0.0,"event_name":"Purifier","player_choice":"Purged","floor":36.0,"gold_loss":0.0,"damage_taken":0.0},{"damage_healed":0,"gold_gain":0,"player_choice":"Paid","damage_taken":0,"relics_obtained":["Red Mask"],"max_hp_gain":0,"max_hp_loss":0,"event_name":"Tomb of Lord Red Mask","floor":38,"gold_loss":1},{"damage_healed":0,"gold_gain":0,"cards_transformed":["Strike_B"],"player_choice":"Transformed","damage_taken":0,"max_hp_gain":0,"max_hp_loss":0,"event_name":"Transmorgrifier","floor":39,"gold_loss":0,"cards_obtained":["Skim"]},{"cards_removed":["Skim"],"damage_healed":0,"gold_gain":0,"player_choice":"Removed Skill","damage_taken":0,"max_hp_gain":0,"max_hp_loss":0,"event_name":"Falling","floor":46,"gold_loss":0},{"damage_healed":0,"gold_gain":0,"player_choice":"Fight","damage_taken":0,"max_hp_gain":0,"max_hp_loss":0,"event_name":"Mysterious Sphere","floor":47,"gold_loss":0}],"is_beta":false,"boss_relics":[{"not_picked":["Coffee Dripper","Ectoplasm"],"picked":"Inserter"},{"not_picked":["White Beast Statue","Lizard Tail"],"picked":"Eternal Feather"}],"items_purged_floors":[21,37],"is_endless":false,"potions_floor_spawned":[5,6,8,13,16,28,30,31,48],"ascension_level":20}