{"gold_per_floor":[363,34,50,63,77,77,92,127,164,192,214,226],"floor_reached":12,"playtime":557,"items_purged":[],"score":97,"play_id":"55ddf1bb-3881-44a6-93ca-d1c36f47d04e","local_time":"20190214234453","is_ascension_mode":true,"campfire_choices":[{"floor":6,"key":"REST"}],"neow_cost":"TEN_PERCENT_HP_LOSS","seed_source_timestamp":5864188651960,"circlet_count":0,"master_deck":["Strike_B","Strike_B","Strike_B","Strike_B","Defend_B","Defend_B","Defend_B","Defend_B","Zap","Dualcast","Darkness","Loop","Undo","Doom and Gloom","Hologram","Fission","Sweeping Beam","Defragment","Cold Snap"],"relics":["Cracked Core","Ice Cream","MawBank","Anchor"],"potions_floor_usage":[8,12],"damage_taken":[{"damage":12,"enemies":"Small Slimes","floor":1,"turns":3},{"damage":9,"enemies":"2 Louse","floor":3,"turns":4},{"damage":8,"enemies":"Jaw Worm","floor":4,"turns":4},{"damage":22,"enemies":"Exordium Thugs","floor":5,"turns":3},{"damage":13,"enemies":"Red Slaver","floor":7,"turns":3},{"damage":12,"enemies":"Lagavulin","floor":8,"turns":4},{"damage":0,"enemies":"Large Slime","floor":10,"turns":3},{"damage":0,"enemies":"Blue Slaver","floor":11,"turns":3},{"damage":23,"enemies":"Gremlin Nob","floor":12,"turns":3}],"seed_played":"5098384855170281401","potions_obtained":[{"floor":1,"key":"SpeedPotion"},{"floor":4,"key":"AttackPotion"},{"floor":7,"key":"SpeedPotion"}],"is_trial":false,"path_per_floor":["M","$","M","M","M","R","M","E","T","M","M","E"],"character_chosen":"DEFECT","items_purchased":["Ice Cream","Loop"],"campfire_rested":1,"item_purchase_floors":[2,2],"current_hp_per_floor":[56,56,47,39,17,37,24,12,12,12,12,0],"gold":226,"neow_bonus":"TWO_FIFTY_GOLD","is_prod":false,"is_daily":false,"chose_seed":false,"campfire_upgraded":0,"win_rate":0,"timestamp":1550216693,"path_taken":["M","$","M","M","M","R","M","E","T","M","M","E"],"build_version":"2019-01-23","purchased_purges":0,"victory":false,"max_hp_per_floor":[68,68,68,68,68,68,68,68,68,68,68,68],"card_choices":[{"not_picked":["Compile Driver","Go for the Eyes"],"picked":"Darkness","floor":1},{"not_picked":["Blizzard","Skim"],"picked":"Undo","floor":3},{"not_picked":["Barrage","Compile Driver"],"picked":"Doom and Gloom","floor":4},{"not_picked":["Streamline","Coolheaded"],"picked":"Hologram","floor":5},{"not_picked":["Leap","Sweeping Beam"],"picked":"Fission","floor":7},{"not_picked":["Redo","Stack"],"picked":"Sweeping Beam","floor":8},{"not_picked":["Gash","Skim"],"picked":"Defragment","floor":10},{"not_picked":["Sweeping Beam","Streamline"],"picked":"Cold Snap","floor":11}],"player_experience":163175,"relics_obtained":[{"floor":8,"key":"MawBank"},{"floor":9,"key":"Anchor"}],"event_choices":[],"is_beta":false,"boss_relics":[],"items_purged_floors":[],"is_endless":false,"potions_floor_spawned":[1,4,7],"killed_by":"Gremlin Nob","ascension_level":3}