{"gold_per_floor":[113,126,146,146,146,174,174,194,221,221,239,239,265,280,280,352,352,365,365,380,380,430,430],"floor_reached":23,"playtime":942,"items_purged":[],"score":402,"play_id":"3ccacfd5-7ec6-4438-8d73-791cc4db369f","local_time":"20190211190527","is_ascension_mode":true,"campfire_choices":[{"floor":7,"key":"REST"},{"data":"Conserve Battery","floor":12,"key":"SMITH"},{"data":"Defragment","floor":15,"key":"SMITH"}],"neow_cost":"NONE","seed_source_timestamp":1296240656911600,"circlet_count":0,"master_deck":["AscendersBane","Strike_B","Strike_B","Strike_B","Strike_B","Defend_B","Defend_B","Defend_B","Defend_B","Zap","Dualcast","Sweeping Beam","Barrage+1","Stack","Conserve Battery+1","Glacier","Capacitor","Defragment+1","Core Surge","Reprogram+1","Ball Lightning"],"relics":["Cracked Core","Regal Pillow","Potion Belt","Smiling Mask","Pantograph","White Beast Statue"],"potions_floor_usage":[13,13,21,21],"damage_taken":[{"damage":8,"enemies":"Small Slimes","floor":1,"turns":5},{"damage":0,"enemies":"2 Louse","floor":2,"turns":3},{"damage":7,"enemies":"Jaw Worm","floor":3,"turns":3},{"damage":37,"enemies":"3 Sentries","floor":6,"turns":7},{"damage":15,"enemies":"Exordium Thugs","floor":8,"turns":4},{"damage":0,"enemies":"Looter","floor":11,"turns":3},{"damage":34,"enemies":"Gremlin Nob","floor":13,"turns":5},{"damage":0,"enemies":"2 Fungi Beasts","floor":14,"turns":3},{"damage":45,"enemies":"Hexaghost","floor":16,"turns":13},{"damage":45,"enemies":"3 Byrds","floor":18,"turns":6},{"damage":11,"enemies":"Shell Parasite","floor":20,"turns":8},{"damage":0,"enemies":"Colosseum Slavers","floor":21,"turns":5},{"damage":13,"enemies":"Slavers","floor":23,"turns":1}],"seed_played":"-4366469107821590154","potions_obtained":[{"floor":2,"key":"Ancient Potion"},{"floor":3,"key":"Weak Potion"},{"floor":6,"key":"Block Potion"},{"floor":18,"key":"PowerPotion"},{"floor":20,"key":"PowerPotion"}],"is_trial":false,"path_per_floor":["M","M","M","?","?","E","R","M","T","?","M","R","E","M","R","B",null,"M","?","M","?","?","E"],"character_chosen":"DEFECT","items_purchased":[],"campfire_rested":1,"item_purchase_floors":[],"current_hp_per_floor":[63,63,56,51,51,14,52,37,37,78,78,78,44,44,44,24,65,20,20,9,9,9,0],"gold":430,"neow_bonus":"TEN_PERCENT_HP_BONUS","is_prod":false,"is_daily":false,"chose_seed":false,"campfire_upgraded":2,"win_rate":0,"timestamp":1549879527,"path_taken":["M","M","M","?","?","E","R","M","T","?","M","R","E","?","R","BOSS","M","?","M","?","?","E"],"build_version":"2019-01-23","purchased_purges":0,"victory":false,"max_hp_per_floor":[78,78,78,78,78,78,78,78,78,78,78,78,78,78,78,78,78,78,78,78,78,78,78],"card_choices":[{"not_picked":["Gash","Streamline"],"picked":"Sweeping Beam","floor":1},{"not_picked":["Leap","Steam Power"],"picked":"Barrage","floor":2},{"not_picked":["Leap","Static Discharge"],"picked":"Stack","floor":3},{"not_picked":["Stack","Hologram"],"picked":"Capacitor","floor":6},{"not_picked":["Turbo","Reboot"],"picked":"Conserve Battery","floor":8},{"not_picked":["Blizzard","Redo"],"picked":"Glacier","floor":11},{"not_picked":["Melter","Compile Driver"],"picked":"Capacitor","floor":13},{"not_picked":["Hologram","Heatsinks"],"picked":"Defragment","floor":14},{"not_picked":["Machine Learning","Thunder Strike"],"picked":"Core Surge","floor":16},{"not_picked":["Redo","Leap"],"picked":"Reprogram+1","floor":18},{"not_picked":["Barrage","Turbo"],"picked":"Ball Lightning","floor":20}],"player_experience":1126526,"relics_obtained":[{"floor":6,"key":"Potion Belt"},{"floor":9,"key":"Smiling Mask"},{"floor":13,"key":"Pantograph"}],"event_choices":[{"damage_healed":0,"gold_gain":0,"player_choice":"Success","damage_taken":5,"relics_obtained":["Regal Pillow"],"max_hp_gain":0,"max_hp_loss":0,"event_name":"Scrap Ooze","floor":4,"gold_loss":0},{"damage_healed":0,"gold_gain":0,"player_choice":"Grow","damage_taken":0,"max_hp_gain":0,"max_hp_loss":0,"event_name":"Living Wall","floor":5,"gold_loss":0,"cards_upgraded":["Barrage"]},{"cards_removed":["Capacitor"],"damage_healed":41,"gold_gain":0,"player_choice":"Offered Uncommon","damage_taken":0,"max_hp_gain":0,"max_hp_loss":0,"event_name":"Bonfire Elementals","floor":10,"gold_loss":0},{"damage_healed":0,"gold_gain":0,"player_choice":"Ignored","damage_taken":0,"max_hp_gain":0,"max_hp_loss":0,"event_name":"Vampires","floor":19,"gold_loss":0},{"damage_healed":0,"gold_gain":0,"player_choice":"Fight","damage_taken":0,"max_hp_gain":0,"max_hp_loss":0,"event_name":"Colosseum","floor":21,"gold_loss":0},{"damage_healed":0,"gold_gain":0,"player_choice":"Fled From Nobs","damage_taken":0,"max_hp_gain":0,"max_hp_loss":0,"event_name":"Colosseum","floor":21,"gold_loss":0},{"damage_healed":0,"gold_gain":50,"player_choice":"Stole From Cult","damage_taken":0,"max_hp_gain":0,"max_hp_loss":0,"event_name":"Nest","floor":22,"gold_loss":0}],"is_beta":false,"boss_relics":[{"not_picked":["Eternal Feather","Empty Cage"],"picked":"White Beast Statue"}],"items_purged_floors":[],"is_endless":false,"potions_floor_spawned":[2,3,6,18,20,21],"killed_by":"Slavers","ascension_level":20}