{"gold_per_floor":[113,188,188,206,43,74,74,103,160,172,186,216,216,234,234,313,313,325,344,344,259,259,259,270,270,297,326,348,390,402,426,438,450],"floor_reached":33,"playtime":979,"items_purged":["Strike_G"],"score":674,"play_id":"b9b0004e-2fe2-4122-8942-c0fd183f64c5","local_time":"20190210234650","is_ascension_mode":true,"campfire_choices":[{"data":"Masterful Stab","floor":7.0,"key":"SMITH"},{"data":"Catalyst","floor":13.0,"key":"SMITH"},{"data":"Deadly Poison","floor":15.0,"key":"SMITH"},{"data":"Corpse Explosion","floor":23.0,"key":"SMITH"},{"floor":25.0,"key":"REST"},{"data":"Dodge and Roll","floor":32.0,"key":"SMITH"}],"neow_cost":"NONE","seed_source_timestamp":1226309056931900,"circlet_count":0,"master_deck":["AscendersBane","Defend_G","Defend_G","Defend_G","Defend_G","Defend_G","Strike_G","Strike_G","Strike_G","Strike_G","Survivor+1","Neutralize+1","Terror","Deadly Poison+1","Masterful Stab+1","Dodge and Roll+1","Blade Dance","Bane+1","Backstab+1","Catalyst+1","Flying Knee+1","Corpse Explosion+1","Flying Knee+1","Dagger Spray+1","Dodge and Roll+1","Dagger Spray+1","Leg Sweep+1"],"special_seed":0,"relics":["Ring of the Snake","NeowsBlessing","War Paint","Molten Egg 2","Tiny Chest","Snake Skull","Busted Crown","Bag of Preparation","MutagenicStrength","MawBank","Pantograph"],"potions_floor_usage":[33],"damage_taken":[{"damage":0.0,"enemies":"Small Slimes","floor":1.0,"turns":1.0},{"damage":0.0,"enemies":"Cultist","floor":4.0,"turns":1.0},{"damage":0.0,"enemies":"3 Sentries","floor":6.0,"turns":1.0},{"damage":27.0,"enemies":"Gremlin Nob","floor":8.0,"turns":4.0},{"damage":0.0,"enemies":"Jaw Worm","floor":10.0,"turns":3.0},{"damage":1.0,"enemies":"3 Louse","floor":11.0,"turns":3.0},{"damage":0.0,"enemies":"3 Sentries","floor":12.0,"turns":7.0},{"damage":0.0,"enemies":"Looter","floor":14.0,"turns":2.0},{"damage":10.0,"enemies":"Hexaghost","floor":16.0,"turns":8.0},{"damage":23.0,"enemies":"3 Byrds","floor":18.0,"turns":4.0},{"damage":0.0,"enemies":"Chosen","floor":19.0,"turns":3.0},{"damage":0.0,"enemies":"Centurion and Healer","floor":24.0,"turns":3.0},{"damage":8.0,"enemies":"Snake Plant","floor":27.0,"turns":2.0},{"damage":0.0,"enemies":"3 Cultists","floor":28.0,"turns":3.0},{"damage":13.0,"enemies":"Book of Stabbing","floor":29.0,"turns":3.0},{"damage":0.0,"enemies":"Chosen and Byrds","floor":31.0,"turns":2.0},{"damage":81,"enemies":"Champ","floor":33,"turns":12}],"seed_played":"8510527097136500490","potions_obtained":[{"floor":4.0,"key":"Dexterity Potion"},{"floor":6.0,"key":"SkillPotion"},{"floor":8.0,"key":"Swift Potion"},{"floor":10.0,"key":"Fire Potion"},{"floor":19.0,"key":"GamblersBrew"}],"is_trial":false,"path_per_floor":["M","?","?","M","$","E","R","E","T","M","M","E","R","M","R","B",null,"M","M","?","?","?","R","M","R","T","M","M","E","$","M","R","B"],"character_chosen":"THE_SILENT","items_purchased":["Masterful Stab"],"campfire_rested":1,"item_purchase_floors":[5],"current_hp_per_floor":[59,48,48,48,48,48,48,21,21,21,20,20,20,20,20,10,52,29,29,29,29,29,29,29,48,48,40,40,27,27,27,27,0],"gold":450,"neow_bonus":"THREE_ENEMY_KILL","is_prod":false,"is_daily":false,"chose_seed":false,"campfire_upgraded":5,"win_rate":0,"timestamp":1549810010,"path_taken":["M","?","?","?","$","E","R","E","T","M","M","E","R","M","R","BOSS","M","?","?","?","?","R","M","R","T","M","M","E","$","M","R","BOSS"],"build_version":"2019-01-23","purchased_purges":1,"victory":false,"max_hp_per_floor":[66,66,66,66,66,66,66,66,66,66,66,66,66,66,66,66,66,66,66,66,66,66,66,66,66,66,66,66,66,66,66,66,66],"card_choices":[{"not_picked":["Poisoned Stab","Expertise"],"picked":"Terror","floor":1.0},{"not_picked":["Slice","Catalyst"],"picked":"Deadly Poison","floor":4.0},{"not_picked":["Slice","Deflect"],"picked":"Dodge and Roll","floor":6.0},{"not_picked":["Skewer","Tactician"],"picked":"Blade Dance","floor":8.0},{"not_picked":["Infinite Blades","Slice+1"],"picked":"Bane+1","floor":10.0},{"not_picked":["Poisoned Stab+1","PiercingWail"],"picked":"Backstab+1","floor":11.0},{"not_picked":["Outmaneuver","Doppelganger"],"picked":"Catalyst","floor":12.0},{"not_picked":["Cloak And Dagger","Tactician"],"picked":"Flying Knee+1","floor":14.0},{"not_picked":["Wraith Form v2","Night Terror"],"picked":"Corpse Explosion","floor":16.0},{"not_picked":[],"picked":"Flying Knee+1","floor":18.0},{"not_picked":["Terror"],"picked":"SKIP","floor":19.0},{"not_picked":[],"picked":"Dagger Spray+1","floor":24.0},{"not_picked":[],"picked":"Dodge and Roll","floor":27.0},{"not_picked":[],"picked":"Dagger Spray+1","floor":28.0},{"not_picked":[],"picked":"Leg Sweep+1","floor":29.0},{"not_picked":["Underhanded Strike+1"],"picked":"SKIP","floor":31.0}],"player_experience":1118431,"relics_obtained":[{"floor":6.0,"key":"War Paint"},{"floor":8.0,"key":"Molten Egg 2"},{"floor":9.0,"key":"Tiny Chest"},{"floor":12.0,"key":"Snake Skull"},{"floor":26.0,"key":"MawBank"},{"floor":29.0,"key":"Pantograph"}],"event_choices":[{"damage_healed":0.0,"max_hp_gain":0.0,"max_hp_loss":0.0,"gold_gain":75.0,"event_name":"World of Goop","player_choice":"Gather Gold","floor":2.0,"gold_loss":0.0,"damage_taken":11.0},{"damage_healed":0.0,"max_hp_gain":0.0,"max_hp_loss":0.0,"gold_gain":0.0,"event_name":"Upgrade Shrine","player_choice":"Upgraded","floor":3.0,"gold_loss":0.0,"damage_taken":0.0,"cards_upgraded":["Neutralize"]},{"damage_healed":0.0,"max_hp_gain":0.0,"max_hp_loss":0.0,"gold_gain":0.0,"event_name":"Vampires","player_choice":"Ignored","floor":20.0,"gold_loss":0.0,"damage_taken":0.0},{"damage_healed":0.0,"max_hp_gain":0.0,"max_hp_loss":0.0,"gold_gain":0.0,"event_name":"Addict","player_choice":"Obtained Relic","floor":21.0,"gold_loss":85.0,"damage_taken":0.0,"relics_obtained":["Bag of Preparation"]},{"damage_healed":0.0,"max_hp_gain":0.0,"max_hp_loss":0.0,"gold_gain":0.0,"event_name":"Drug Dealer","player_choice":"Inject Mutagens","floor":22.0,"gold_loss":0.0,"damage_taken":0.0,"relics_obtained":["MutagenicStrength"]}],"is_beta":false,"boss_relics":[{"not_picked":["Philosopher\u0027s Stone","Velvet Choker"],"picked":"Busted Crown"}],"items_purged_floors":[5],"is_endless":false,"potions_floor_spawned":[4,6,8,10,19,27,28],"killed_by":"Champ","ascension_level":20}