{"gold_per_floor":[213,163,163,163,36,70,87,118,118,73,73,103,155,175,175,273,273,290,304,191,207,220,232,232],"floor_reached":24,"playtime":2158,"items_purged":["Defend_R"],"score":216,"play_id":"510f9d7e-1318-4e71-a227-6c918b68d9e3","local_time":"20190215235909","is_ascension_mode":false,"campfire_choices":[{"floor":11,"key":"REST"},{"floor":15,"key":"REST"}],"neow_cost":"NONE","seed_source_timestamp":465271258811888,"circlet_count":0,"master_deck":["Strike_R","Strike_R","Strike_R","Strike_R","Strike_R","Defend_R","Defend_R","Bash","Headbutt","Limit Break","Headbutt","Heavy Blade","Cleave","Whirlwind","Flex","Heavy Blade","Heavy Blade","Offering","Spot Weakness","Warcry+1","Spot Weakness","Rage","Pommel Strike","Pommel Strike"],"relics":["Black Blood","Dodecahedron","Pen Nib","Shuriken","Happy Flower","Potion Belt","Vajra"],"potions_floor_usage":[12,16,22,24],"damage_taken":[{"damage":2,"enemies":"2 Louse","floor":1,"turns":3},{"damage":28,"enemies":"Gremlin Nob","floor":6,"turns":4},{"damage":17,"enemies":"Small Slimes","floor":7,"turns":3},{"damage":27,"enemies":"3 Sentries","floor":8,"turns":4},{"damage":36,"enemies":"Lagavulin","floor":12,"turns":4},{"damage":11,"enemies":"Jaw Worm","floor":14,"turns":2},{"damage":37,"enemies":"Hexaghost","floor":16,"turns":7},{"damage":18,"enemies":"Shell Parasite","floor":18,"turns":2},{"damage":6,"enemies":"Spheric Guardian","floor":19,"turns":2},{"damage":57,"enemies":"Shelled Parasite and Fungi","floor":21,"turns":4},{"damage":12,"enemies":"3 Cultists","floor":22,"turns":3},{"damage":27,"enemies":"Snake Plant","floor":23,"turns":3},{"damage":36,"enemies":"Snecko","floor":24,"turns":3}],"seed_played":"-2725072522550383617","potions_obtained":[{"floor":7,"key":"SneckoOil"},{"floor":8,"key":"Regen Potion"},{"floor":14,"key":"SpeedPotion"},{"floor":21,"key":"Explosive Potion"}],"is_trial":false,"path_per_floor":["M","?","?","?","$","E","M","E","T","$","R","E","T","M","R","B",null,"M","M","$","M","M","M","M"],"character_chosen":"IRONCLAD","items_purchased":["Limit Break","Headbutt","Flex","Spot Weakness"],"campfire_rested":2,"item_purchase_floors":[5,5,10,20],"current_hp_per_floor":[80,80,68,73,73,51,40,19,19,19,44,23,23,18,43,12,85,77,81,81,34,32,15,0],"gold":232,"neow_bonus":"HUNDRED_GOLD","is_prod":false,"is_daily":false,"chose_seed":false,"campfire_upgraded":0,"win_rate":0.0,"timestamp":1550293149,"path_taken":["M","?","?","?","$","E","M","E","T","$","R","E","?","M","R","BOSS","M","M","$","M","M","M","M"],"build_version":"2019-01-23","purchased_purges":1,"victory":false,"max_hp_per_floor":[80,80,80,85,85,85,85,85,85,85,85,85,85,85,85,85,85,85,85,85,85,85,85,85],"card_choices":[{"not_picked":["Warcry","Sever Soul"],"picked":"Headbutt","floor":1},{"not_picked":["Thunderclap","Blood for Blood"],"picked":"Heavy Blade","floor":6},{"not_picked":["Clothesline","Shockwave"],"picked":"Cleave","floor":7},{"not_picked":["Bludgeon","Body Slam"],"picked":"Whirlwind","floor":8},{"not_picked":["Iron Wave","True Grit"],"picked":"Heavy Blade","floor":12},{"not_picked":["Bloodletting","Headbutt"],"picked":"Heavy Blade","floor":14},{"not_picked":["Brutality","Juggernaut"],"picked":"Offering","floor":16},{"not_picked":["Sword Boomerang","Feel No Pain"],"picked":"Spot Weakness","floor":18},{"not_picked":["Metallicize+1","Searing Blow"],"picked":"Warcry+1","floor":19},{"not_picked":["Clash+1","Anger"],"picked":"Rage","floor":21},{"not_picked":["Twin Strike","Shrug It Off"],"picked":"Pommel Strike","floor":22},{"not_picked":["Rampage","Perfected Strike+1"],"picked":"Pommel Strike","floor":23}],"player_experience":20835,"relics_obtained":[{"floor":6,"key":"Pen Nib"},{"floor":8,"key":"Shuriken"},{"floor":9,"key":"Happy Flower"},{"floor":12,"key":"Potion Belt"},{"floor":13,"key":"Vajra"}],"event_choices":[{"cards_removed":["Defend_R"],"damage_healed":0,"gold_gain":0,"player_choice":"Card Removal","damage_taken":0,"max_hp_gain":0,"max_hp_loss":0,"event_name":"The Cleric","floor":2,"gold_loss":50},{"damage_healed":0,"gold_gain":0,"player_choice":"Success","damage_taken":12,"relics_obtained":["Dodecahedron"],"max_hp_gain":0,"max_hp_loss":0,"event_name":"Scrap Ooze","floor":3,"gold_loss":0},{"damage_healed":0,"gold_gain":0,"player_choice":"Donut","damage_taken":0,"max_hp_gain":5,"max_hp_loss":0,"event_name":"Big Fish","floor":4,"gold_loss":0}],"is_beta":false,"boss_relics":[{"not_picked":["Sozu","Mark of Pain"],"picked":"Black Blood"}],"items_purged_floors":[20],"is_endless":false,"potions_floor_spawned":[7,8,14,21],"killed_by":"Snecko","ascension_level":0}