{"gold_per_floor":[363,380,10,21,21,21,52,52,52,65,98,98,131,142,142,245,245,245,245,225,225,225,225,225,225,225,225,225,225,140,140,140,140,140,140,80,80,80,80,80,7,7,7,7,7,7,7,7,7,7,7,7,7,7,7],"floor_reached":56,"playtime":3191,"items_purged":["Strike_G"],"score":1339,"play_id":"92ea5319-9611-4008-b262-e5621a15bcc8","local_time":"20190215172854","is_ascension_mode":true,"campfire_choices":[{"data":"Catalyst","floor":6.0,"key":"SMITH"},{"floor":8.0,"key":"REST"},{"floor":15.0,"key":"REST"},{"floor":23.0,"key":"REST"},{"data":"Catalyst","floor":25,"key":"SMITH"},{"data":"Well Laid Plans","floor":32,"key":"SMITH"},{"data":"Neutralize","floor":40,"key":"SMITH"},{"floor":45,"key":"REST"},{"floor":49,"key":"RECALL"},{"data":"Bullet Time","floor":52,"key":"SMITH"}],"neow_cost":"PERCENT_DAMAGE","seed_source_timestamp":24733731502129,"circlet_count":0,"master_deck":["Defend_G","Defend_G","Defend_G","Defend_G","Defend_G","Strike_G+1","Survivor","Neutralize+1","Cloak And Dagger","Catalyst+1","Noxious Fumes+1","Leg Sweep","Caltrops","Malaise","Well Laid Plans+1","PiercingWail","Catalyst+1","Adrenaline","Backflip","Backflip+1","PiercingWail","Die Die Die","Bullet Time+1","Bane","Bouncing Flask+1","Caltrops","Dodge and Roll+1"],"special_seed":0,"relics":["Ring of the Snake","Snake Skull","Shuriken","Bottled Lightning","Blue Candle","Shovel","Ectoplasm","Omamori","Bottled Tornado","PreservedInsect","Vajra","Tiny House","Kunai","Mummified Hand","Darkstone Periapt","Pantograph"],"potions_floor_usage":[28,33,38,42,50,55,55],"damage_taken":[{"damage":5.0,"enemies":"Cultist","floor":1.0,"turns":5.0},{"damage":0.0,"enemies":"2 Louse","floor":2.0,"turns":3.0},{"damage":0.0,"enemies":"Jaw Worm","floor":4.0,"turns":5.0},{"damage":2.0,"enemies":"Lagavulin","floor":7.0,"turns":6.0},{"damage":8.0,"enemies":"3 Louse","floor":10.0,"turns":5.0},{"damage":17.0,"enemies":"Gremlin Nob","floor":11.0,"turns":5.0},{"damage":1.0,"enemies":"Lagavulin","floor":13.0,"turns":6.0},{"damage":9.0,"enemies":"Lots of Slimes","floor":14.0,"turns":4.0},{"damage":23.0,"enemies":"Slime Boss","floor":16.0,"turns":11.0},{"damage":4.0,"enemies":"Shell Parasite","floor":18.0,"turns":6.0},{"damage":13.0,"enemies":"Spheric Guardian","floor":19.0,"turns":5.0},{"damage":6.0,"enemies":"Snake Plant","floor":21.0,"turns":5.0},{"damage":1.0,"enemies":"Sentry and Sphere","floor":22.0,"turns":5.0},{"damage":12,"enemies":"3 Cultists","floor":24,"turns":5},{"damage":8,"enemies":"Gremlin Leader","floor":28,"turns":6},{"damage":6,"enemies":"Centurion and Healer","floor":29,"turns":6},{"damage":3,"enemies":"Book of Stabbing","floor":31,"turns":4},{"damage":14,"enemies":"Collector","floor":33,"turns":10},{"damage":7,"enemies":"Orb Walker","floor":35,"turns":4},{"damage":4,"enemies":"3 Darklings","floor":37,"turns":4},{"damage":9,"enemies":"Writhing Mass","floor":38,"turns":4},{"damage":12,"enemies":"Nemesis","floor":42,"turns":3},{"damage":13,"enemies":"Jaw Worm Horde","floor":44,"turns":4},{"damage":3,"enemies":"Giant Head","floor":46,"turns":6},{"damage":9,"enemies":"3 Darklings","floor":48,"turns":4},{"damage":7,"enemies":"Donu and Deca","floor":50,"turns":9},{"damage":21,"enemies":"Shield and Spear","floor":54,"turns":5},{"damage":72,"enemies":"The Heart","floor":55,"turns":6}],"seed_played":"-781499060503147454","potions_obtained":[{"floor":2.0,"key":"SpeedPotion"},{"floor":7.0,"key":"PowerPotion"},{"floor":13.0,"key":"PowerPotion"},{"floor":16.0,"key":"Block Potion"},{"floor":21.0,"key":"PowerPotion"},{"floor":24,"key":"Weak Potion"},{"floor":31,"key":"SteroidPotion"},{"floor":34,"key":"LiquidBronze"},{"floor":35,"key":"GhostInAJar"},{"floor":38,"key":"Block Potion"},{"floor":42,"key":"Fire Potion"}],"is_trial":false,"path_per_floor":["M","M","$","M","?","R","E","R","T","M","E","?","E","M","R","B",null,"M","M","?","M","M","R","M","R","T","?","E","M","?","E","R","B",null,"M","?","M","M","?","R","$","E","T","M","R","E","T","M","R","B",null,"R","$","E","B",null],"character_chosen":"THE_SILENT","items_purchased":["Noxious Fumes","Snake Skull","Leg Sweep","Caltrops"],"campfire_rested":4,"item_purchase_floors":[3,3,3,41],"current_hp_per_floor":[44,44,44,44,44,44,42,63,63,55,38,31,30,21,42,19,70,66,53,53,47,46,67,55,55,55,70,62,56,56,53,53,39,75,68,68,64,55,55,55,55,43,43,30,52,49,49,40,40,33,75,75,75,54,3],"gold":7,"neow_bonus":"TWO_FIFTY_GOLD","is_prod":false,"is_daily":false,"chose_seed":false,"campfire_upgraded":5,"win_rate":0,"timestamp":1550248134,"path_taken":["M","?","$","M","?","R","E","R","T","M","E","?","E","M","R","BOSS","M","M","?","?","M","R","M","R","T","?","E","M","?","E","R","BOSS","M","?","M","?","?","R","$","E","T","M","R","E","?","M","R","BOSS","R","$","E","BOSS"],"build_version":"2019-01-23","purchased_purges":1,"victory":true,"max_hp_per_floor":[70,70,70,70,70,70,70,70,70,70,70,70,70,70,70,70,70,70,70,70,70,70,70,70,70,70,70,70,70,70,70,70,70,75,75,75,75,75,75,75,75,75,75,75,75,75,75,75,75,75,75,75,75,75,75],"card_choices":[{"not_picked":["Caltrops","Escape Plan"],"picked":"Cloak And Dagger","floor":1.0},{"not_picked":["Outmaneuver","Slice"],"picked":"Catalyst","floor":2.0},{"not_picked":["Sucker Punch","Leg Sweep"],"picked":"Caltrops","floor":4.0},{"not_picked":["Slice","Prepared"],"picked":"Malaise","floor":7.0},{"not_picked":["Setup","Escape Plan","Slice"],"picked":"SKIP","floor":10.0},{"not_picked":["PiercingWail","Heel Hook"],"picked":"Well Laid Plans","floor":11.0},{"not_picked":["Bane","Skewer"],"picked":"PiercingWail","floor":13.0},{"not_picked":["Sucker Punch","Dagger Spray"],"picked":"Catalyst","floor":14.0},{"not_picked":["Tools of the Trade","Die Die Die"],"picked":"Adrenaline","floor":16.0},{"not_picked":["Dagger Spray","Tactician","Predator+1"],"picked":"SKIP","floor":18.0},{"not_picked":["Predator","Setup"],"picked":"Backflip","floor":19.0},{"not_picked":["Deflect","Terror+1","Dagger Throw+1"],"picked":"SKIP","floor":21.0},{"not_picked":["Deadly Poison","Dagger Spray","Escape Plan"],"picked":"SKIP","floor":22.0},{"not_picked":["All Out Attack","Dagger Spray","Prepared+1"],"picked":"SKIP","floor":24},{"not_picked":["Sucker Punch","Blade Dance"],"picked":"Backflip+1","floor":28},{"not_picked":["Deadly Poison","Flechettes","Backflip"],"picked":"SKIP","floor":29},{"not_picked":["All Out Attack","Endless Agony"],"picked":"PiercingWail","floor":31},{"not_picked":["Grand Finale","Tools of the Trade"],"picked":"Die Die Die","floor":33},{"not_picked":["Quick Slash","Backflip","Tactician"],"picked":"SKIP","floor":35},{"not_picked":["Flying Knee+1","Quick Slash+1"],"picked":"Bouncing Flask+1","floor":37},{"not_picked":["Dagger Spray+1","Infinite Blades+1","Tools of the Trade"],"picked":"SKIP","floor":38},{"not_picked":["Tactician+1","Prepared+1","Dagger Throw+1"],"picked":"SKIP","floor":42},{"not_picked":["Sucker Punch+1","Accuracy"],"picked":"Dodge and Roll+1","floor":44},{"not_picked":["Dodge and Roll+1","Deflect+1","Masterful Stab"],"picked":"SKIP","floor":46},{"not_picked":["Cloak And Dagger","Eviscerate+1","Quick Slash+1"],"picked":"SKIP","floor":48},{"not_picked":["Flying Knee+1","Deadly Poison","Quick Slash+1"],"picked":"SKIP","floor":54}],"player_experience":186556,"relics_obtained":[{"floor":7.0,"key":"Shuriken"},{"floor":9.0,"key":"Bottled Lightning"},{"floor":11.0,"key":"Blue Candle"},{"floor":13.0,"key":"Shovel"},{"floor":26,"key":"Omamori"},{"floor":28,"key":"Bottled Tornado"},{"floor":31,"key":"Vajra"},{"floor":42,"key":"Kunai"},{"floor":46,"key":"Mummified Hand"},{"floor":47,"key":"Darkstone Periapt"},{"floor":54,"key":"Pantograph"}],"event_choices":[{"damage_healed":0.0,"max_hp_gain":0.0,"max_hp_loss":0.0,"gold_gain":0.0,"event_name":"Living Wall","player_choice":"Grow","floor":5.0,"gold_loss":0.0,"damage_taken":0.0,"cards_upgraded":["Noxious Fumes"]},{"cards_removed":["Strike_G"],"damage_healed":0.0,"max_hp_gain":0.0,"max_hp_loss":0.0,"gold_gain":0.0,"event_name":"Golden Wing","player_choice":"Card Removal","floor":12.0,"gold_loss":0.0,"damage_taken":7.0},{"damage_healed":0.0,"max_hp_gain":0.0,"max_hp_loss":0.0,"gold_gain":0.0,"event_name":"The Woman in Blue","player_choice":"Bought 1 Potion","floor":20.0,"gold_loss":0.0,"damage_taken":0.0},{"damage_healed":23,"gold_gain":0,"player_choice":"Heal","damage_taken":0,"max_hp_gain":0,"max_hp_loss":0,"event_name":"The Library","floor":27,"gold_loss":0},{"damage_healed":0,"gold_gain":0,"player_choice":"Obtained Relic","damage_taken":0,"relics_obtained":["PreservedInsect"],"max_hp_gain":0,"max_hp_loss":0,"event_name":"Addict","floor":30,"gold_loss":85},{"damage_healed":0,"gold_gain":0,"cards_transformed":["Strike_G","Strike_G"],"player_choice":"Transformed Cards","damage_taken":0,"max_hp_gain":0,"max_hp_loss":0,"event_name":"Designer","floor":36,"gold_loss":60,"cards_obtained":["Bullet Time","Bane"]},{"damage_healed":0,"gold_gain":0,"player_choice":"Ignored","damage_taken":0,"max_hp_gain":0,"max_hp_loss":0,"event_name":"Tomb of Lord Red Mask","floor":39,"gold_loss":0}],"is_beta":false,"boss_relics":[{"not_picked":["White Beast Statue","Coffee Dripper"],"picked":"Ectoplasm"},{"not_picked":["Velvet Choker","Pandora\u0027s Box"],"picked":"Tiny House"}],"items_purged_floors":[3],"is_endless":false,"potions_floor_spawned":[2,7,13,14,16,18,21,24,31,35,38,42,44],"ascension_level":2}