{"gold_per_floor":[113,125,125,125,225,237,237,265,316,334,399,399,431,450,450,547,547,562,37,37,55,71,104,104,104,104,215,227,254,286,312,324,439,451,483,495,417,446,472,518,546,593,605,617,641,92,118,129,129,129,129,129,38,69,69],"floor_reached":56,"playtime":3730,"items_purged":["Strike_B","Parasite"],"score":1541,"play_id":"46fc83ef-1879-4d10-8401-f86dccac5fa6","local_time":"20181218023607","is_ascension_mode":true,"campfire_choices":[{"data":"Dualcast","floor":7,"key":"SMITH"},{"data":"Sunder","floor":12,"key":"SMITH"},{"floor":15,"key":"REST"},{"data":"Apotheosis","floor":28,"key":"SMITH"},{"data":"Machine Learning","floor":32,"key":"SMITH"},{"floor":49,"key":"RECALL"},{"data":"Capacitor","floor":52,"key":"SMITH"}],"neow_cost":"NONE","seed_source_timestamp":137789943391243,"circlet_count":0,"master_deck":["Strike_B+1","Strike_B+1","Defend_B+1","Defend_B+1","Defend_B+1","Defend_B+1","Zap+1","Dualcast+1","Sweeping Beam","Leap+1","Gash","Leap","Gash","Self Repair","Sunder+1","Glacier","Machine Learning+1","Coolheaded+1","Gash","Apotheosis+1","Stack","Coolheaded+1","Skim+1","Capacitor+1","Turbo+1","Glacier","Gash","All For One","Turbo+1","Cold Snap+1","Auto Shields+1","Rebound+1","Conserve Battery+1","Rebound+1","Consume+1","Seek","Streamline+1","Chill+1","Go for the Eyes+1","Flash of Steel+1","Steam"],"relics":["Cracked Core","War Paint","Bronze Scales","Tiny Chest","Regal Pillow","Black Star","ClockworkSouvenir","Darkstone Periapt","Matryoshka","Bag of Marbles","MawBank","Mummified Hand","Runic Pyramid","Pantograph","Ornamental Fan","Strawberry","DataDisk","Dream Catcher","Molten Egg 2","Toolbox","Art of War","Bottled Lightning","Boot","Bag of Preparation"],"potions_floor_usage":[11,13,18,23,33,55,55,55],"damage_taken":[{"damage":6,"enemies":"Jaw Worm","floor":1,"turns":3},{"damage":0,"enemies":"2 Louse","floor":2,"turns":3},{"damage":0,"enemies":"Cultist","floor":6,"turns":3},{"damage":28,"enemies":"Gremlin Nob","floor":8,"turns":5},{"damage":0,"enemies":"3 Louse","floor":10,"turns":2},{"damage":1,"enemies":"Lagavulin","floor":11,"turns":7},{"damage":14,"enemies":"Gremlin Nob","floor":13,"turns":3},{"damage":7,"enemies":"Blue Slaver","floor":14,"turns":3},{"damage":0,"enemies":"Slime Boss","floor":16,"turns":10},{"damage":0,"enemies":"Spheric Guardian","floor":18,"turns":2},{"damage":8,"enemies":"Chosen","floor":21,"turns":4},{"damage":7,"enemies":"Shelled Parasite and Fungi","floor":22,"turns":6},{"damage":42,"enemies":"Gremlin Leader","floor":23,"turns":7},{"damage":8,"enemies":"Centurion and Healer","floor":29,"turns":6},{"damage":4,"enemies":"3 Cultists","floor":30,"turns":5},{"damage":0,"enemies":"Snecko","floor":31,"turns":5},{"damage":30,"enemies":"Automaton","floor":33,"turns":11},{"damage":9,"enemies":"3 Shapes","floor":35,"turns":6},{"damage":21,"enemies":"3 Darklings","floor":38,"turns":4},{"damage":4,"enemies":"Spire Growth","floor":39,"turns":6},{"damage":8,"enemies":"Reptomancer","floor":40,"turns":8},{"damage":0,"enemies":"Writhing Mass","floor":41,"turns":6},{"damage":0,"enemies":"Giant Head","floor":42,"turns":9},{"damage":0,"enemies":"Maw","floor":45,"turns":7},{"damage":50,"enemies":"Reptomancer","floor":47,"turns":10},{"damage":0,"enemies":"Jaw Worm Horde","floor":48,"turns":5},{"damage":1,"enemies":"Time Eater","floor":50,"turns":14},{"damage":3,"enemies":"Shield and Spear","floor":54,"turns":7},{"damage":0,"enemies":"The Heart","floor":55,"turns":11}],"seed_played":"4864095844517028288","potions_obtained":[{"floor":2,"key":"PowerPotion"},{"floor":8,"key":"Poison Potion"},{"floor":13,"key":"PowerPotion"},{"floor":16,"key":"Fire Potion"},{"floor":21,"key":"Swift Potion"},{"floor":23,"key":"Fire Potion"},{"floor":33,"key":"Strength Potion"},{"floor":41,"key":"GamblersBrew"},{"floor":42,"key":"Energy Potion"},{"floor":45,"key":"SpeedPotion"},{"floor":54,"key":"Weak Potion"}],"is_trial":false,"path_per_floor":["M","M","?","?","?","M","R","E","T","M","E","R","E","M","R","B",null,"M","$","?","M","M","E","?","?","T","?","R","M","M","M","R","B",null,"M","?","?","M","M","E","M","E","T","T","M","$","E","M","R","B",null,"R","$","E","B",null],"character_chosen":"DEFECT","items_purchased":["Gash","Apotheosis","ClockworkSouvenir","Stack","Seek","Toolbox","Streamline+1","Ancient Potion","Flash of Steel+1"],"campfire_rested":1,"item_purchase_floors":[19,19,19,19,46,46,46,46,53],"current_hp_per_floor":[69,69,62,62,62,62,62,34,34,34,40,40,26,26,63,70,75,75,75,75,75,75,43,43,49,49,49,49,51,54,64,64,41,81,81,81,81,70,76,78,87,94,94,94,94,91,51,61,61,91,91,91,91,91,91],"gold":69,"neow_bonus":"THREE_CARDS","is_prod":false,"is_daily":false,"chose_seed":false,"campfire_upgraded":5,"win_rate":0,"timestamp":1545118567,"path_taken":["M","M","?","?","?","?","R","E","T","M","E","R","E","M","R","BOSS","M","$","?","M","M","E","?","?","T","?","R","M","M","?","R","BOSS","M","?","?","?","M","E","M","E","T","?","M","$","E","M","R","BOSS","R","$","E","BOSS"],"build_version":"2018-12-13","purchased_purges":2,"victory":true,"max_hp_per_floor":[75,75,75,75,75,75,75,75,75,75,75,75,75,75,75,75,75,75,75,75,75,75,75,75,81,81,81,81,81,81,81,81,81,81,81,81,81,81,81,81,87,94,94,94,94,91,91,91,91,91,91,91,91,91,91],"card_choices":[{"not_picked":["Streamline","Compile Driver"],"picked":"Sweeping Beam","floor":0},{"not_picked":["Steam","Rebound"],"picked":"Leap","floor":1},{"not_picked":["Compile Driver","Stack"],"picked":"Gash","floor":2},{"not_picked":["Reprogram","Scrape"],"picked":"Leap","floor":6},{"not_picked":["Doom and Gloom","Heatsinks"],"picked":"Gash","floor":8},{"not_picked":["Compile Driver","Melter"],"picked":"Self Repair","floor":10},{"not_picked":["Cold Snap","Loop"],"picked":"Sunder","floor":11},{"not_picked":["Stack","Turbo","Thunder Strike"],"picked":"SKIP","floor":13},{"not_picked":["Ball Lightning","Lockon"],"picked":"Glacier","floor":14},{"not_picked":["Buffer","Fission"],"picked":"Machine Learning","floor":16},{"not_picked":["Steam","Rebound"],"picked":"Coolheaded+1","floor":18},{"not_picked":["Reprogram","Sweeping Beam"],"picked":"Coolheaded","floor":21},{"not_picked":["Cold Snap","Steam"],"picked":"Skim+1","floor":22},{"not_picked":["Skim+1","Ball Lightning"],"picked":"Capacitor","floor":23},{"not_picked":["Leap","Coolheaded"],"picked":"Turbo+1","floor":29},{"not_picked":["Loop","Conserve Battery"],"picked":"Glacier","floor":30},{"not_picked":["Scrape","Force Field"],"picked":"Gash","floor":31},{"not_picked":["Thunder Strike","Meteor Strike"],"picked":"All For One","floor":33},{"not_picked":["Self Repair","Stack"],"picked":"Turbo+1","floor":35},{"not_picked":["Sweeping Beam","Redo"],"picked":"Cold Snap+1","floor":38},{"not_picked":["Loop","Hello World+1"],"picked":"Auto Shields+1","floor":39},{"not_picked":["Tempest+1","Conserve Battery"],"picked":"Rebound+1","floor":40},{"not_picked":["Undo","Rebound+1"],"picked":"Conserve Battery+1","floor":41},{"not_picked":["Self Repair","Cold Snap+1"],"picked":"Rebound+1","floor":42},{"not_picked":["Turbo","Aggregate+1"],"picked":"Consume+1","floor":45},{"not_picked":["Self Repair","Genetic Algorithm"],"picked":"Chill+1","floor":47},{"not_picked":["Doom and Gloom+1","Barrage+1"],"picked":"Go for the Eyes+1","floor":48},{"not_picked":["Redo+1","Tempest+1"],"picked":"Steam","floor":54}],"player_experience":3831335,"relics_obtained":[{"floor":8,"key":"War Paint"},{"floor":9,"key":"Bronze Scales"},{"floor":11,"key":"Tiny Chest"},{"floor":13,"key":"Regal Pillow"},{"floor":23,"key":"Darkstone Periapt"},{"floor":23,"key":"Matryoshka"},{"floor":26,"key":"MawBank"},{"floor":26,"key":"Mummified Hand"},{"floor":40,"key":"Pantograph"},{"floor":40,"key":"Ornamental Fan"},{"floor":42,"key":"Strawberry"},{"floor":42,"key":"DataDisk"},{"floor":43,"key":"Dream Catcher"},{"floor":44,"key":"Molten Egg 2"},{"floor":47,"key":"Art of War"},{"floor":47,"key":"Bottled Lightning"},{"floor":54,"key":"Boot"},{"floor":54,"key":"Bag of Preparation"}],"event_choices":[{"cards_removed":["Strike_B"],"damage_healed":0,"gold_gain":0,"player_choice":"Card Removal","damage_taken":7,"max_hp_gain":0,"max_hp_loss":0,"event_name":"Golden Wing","floor":3,"gold_loss":0},{"damage_healed":0,"gold_gain":0,"player_choice":"Grow","damage_taken":0,"max_hp_gain":0,"max_hp_loss":0,"event_name":"Living Wall","floor":4,"gold_loss":0,"cards_upgraded":["Zap"]},{"damage_healed":0,"gold_gain":100,"player_choice":"Pray","damage_taken":0,"max_hp_gain":0,"max_hp_loss":0,"event_name":"Golden Shrine","floor":5,"gold_loss":0},{"damage_healed":0,"gold_gain":0,"player_choice":"Simplicity","damage_taken":0,"max_hp_gain":0,"max_hp_loss":0,"event_name":"Back to Basics","floor":20,"gold_loss":0,"cards_upgraded":["Strike_B","Strike_B","Defend_B","Defend_B","Defend_B"]},{"damage_healed":0,"gold_gain":0,"player_choice":"Ignored","damage_taken":0,"max_hp_gain":0,"max_hp_loss":0,"event_name":"Vampires","floor":24,"gold_loss":0},{"damage_healed":0,"gold_gain":0,"player_choice":"Opened","damage_taken":0,"relics_obtained":["Bag of Marbles"],"max_hp_gain":0,"max_hp_loss":0,"event_name":"The Mausoleum","floor":25,"gold_loss":0,"cards_obtained":["Writhe"]},{"damage_healed":0,"gold_gain":99,"player_choice":"Stole From Cult","damage_taken":0,"max_hp_gain":0,"max_hp_loss":0,"event_name":"Nest","floor":27,"gold_loss":0},{"damage_healed":0,"gold_gain":0,"player_choice":"Ignored","damage_taken":0,"max_hp_gain":0,"max_hp_loss":0,"event_name":"Tomb of Lord Red Mask","floor":36,"gold_loss":0},{"cards_removed":["Writhe"],"damage_healed":0,"gold_gain":0,"player_choice":"Upgrade and Remove","damage_taken":0,"max_hp_gain":0,"max_hp_loss":0,"event_name":"Designer","floor":37,"gold_loss":90,"cards_upgraded":["Coolheaded"]}],"is_beta":true,"boss_relics":[{"not_picked":["Velvet Choker","FrozenCore"],"picked":"Black Star"},{"not_picked":["Nuclear Battery","Pandora\u0027s Box"],"picked":"Runic Pyramid"}],"items_purged_floors":[19,46],"is_endless":false,"potions_floor_spawned":[2,8,13,16,21,23,33,41,42,45,47,54],"ascension_level":1}