{"gold_per_floor":[361,361,97,124,138,165,180,196,220,246,246,580,640,668,668,773,773,787,787,802,821,835,861,861,861,861,861,893,808,808,908,908,1012,1012,1023,1023,1041,1041,1059,1086,1102,1130,1130,1156,503,519,536,551,551,551,551,551,14,48,48],"floor_reached":56,"playtime":4097,"items_purged":["Doubt","Defend_R"],"score":1597,"play_id":"1dcfcdc9-4e60-490c-b084-7ac3824d1595","local_time":"20181122080411","is_ascension_mode":true,"campfire_choices":[{"data":"Armaments","floor":11,"key":"SMITH"},{"data":"Discovery","floor":15,"key":"SMITH"},{"data":"Demon Form","floor":24,"key":"SMITH"},{"data":"Evolve","floor":27,"key":"SMITH"},{"floor":30,"key":"REST"},{"data":"Uppercut","floor":32,"key":"SMITH"},{"floor":49,"key":"RECALL"},{"floor":52,"key":"REST"}],"neow_cost":"PERCENT_DAMAGE","seed_source_timestamp":2428815218900929,"circlet_count":0,"master_deck":["Strike_R","Strike_R","Strike_R","Defend_R","Defend_R","Bash","Ghostly Armor","Uppercut+1","Discovery+1","Armaments+1","Evolve+1","Carnage","Power Through","Anger","Shockwave","Demon Form+1","Shrug It Off","Offering","Metallicize","Shrug It Off","Perfected Strike","Disarm","Offering","Infernal Blade+1","Reaper","Battle Trance+1","Pummel+1","Clothesline","Impervious+1","Shrug It Off+1","Headbutt+1","Violence+1","Finesse+1","Apotheosis+1","Pommel Strike","Dropkick+1","Iron Wave+1","Second Wind+1"],"relics":["Burning Blood","Vajra","Orichalcum","Letter Opener","Old Coin","Bag of Marbles","Strawberry","Cursed Key","Enchiridion","Dodecahedron","Red Skull","Pen Nib","Incense Burner","Toxic Egg 2","Fusion Hammer","Potion Belt","Nunchaku","The Courier","Gremlin Horn","Champion Belt","Frozen Eye","Pantograph","Bag of Preparation"],"potions_floor_usage":[6,10,23,31,50,55,55],"damage_taken":[{"damage":1,"enemies":"Jaw Worm","floor":1,"turns":3},{"damage":0,"enemies":"Cultist","floor":5,"turns":5},{"damage":5,"enemies":"Lagavulin","floor":6,"turns":7},{"damage":2,"enemies":"Small Slimes","floor":7,"turns":3},{"damage":3,"enemies":"Blue Slaver","floor":8,"turns":4},{"damage":4,"enemies":"3 Sentries","floor":10,"turns":5},{"damage":21,"enemies":"Lagavulin","floor":12,"turns":6},{"damage":0,"enemies":"Gremlin Nob","floor":13,"turns":3},{"damage":23,"enemies":"Gremlin Nob","floor":14,"turns":4},{"damage":20,"enemies":"Hexaghost","floor":16,"turns":8},{"damage":6,"enemies":"Spheric Guardian","floor":18,"turns":2},{"damage":0,"enemies":"3 Byrds","floor":20,"turns":3},{"damage":6,"enemies":"Snecko","floor":21,"turns":3},{"damage":6,"enemies":"3 Cultists","floor":22,"turns":5},{"damage":12,"enemies":"Book of Stabbing","floor":23,"turns":5},{"damage":24,"enemies":"Slavers","floor":28,"turns":4},{"damage":6,"enemies":"Colosseum Slavers","floor":31,"turns":3},{"damage":15,"enemies":"Colosseum Nobs","floor":31,"turns":3},{"damage":28,"enemies":"Collector","floor":33,"turns":6},{"damage":0,"enemies":"Orb Walker","floor":35,"turns":3},{"damage":18,"enemies":"3 Darklings","floor":37,"turns":12},{"damage":14,"enemies":"Maw","floor":39,"turns":5},{"damage":18,"enemies":"Giant Head","floor":40,"turns":6},{"damage":16,"enemies":"Jaw Worm Horde","floor":41,"turns":8},{"damage":36,"enemies":"Nemesis","floor":42,"turns":5},{"damage":16,"enemies":"Giant Head","floor":44,"turns":5},{"damage":2,"enemies":"3 Darklings","floor":46,"turns":4},{"damage":14,"enemies":"Spire Growth","floor":47,"turns":3},{"damage":12,"enemies":"Maw","floor":48,"turns":3},{"damage":18,"enemies":"Awakened One","floor":50,"turns":7},{"damage":15,"enemies":"Shield and Spear","floor":54,"turns":2},{"damage":12,"enemies":"The Heart","floor":55,"turns":7}],"seed_played":"-3545949974435268204","potions_obtained":[{"floor":5,"key":"Poison Potion"},{"floor":7,"key":"Poison Potion"},{"floor":10,"key":"SpeedPotion"},{"floor":16,"key":"Dexterity Potion"},{"floor":21,"key":"Swift Potion"},{"floor":31,"key":"EssenceOfSteel"},{"floor":33,"key":"Energy Potion"},{"floor":40,"key":"Fire Potion"},{"floor":41,"key":"Dexterity Potion"}],"is_trial":false,"path_per_floor":["M","?","$","T","M","E","M","M","T","E","R","E","?","E","R","B",null,"M","?","M","M","M","E","R","?","T","R","E","?","R","?","R","B",null,"M","?","M","T","M","E","M","E","T","E","$","M","M","M","R","B",null,"R","$","E","B",null],"character_chosen":"IRONCLAD","items_purchased":["Uppercut","Discovery","Armaments","Evolve","Champion Belt","Violence+1","Finesse+1","Apotheosis+1","GamblersBrew","SkillPotion","Frozen Eye","Pantograph"],"campfire_rested":2,"item_purchase_floors":[3,3,3,3,45,45,45,45,53,53,53,53],"current_hp_per_floor":[61,61,61,61,67,68,72,75,75,77,77,62,68,58,58,44,87,87,71,77,77,77,71,71,71,71,71,53,53,79,70,70,48,87,87,87,87,87,87,87,87,87,87,87,87,87,87,87,87,87,87,87,87,87,87],"gold":48,"neow_bonus":"TWO_FIFTY_GOLD","is_prod":false,"is_daily":false,"chose_seed":false,"campfire_upgraded":5,"win_rate":0,"timestamp":1542891851,"path_taken":["M","?","$","?","M","E","?","M","T","E","R","E","?","E","R","BOSS","M","?","M","M","M","E","R","?","T","R","E","?","R","?","R","BOSS","M","?","M","?","M","E","M","E","T","E","$","?","M","M","R","BOSS","R","$","E","BOSS"],"build_version":"2018-11-15","purchased_purges":2,"victory":true,"max_hp_per_floor":[80,80,80,80,80,80,80,80,80,80,80,80,80,87,87,87,87,87,87,87,87,87,87,87,87,87,87,87,87,87,87,87,87,87,87,87,87,87,87,87,87,87,87,87,87,87,87,87,87,87,87,87,87,87,87],"card_choices":[{"not_picked":["Anger","Searing Blow"],"picked":"Ghostly Armor","floor":1},{"not_picked":["Infernal Blade","Clothesline"],"picked":"Carnage","floor":5},{"not_picked":["Havoc","Uppercut"],"picked":"Power Through","floor":6},{"not_picked":["Clothesline","Intimidate"],"picked":"Anger","floor":7},{"not_picked":["Cleave","Armaments","Hemokinesis"],"picked":"SKIP","floor":8},{"not_picked":["Spot Weakness","Limit Break"],"picked":"Shockwave","floor":10},{"not_picked":["Entrench","Warcry"],"picked":"Demon Form","floor":12},{"not_picked":["Carnage","Clothesline"],"picked":"Shrug It Off","floor":13},{"not_picked":["Combust","Body Slam","Armaments"],"picked":"SKIP","floor":14},{"not_picked":["Barricade","Demon Form"],"picked":"Offering","floor":16},{"not_picked":["Warcry","Twin Strike","Carnage"],"picked":"SKIP","floor":18},{"not_picked":["Anger+1","Hemokinesis"],"picked":"Metallicize","floor":20},{"not_picked":["Clothesline","Wild Strike","Uppercut+1"],"picked":"SKIP","floor":21},{"not_picked":["Armaments+1","Body Slam+1"],"picked":"Shrug It Off","floor":22},{"not_picked":["Corruption","Second Wind","Sever Soul"],"picked":"SKIP","floor":23},{"not_picked":["Sword Boomerang+1","Wild Strike+1"],"picked":"Offering","floor":28},{"not_picked":["Clothesline","Burning Pact"],"picked":"Infernal Blade","floor":31},{"not_picked":["Brutality","Berserk"],"picked":"Reaper","floor":33},{"not_picked":["Bloodletting+1","Flex+1"],"picked":"Battle Trance+1","floor":35},{"not_picked":["Blood for Blood+1","Ghostly Armor+1"],"picked":"Pummel+1","floor":37},{"not_picked":["Wild Strike+1","Thunderclap"],"picked":"Clothesline","floor":39},{"not_picked":["Flex+1","Warcry+1"],"picked":"Impervious+1","floor":40},{"not_picked":["Evolve+1","Ghostly Armor+1","Clash+1"],"picked":"SKIP","floor":41},{"not_picked":["Sword Boomerang","Ghostly Armor+1"],"picked":"Shrug It Off+1","floor":42},{"not_picked":["Hemokinesis+1","Clash+1"],"picked":"Headbutt+1","floor":44},{"not_picked":["Flex+1","Armaments+1"],"picked":"Pommel Strike","floor":46},{"not_picked":["Wild Strike","Heavy Blade"],"picked":"Dropkick+1","floor":47},{"not_picked":["Entrench+1","Wild Strike+1"],"picked":"Iron Wave+1","floor":48},{"not_picked":["Blood for Blood+1","Corruption"],"picked":"Second Wind+1","floor":54}],"player_experience":3507471,"relics_obtained":[{"floor":4,"key":"Vajra"},{"floor":6,"key":"Orichalcum"},{"floor":10,"key":"Letter Opener"},{"floor":12,"key":"Old Coin"},{"floor":14,"key":"Strawberry"},{"floor":19,"key":"Enchiridion"},{"floor":23,"key":"Dodecahedron"},{"floor":28,"key":"Red Skull"},{"floor":31,"key":"Incense Burner"},{"floor":31,"key":"Toxic Egg 2"},{"floor":40,"key":"Potion Belt"},{"floor":42,"key":"Nunchaku"},{"floor":43,"key":"The Courier"},{"floor":44,"key":"Gremlin Horn"},{"floor":54,"key":"Bag of Preparation"}],"event_choices":[{"cards_removed":["Defend_R"],"damage_healed":0,"gold_gain":0,"player_choice":"Purged","damage_taken":0,"max_hp_gain":0,"max_hp_loss":0,"event_name":"Purifier","floor":2,"gold_loss":0},{"damage_healed":0,"gold_gain":30,"player_choice":"Searched \u00273\u0027 times","damage_taken":0,"relics_obtained":["Bag of Marbles"],"max_hp_gain":0,"max_hp_loss":0,"event_name":"Dead Adventurer","floor":13,"gold_loss":0},{"damage_healed":0,"gold_gain":0,"player_choice":"Obtained Book","damage_taken":16,"max_hp_gain":0,"max_hp_loss":0,"event_name":"Cursed Tome","floor":19,"gold_loss":0},{"damage_healed":0,"gold_gain":0,"cards_transformed":["Strike_R","Strike_R"],"player_choice":"Became Test Subject","damage_taken":0,"max_hp_gain":0,"max_hp_loss":0,"event_name":"Drug Dealer","floor":25,"gold_loss":0,"cards_obtained":["Perfected Strike","Disarm"]},{"damage_healed":0,"gold_gain":0,"player_choice":"Obtained Relic","damage_taken":0,"relics_obtained":["Pen Nib"],"max_hp_gain":0,"max_hp_loss":0,"event_name":"Addict","floor":29,"gold_loss":85},{"damage_healed":0,"gold_gain":0,"player_choice":"Fight","damage_taken":0,"max_hp_gain":0,"max_hp_loss":0,"event_name":"Colosseum","floor":31,"gold_loss":0},{"damage_healed":0,"gold_gain":0,"player_choice":"Fought Nobs","damage_taken":0,"max_hp_gain":0,"max_hp_loss":0,"event_name":"Colosseum","floor":31,"gold_loss":0},{"damage_healed":0,"gold_gain":0,"player_choice":"Ignored","damage_taken":0,"max_hp_gain":0,"max_hp_loss":0,"event_name":"Tomb of Lord Red Mask","floor":36,"gold_loss":0}],"is_beta":true,"boss_relics":[{"not_picked":["Eternal Feather","Black Star"],"picked":"Cursed Key"},{"not_picked":["Black Blood","Velvet Choker"],"picked":"Fusion Hammer"}],"items_purged_floors":[45,53],"is_endless":false,"potions_floor_spawned":[5,7,10,16,21,31,33,40,41,42,46,54],"ascension_level":1}