{"gold_per_floor":[118,49,62,62,74,103,120,120,120,120,149,165,165,10,10,10],"floor_reached":16,"playtime":718,"items_purged":[],"score":110,"play_id":"7f7680b4-3b29-4528-a650-2964c3fb8375","local_time":"20190215170505","is_ascension_mode":false,"campfire_choices":[{"floor":8,"key":"REST"},{"data":"Fusion","floor":10,"key":"SMITH"},{"floor":13,"key":"REST"},{"data":"Amplify","floor":15,"key":"SMITH"}],"neow_cost":"NONE","seed_source_timestamp":178554042393900,"circlet_count":0,"master_deck":["Strike_B","Strike_B","Strike_B","Strike_B","Defend_B","Defend_B","Defend_B","Defend_B","Zap","Dualcast","Ball Lightning","Defragment","Loop","Sweeping Beam","Fusion+1","Amplify+1"],"relics":["Cracked Core","NeowsBlessing","Shuriken","Gremlin Horn","Regal Pillow","Juzu Bracelet"],"potions_floor_usage":[],"damage_taken":[{"damage":0,"enemies":"2 Louse","floor":1,"turns":1},{"damage":0,"enemies":"Cultist","floor":3,"turns":1},{"damage":0,"enemies":"Small Slimes","floor":5,"turns":1},{"damage":30,"enemies":"3 Sentries","floor":6,"turns":5},{"damage":6,"enemies":"Exordium Wildlife","floor":7,"turns":3},{"damage":32,"enemies":"Gremlin Nob","floor":11,"turns":4},{"damage":5,"enemies":"2 Fungi Beasts","floor":12,"turns":3},{"damage":79,"enemies":"Slime Boss","floor":16,"turns":7}],"seed_played":"6376451118106055405","potions_obtained":[{"floor":3,"key":"SteroidPotion"},{"floor":4,"key":"FairyPotion"},{"floor":4,"key":"EntropicBrew"}],"is_trial":false,"path_per_floor":["M","$","M","?","M","E","M","R","T","R","E","M","R","$","R","B"],"character_chosen":"DEFECT","items_purchased":["Defragment","Juzu Bracelet"],"campfire_rested":2,"item_purchase_floors":[2,14],"current_hp_per_floor":[75,75,75,75,75,45,39,61,61,61,29,24,61,61,61,0],"gold":10,"neow_bonus":"THREE_ENEMY_KILL","is_prod":false,"is_daily":false,"chose_seed":false,"campfire_upgraded":2,"win_rate":0.0,"timestamp":1550268305,"path_taken":["M","$","M","?","M","E","M","R","T","R","E","M","R","?","R","BOSS"],"build_version":"2019-01-23","purchased_purges":0,"victory":false,"max_hp_per_floor":[75,75,75,75,75,75,75,75,75,75,75,75,75,75,75,75],"card_choices":[{"not_picked":["Compile Driver","Barrage"],"picked":"Ball Lightning","floor":1},{"not_picked":["Streamline","Steam"],"picked":"Loop","floor":3},{"not_picked":["Aggregate","Rip and Tear"],"picked":"Sweeping Beam","floor":5},{"not_picked":["Rip and Tear","Auto Shields","Gash"],"picked":"SKIP","floor":6},{"not_picked":["Redo","Sweeping Beam"],"picked":"Fusion","floor":7},{"not_picked":["Coolheaded","Gash","Compile Driver"],"picked":"SKIP","floor":11},{"not_picked":["Compile Driver","Gash"],"picked":"Amplify","floor":12}],"player_experience":84184,"relics_obtained":[{"floor":6,"key":"Shuriken"},{"floor":9,"key":"Gremlin Horn"},{"floor":11,"key":"Regal Pillow"}],"event_choices":[{"damage_healed":0,"gold_gain":0,"player_choice":"Got Potions","damage_taken":0,"max_hp_gain":0,"max_hp_loss":0,"event_name":"Lab","floor":4,"gold_loss":0}],"is_beta":false,"boss_relics":[],"items_purged_floors":[],"is_endless":false,"potions_floor_spawned":[3,6,7,11],"killed_by":"Slime Boss","ascension_level":0}