{"gold_per_floor":[109,259,259,259,273,300,300,325,350,350,363,397,411,423,423,498,498,511,522,522,522,522,522,532,532,558,575,575,96,125,138,138,138],"floor_reached":33,"playtime":903,"items_purged":["Writhe"],"score":620,"play_id":"74cc3514-d67e-4c9c-a195-eefca7303f9e","local_time":"20190213012111","is_ascension_mode":true,"campfire_choices":[{"data":"Neutralize","floor":7.0,"key":"SMITH"},{"data":"Survivor","floor":10.0,"key":"SMITH"},{"data":"Poisoned Stab","floor":15.0,"key":"SMITH"},{"data":"Predator","floor":23,"key":"SMITH"},{"data":"Venomology","floor":25,"key":"SMITH"},{"floor":28,"key":"REST"},{"floor":32,"key":"REST"}],"neow_cost":"NONE","seed_source_timestamp":96720005742100,"circlet_count":0,"master_deck":["AscendersBane","Defend_G+1","Defend_G+1","Defend_G+1","Defend_G+1","Defend_G+1","Strike_G+1","Strike_G+1","Strike_G+1","Strike_G+1","Strike_G+1","Survivor+1","Neutralize+1","All Out Attack+1","Deadly Poison+1","Predator+1","Bane","Flying Knee","Poisoned Stab+1","Bane","Flying Knee+1","Venomology+1","Escape Plan+1","Blade Dance+1","Necronomicurse","Flying Knee+1","Caltrops+1","Cloak And Dagger"],"special_seed":0,"relics":["Ring of the Snake","NeowsBlessing","Art of War","Oddly Smooth Stone","Happy Flower","Frozen Egg 2","Busted Crown","Necronomicon","Pen Nib","Whetstone","PreservedInsect","Anchor","War Paint"],"potions_floor_usage":[19,24,27,27,30,33],"damage_taken":[{"damage":0.0,"enemies":"Small Slimes","floor":1.0,"turns":1.0},{"damage":0.0,"enemies":"2 Louse","floor":5.0,"turns":1.0},{"damage":0.0,"enemies":"3 Sentries","floor":6.0,"turns":1.0},{"damage":12.0,"enemies":"Lagavulin","floor":8.0,"turns":7.0},{"damage":3.0,"enemies":"Jaw Worm","floor":11.0,"turns":2.0},{"damage":2.0,"enemies":"Gremlin Nob","floor":12.0,"turns":3.0},{"damage":0.0,"enemies":"Looter","floor":13.0,"turns":2.0},{"damage":7.0,"enemies":"Blue Slaver","floor":14.0,"turns":2.0},{"damage":5.0,"enemies":"The Guardian","floor":16.0,"turns":11.0},{"damage":0.0,"enemies":"Chosen","floor":18.0,"turns":4.0},{"damage":0,"enemies":"3 Byrds","floor":19,"turns":3},{"damage":3,"enemies":"Cultist and Chosen","floor":24,"turns":3},{"damage":6,"enemies":"Snake Plant","floor":27,"turns":3},{"damage":7,"enemies":"Slavers","floor":30,"turns":2},{"damage":10,"enemies":"Centurion and Healer","floor":31,"turns":5},{"damage":59,"enemies":"Collector","floor":33,"turns":8}],"seed_played":"-3363291611053340311","potions_obtained":[{"floor":5.0,"key":"PowerPotion"},{"floor":6.0,"key":"Energy Potion"},{"floor":11.0,"key":"Weak Potion"},{"floor":13.0,"key":"Block Potion"},{"floor":18.0,"key":"Energy Potion"}],"is_trial":false,"path_per_floor":["M","?","?","?","M","E","R","E","T","R","M","E","M","M","R","B",null,"M","M","?","?","?","R","M","R","T","M","R","$","E","M","R","B"],"character_chosen":"THE_SILENT","items_purchased":["PreservedInsect","Anchor","Caltrops+1"],"campfire_rested":2,"item_purchase_floors":[29,29,29],"current_hp_per_floor":[59,59,39,39,39,39,39,27,27,27,24,22,22,15,15,10,52,52,52,31,31,31,31,28,28,28,22,41,41,34,24,43,0],"gold":138,"neow_bonus":"THREE_ENEMY_KILL","is_prod":false,"is_daily":false,"chose_seed":false,"campfire_upgraded":5,"win_rate":0,"timestamp":1549988471,"path_taken":["M","?","?","?","M","E","R","E","T","R","M","E","M","?","R","BOSS","M","M","?","?","?","R","M","R","T","?","R","$","E","M","R","BOSS"],"build_version":"2019-01-23","purchased_purges":1,"victory":false,"max_hp_per_floor":[66,66,66,66,66,66,66,66,66,66,66,66,66,66,66,66,66,66,66,66,66,66,66,66,66,66,66,66,66,66,66,66,66],"card_choices":[{"not_picked":["Dagger Throw","Crippling Poison"],"picked":"All Out Attack","floor":1.0},{"not_picked":["Catalyst","Prepared"],"picked":"Deadly Poison","floor":5.0},{"not_picked":["Concentrate","Deflect"],"picked":"Predator","floor":6.0},{"not_picked":["Flying Knee","Sucker Punch"],"picked":"Bane","floor":8.0},{"not_picked":["Dagger Spray","Night Terror"],"picked":"Flying Knee","floor":11.0},{"not_picked":["Sucker Punch","Infinite Blades"],"picked":"Poisoned Stab","floor":12.0},{"not_picked":["Outmaneuver","PiercingWail"],"picked":"Bane","floor":13.0},{"not_picked":["Dagger Throw","Blade Dance"],"picked":"Flying Knee","floor":14.0},{"not_picked":["Doppelganger","Unload"],"picked":"Venomology","floor":16.0},{"not_picked":[],"picked":"Escape Plan","floor":18.0},{"not_picked":[],"picked":"Blade Dance+1","floor":19},{"not_picked":[],"picked":"Flying Knee","floor":24},{"not_picked":["Prepared"],"picked":"SKIP","floor":27},{"not_picked":["Concentrate+1"],"picked":"SKIP","floor":30},{"not_picked":[],"picked":"Cloak And Dagger","floor":31}],"player_experience":1129581,"relics_obtained":[{"floor":6.0,"key":"Art of War"},{"floor":8.0,"key":"Oddly Smooth Stone"},{"floor":9.0,"key":"Happy Flower"},{"floor":12.0,"key":"Frozen Egg 2"},{"floor":20,"key":"Necronomicon"},{"floor":26,"key":"Whetstone"},{"floor":30,"key":"War Paint"}],"event_choices":[{"damage_healed":0.0,"max_hp_gain":0.0,"max_hp_loss":0.0,"gold_gain":150.0,"event_name":"Liars Game","player_choice":"AGREE","floor":2.0,"gold_loss":0.0,"damage_taken":0.0,"cards_obtained":["Doubt"]},{"damage_healed":0.0,"max_hp_gain":0.0,"max_hp_loss":0.0,"gold_gain":0.0,"event_name":"Shining Light","player_choice":"Entered Light","floor":3.0,"gold_loss":0.0,"damage_taken":20.0,"cards_upgraded":["Strike_G","All Out Attack"]},{"cards_removed":["Doubt"],"damage_healed":0.0,"max_hp_gain":0.0,"max_hp_loss":0.0,"gold_gain":0.0,"event_name":"Living Wall","player_choice":"Forget","floor":4.0,"gold_loss":0.0,"damage_taken":0.0},{"damage_healed":0,"gold_gain":0,"player_choice":"Obtained Book","damage_taken":21,"max_hp_gain":0,"max_hp_loss":0,"event_name":"Cursed Tome","floor":20,"gold_loss":0},{"damage_healed":0,"gold_gain":0,"player_choice":"Simplicity","damage_taken":0,"max_hp_gain":0,"max_hp_loss":0,"event_name":"Back to Basics","floor":21,"gold_loss":0,"cards_upgraded":["Defend_G","Defend_G","Defend_G","Defend_G","Defend_G","Strike_G","Strike_G","Strike_G","Strike_G"]},{"damage_healed":0,"gold_gain":0,"player_choice":"Opened","damage_taken":0,"relics_obtained":["Pen Nib"],"max_hp_gain":0,"max_hp_loss":0,"event_name":"The Mausoleum","floor":22,"gold_loss":0,"cards_obtained":["Writhe"]}],"is_beta":false,"boss_relics":[{"not_picked":["Black Star","Fusion Hammer"],"picked":"Busted Crown"}],"items_purged_floors":[29],"is_endless":false,"potions_floor_spawned":[5,6,11,13,18],"killed_by":"Collector","ascension_level":20}