{"gold_per_floor":[116,130,130,144,159,185,185,513,581,581,546,721,196,196,196,296,296,313,403,414,432,432,464,476,516,551,598,625,655,667,4,4,102,102,120,120,135,15,32,65,65,340,340,352,387,387,415,432,432,432,432,432,60,91,91],"floor_reached":56,"playtime":4118,"items_purged":["Strike_G"],"score":1871,"play_id":"009b5d7d-c5bf-4fd3-906e-bd4269ae9c4a","local_time":"20190204041623","is_ascension_mode":true,"campfire_choices":[{"data":"Infinite Blades","floor":7.0,"key":"SMITH"},{"data":"Accuracy","floor":10.0,"key":"SMITH"},{"data":"Footwork","floor":15.0,"key":"SMITH"},{"data":"Impatience","floor":24.0,"key":"SMITH"},{"data":"Leg Sweep","floor":30.0,"key":"SMITH"},{"data":"Footwork","floor":32.0,"key":"SMITH"},{"floor":41.0,"key":"RECALL"},{"data":"Blade Dance","floor":46.0,"key":"SMITH"},{"data":"Dodge and Roll","floor":49.0,"key":"SMITH"},{"data":"Backflip","floor":52.0,"key":"SMITH"}],"neow_cost":"NONE","seed_source_timestamp":0,"circlet_count":0,"master_deck":["Defend_G","Defend_G","Defend_G","Defend_G","Defend_G","Strike_G","Strike_G","Strike_G","Survivor","Neutralize+1","Dagger Throw","Footwork+1","Infinite Blades+1","Dodge and Roll+1","PiercingWail","Accuracy+1","Adrenaline","Doubt","Infinite Blades+1","Impatience+1","Parasite","Adrenaline","Leg Sweep+1","Cloak And Dagger+1","Prepared+1","Escape Plan+1","Blade Dance+1","Dodge and Roll+1","Footwork+1","Tools of the Trade","Pain","Parasite","Decay","Dagger Spray+1","Backflip+1","Cloak And Dagger+1","Footwork+1","Burst+1","Regret","Finisher","Backflip+1","Sucker Punch","Distraction+1"],"special_seed":0,"relics":["Ring of the Snake","Du-Vu Doll","Old Coin","Mercury Hourglass","DollysMirror","Bronze Scales","Sozu","MawBank","The Courier","Pen Nib","Lantern","Calipers","Gremlin Horn","Mummified Hand","Calling Bell","Strawberry","Toxic Egg 2","Thread and Needle","Anchor","Art of War","Ancient Tea Set","Blood Vial","Vajra","Unceasing Top","Centennial Puzzle"],"potions_floor_usage":[55],"damage_taken":[{"damage":0.0,"enemies":"2 Louse","floor":1.0,"turns":4.0},{"damage":0.0,"enemies":"Cultist","floor":2.0,"turns":4.0},{"damage":0.0,"enemies":"Small Slimes","floor":4.0,"turns":3.0},{"damage":0.0,"enemies":"3 Louse","floor":5.0,"turns":4.0},{"damage":10.0,"enemies":"3 Sentries","floor":6.0,"turns":10.0},{"damage":23.0,"enemies":"Gremlin Nob","floor":8.0,"turns":5.0},{"damage":0.0,"enemies":"The Guardian","floor":16.0,"turns":9.0},{"damage":0.0,"enemies":"Shell Parasite","floor":18.0,"turns":5.0},{"damage":1.0,"enemies":"2 Thieves","floor":20.0,"turns":3.0},{"damage":1.0,"enemies":"Snake Plant","floor":21.0,"turns":5.0},{"damage":0.0,"enemies":"Gremlin Leader","floor":23.0,"turns":7.0},{"damage":0.0,"enemies":"Book of Stabbing","floor":25.0,"turns":5.0},{"damage":0.0,"enemies":"Gremlin Leader","floor":27.0,"turns":5.0},{"damage":1.0,"enemies":"Shelled Parasite and Fungi","floor":28.0,"turns":3.0},{"damage":0.0,"enemies":"Snecko","floor":29.0,"turns":4.0},{"damage":0.0,"enemies":"Automaton","floor":33.0,"turns":7.0},{"damage":0.0,"enemies":"3 Darklings","floor":35.0,"turns":4.0},{"damage":5.0,"enemies":"Orb Walker","floor":37.0,"turns":3.0},{"damage":0.0,"enemies":"4 Shapes","floor":39.0,"turns":3.0},{"damage":0.0,"enemies":"Giant Head","floor":40.0,"turns":5.0},{"damage":14.0,"enemies":"3 Darklings","floor":44.0,"turns":4.0},{"damage":0.0,"enemies":"Nemesis","floor":45.0,"turns":5.0},{"damage":11.0,"enemies":"Giant Head","floor":47.0,"turns":6.0},{"damage":0.0,"enemies":"Transient","floor":48.0,"turns":5.0},{"damage":4.0,"enemies":"Donu and Deca","floor":50.0,"turns":6.0},{"damage":10.0,"enemies":"Shield and Spear","floor":54.0,"turns":6.0},{"damage":25,"enemies":"The Heart","floor":55,"turns":9}],"seed_played":"2514492683626451308","potions_obtained":[{"floor":1.0,"key":"PowerPotion"},{"floor":8.0,"key":"GamblersBrew"},{"floor":16.0,"key":"Ancient Potion"}],"is_trial":false,"path_per_floor":["M","M","?","M","M","E","R","E","T","R","?","?","$","?","R","B",null,"M","?","M","M","?","E","R","E","T","E","M","M","R","$","R","B",null,"M","?","M","$","M","E","R","?","T","M","E","R","E","M","R","B",null,"R","$","E","B",null],"character_chosen":"THE_SILENT","items_purchased":["DollysMirror","Bronze Scales","Impatience","Calipers","Gremlin Horn","Mummified Hand","Footwork","Anchor","Vajra","Unceasing Top","Sucker Punch"],"campfire_rested":0,"item_purchase_floors":[13,13,13,31,31,31,31,38,53,53,53],"current_hp_per_floor":[70,70,70,70,70,60,60,37,37,37,54,54,54,70,70,70,70,70,56,55,54,54,54,54,54,54,54,53,53,53,53,53,53,77,77,77,72,72,72,72,72,72,72,58,58,58,47,49,49,47,77,77,77,67,44],"gold":91,"neow_bonus":"UPGRADE_CARD","is_prod":false,"is_daily":false,"chose_seed":false,"campfire_upgraded":9,"win_rate":0,"timestamp":1549271783,"path_taken":["M","M","?","?","M","E","R","E","T","R","?","?","$","?","R","BOSS","M","?","M","?","?","E","R","E","T","E","M","?","R","?","R","BOSS","M","?","?","$","M","E","R","?","T","?","E","R","E","M","R","BOSS","R","$","E","BOSS"],"build_version":"2019-01-23","purchased_purges":1,"victory":true,"max_hp_per_floor":[70,70,70,70,70,70,70,70,70,70,70,70,70,70,70,70,70,70,70,70,70,70,70,70,70,70,70,70,70,70,70,70,70,77,77,77,77,77,77,77,77,77,77,77,77,77,77,77,77,77,77,77,77,77,77],"card_choices":[{"not_picked":["Expertise","Dodge and Roll"],"picked":"Dagger Throw","floor":1.0},{"not_picked":["Leg Sweep","Predator"],"picked":"Footwork","floor":2.0},{"not_picked":["Bane","Dagger Throw"],"picked":"Dodge and Roll","floor":4.0},{"not_picked":["Dodge and Roll","Deflect"],"picked":"PiercingWail","floor":5.0},{"not_picked":["Die Die Die","Tools of the Trade"],"picked":"Accuracy","floor":6.0},{"not_picked":["Slice","Calculated Gamble"],"picked":"Adrenaline","floor":8.0},{"not_picked":["Unload","Wraith Form v2"],"picked":"Adrenaline","floor":16.0},{"not_picked":["Sucker Punch","Skewer"],"picked":"Leg Sweep","floor":18.0},{"not_picked":["Prepared","Underhanded Strike","Bane+1"],"picked":"SKIP","floor":20.0},{"not_picked":["Quick Slash","Backflip+1"],"picked":"Cloak And Dagger+1","floor":21.0},{"not_picked":["Predator","Dodge and Roll+1"],"picked":"Prepared+1","floor":23.0},{"not_picked":["Flying Knee","Endless Agony"],"picked":"Escape Plan+1","floor":25.0},{"not_picked":["Masterful Stab","Quick Slash"],"picked":"Blade Dance","floor":27.0},{"not_picked":["Grand Finale","Bane"],"picked":"Dodge and Roll+1","floor":28.0},{"not_picked":["Caltrops+1","Calculated Gamble+1","PiercingWail"],"picked":"SKIP","floor":29.0},{"not_picked":["Bullet Time","Unload"],"picked":"Tools of the Trade","floor":33.0},{"not_picked":["Slice","Sucker Punch+1"],"picked":"Dagger Spray+1","floor":35.0},{"not_picked":["Infinite Blades","Backstab"],"picked":"Cloak And Dagger+1","floor":37.0},{"not_picked":["Slice","Finisher+1"],"picked":"Footwork+1","floor":39.0},{"not_picked":["Masterful Stab+1","Sucker Punch+1"],"picked":"Burst+1","floor":40.0},{"not_picked":["Tactician+1","Blade Dance+1","Setup+1"],"picked":"SKIP","floor":44.0},{"not_picked":["Deadly Poison+1","Sucker Punch+1"],"picked":"Finisher","floor":45.0},{"not_picked":["Underhanded Strike+1","Phantasmal Killer+1","Bane+1"],"picked":"SKIP","floor":47.0},{"not_picked":["Poisoned Stab+1","Escape Plan+1"],"picked":"Backflip+1","floor":48.0},{"not_picked":["Quick Slash+1","Accuracy+1"],"picked":"Distraction+1","floor":54.0}],"player_experience":4341901,"relics_obtained":[{"floor":6.0,"key":"Du-Vu Doll"},{"floor":8.0,"key":"Old Coin"},{"floor":9.0,"key":"Mercury Hourglass"},{"floor":23.0,"key":"MawBank"},{"floor":25.0,"key":"The Courier"},{"floor":26.0,"key":"Pen Nib"},{"floor":27.0,"key":"Lantern"},{"floor":34.0,"key":"Strawberry"},{"floor":34.0,"key":"Toxic Egg 2"},{"floor":34.0,"key":"Thread and Needle"},{"floor":40.0,"key":"Art of War"},{"floor":45.0,"key":"Ancient Tea Set"},{"floor":47.0,"key":"Blood Vial"},{"floor":54.0,"key":"Centennial Puzzle"}],"event_choices":[{"damage_healed":0.0,"max_hp_gain":0.0,"max_hp_loss":0.0,"gold_gain":0.0,"event_name":"Match and Keep!","player_choice":"1 cards matched","floor":3.0,"gold_loss":0.0,"damage_taken":0.0,"cards_obtained":["Infinite Blades"]},{"damage_healed":17.0,"max_hp_gain":0.0,"max_hp_loss":0.0,"gold_gain":0.0,"event_name":"The Cleric","player_choice":"Healed","floor":11.0,"gold_loss":35.0,"damage_taken":0.0},{"damage_healed":0.0,"max_hp_gain":0.0,"max_hp_loss":0.0,"gold_gain":175.0,"event_name":"Liars Game","player_choice":"AGREE","floor":12.0,"gold_loss":0.0,"damage_taken":0.0,"cards_obtained":["Doubt"]},{"damage_healed":17.0,"max_hp_gain":0.0,"max_hp_loss":0.0,"gold_gain":0.0,"event_name":"Mushrooms","player_choice":"Healed and dodged fight","floor":14.0,"gold_loss":0.0,"damage_taken":0.0,"cards_obtained":["Parasite"]},{"damage_healed":0.0,"max_hp_gain":0.0,"max_hp_loss":0.0,"gold_gain":90.0,"event_name":"Knowing Skull","player_choice":"GOLD ","floor":19.0,"potions_obtained":[],"gold_loss":0.0,"damage_taken":14.0,"cards_obtained":[]},{"damage_healed":0.0,"max_hp_gain":0.0,"max_hp_loss":0.0,"gold_gain":0.0,"cards_transformed":["Strike_G"],"event_name":"Transmorgrifier","player_choice":"Transformed","floor":22.0,"gold_loss":0.0,"damage_taken":0.0,"cards_obtained":["Caltrops"]},{"cards_removed":["Caltrops"],"damage_healed":0.0,"max_hp_gain":0.0,"max_hp_loss":0.0,"gold_gain":0.0,"event_name":"NoteForYourself","player_choice":"Took Card","floor":36.0,"gold_loss":0.0,"damage_taken":0.0,"cards_obtained":["Backflip"]},{"damage_healed":0.0,"max_hp_gain":0.0,"max_hp_loss":0.0,"gold_gain":275.0,"event_name":"Golden Shrine","player_choice":"Desecrate","floor":42.0,"gold_loss":0.0,"damage_taken":0.0,"cards_obtained":["Regret"]}],"is_beta":true,"boss_relics":[{"not_picked":["Busted Crown","Astrolabe"],"picked":"Sozu"},{"not_picked":["White Beast Statue","Velvet Choker"],"picked":"Calling Bell"}],"items_purged_floors":[13],"is_endless":false,"potions_floor_spawned":[1,8,16,28,29,33,39,40,47,48],"ascension_level":1}