{"gold_per_floor":[112,130,130,144,144,171,171,246,246,260,289,19,38,54,54,54],"floor_reached":16,"playtime":579,"items_purged":[],"score":224,"play_id":"965bcbce-ef5b-4949-92a8-b93d12cb93b6","local_time":"20190206103618","is_ascension_mode":true,"campfire_choices":[{"data":"Shockwave","floor":7.0,"key":"SMITH"},{"data":"Strike_R","floor":15.0,"key":"PURGE"}],"neow_cost":"NONE","seed_source_timestamp":2337667911208292,"circlet_count":0,"master_deck":["AscendersBane","Strike_R","Strike_R","Strike_R","Defend_R","Defend_R","Defend_R","Defend_R","Bash+1","Combust+1","Shockwave+1","Dropkick","Dropkick","Thunderclap","True Grit+1","Shrug It Off+1"],"special_seed":0,"relics":["Burning Blood","Peace Pipe","The Courier","Blue Candle","Membership Card","Toxic Egg 2"],"potions_floor_usage":[16,16],"damage_taken":[{"damage":2.0,"enemies":"2 Louse","floor":1.0,"turns":4.0},{"damage":4.0,"enemies":"Cultist","floor":2.0,"turns":3.0},{"damage":5.0,"enemies":"Small Slimes","floor":4.0,"turns":2.0},{"damage":37.0,"enemies":"Lagavulin","floor":6.0,"turns":8.0},{"damage":6.0,"enemies":"Looter","floor":10.0,"turns":3.0},{"damage":14.0,"enemies":"3 Sentries","floor":11.0,"turns":5.0},{"damage":2.0,"enemies":"Exordium Wildlife","floor":13.0,"turns":3.0},{"damage":14.0,"enemies":"Large Slime","floor":14.0,"turns":6.0},{"damage":26,"enemies":"Hexaghost","floor":16,"turns":9}],"seed_played":"-6908311839234011652","potions_obtained":[{"floor":2.0,"key":"Fire Potion"},{"floor":6.0,"key":"Swift Potion"},{"floor":10.0,"key":"Strength Potion"},{"floor":11.0,"key":"Block Potion"},{"floor":14.0,"key":"FearPotion"}],"is_trial":false,"path_per_floor":["M","M","?","M","?","E","R","?","T","M","E","$","M","M","R","B"],"character_chosen":"IRONCLAD","items_purchased":["Membership Card","Toxic Egg 2"],"campfire_rested":0,"item_purchase_floors":[12,12],"current_hp_per_floor":[72,74,74,75,75,44,44,33,33,33,25,25,29,21,21,0],"gold":54,"neow_bonus":"UPGRADE_CARD","is_prod":false,"is_daily":false,"chose_seed":false,"campfire_upgraded":1,"win_rate":0,"timestamp":1549467378,"path_taken":["M","M","?","?","?","E","R","?","T","M","E","$","M","M","R","BOSS"],"build_version":"2019-01-23","purchased_purges":0,"victory":false,"max_hp_per_floor":[75,75,75,75,75,75,75,75,75,75,75,75,75,75,75,75],"card_choices":[{"not_picked":["Iron Wave","Shockwave"],"picked":"Combust","floor":1.0},{"not_picked":["Shrug It Off","Hemokinesis"],"picked":"Shockwave","floor":2.0},{"not_picked":["Flex","Corruption"],"picked":"Dropkick","floor":4.0},{"not_picked":["Iron Wave","Entrench"],"picked":"Dropkick","floor":6.0},{"not_picked":["Sword Boomerang","Rampage","Carnage"],"picked":"SKIP","floor":10.0},{"not_picked":["Ghostly Armor","Bludgeon"],"picked":"Thunderclap","floor":11.0},{"not_picked":["Body Slam","Heavy Blade"],"picked":"True Grit+1","floor":13.0},{"not_picked":["Rupture","Seeing Red+1"],"picked":"Shrug It Off+1","floor":14.0}],"player_experience":878676,"relics_obtained":[{"floor":6.0,"key":"Peace Pipe"},{"floor":9.0,"key":"The Courier"},{"floor":11.0,"key":"Blue Candle"}],"event_choices":[{"cards_removed":["Strike_R"],"damage_healed":0.0,"max_hp_gain":0.0,"max_hp_loss":0.0,"gold_gain":0.0,"event_name":"Wheel of Change","player_choice":"Card Removal","floor":3.0,"gold_loss":0.0,"damage_taken":0.0},{"damage_healed":0.0,"max_hp_gain":0.0,"max_hp_loss":0.0,"gold_gain":0.0,"event_name":"Living Wall","player_choice":"Grow","floor":5.0,"gold_loss":0.0,"damage_taken":0.0,"cards_upgraded":["Combust"]},{"damage_healed":0.0,"max_hp_gain":0.0,"max_hp_loss":0.0,"gold_gain":75.0,"event_name":"World of Goop","player_choice":"Gather Gold","floor":8.0,"gold_loss":0.0,"damage_taken":11.0}],"is_beta":false,"boss_relics":[],"items_purged_floors":[],"is_endless":false,"potions_floor_spawned":[2,6,10,11,14],"killed_by":"Hexaghost","ascension_level":20}