{"gold_per_floor":[111,124,137,212,212,212,246,246,297,39,214,242,254,288,288,288],"floor_reached":16,"playtime":795,"items_purged":[],"score":124,"play_id":"c28b00bd-1cd2-45ca-b88b-b0bf28b405f8","local_time":"20190222124444","is_ascension_mode":true,"campfire_choices":[{"data":"True Grit","floor":6,"key":"SMITH"},{"data":"Bash","floor":8,"key":"SMITH"},{"data":"Feed","floor":15,"key":"SMITH"}],"neow_cost":"NONE","seed_source_timestamp":311766648927425,"circlet_count":0,"master_deck":["Strike_R","Strike_R","Strike_R","Strike_R","Defend_R","Defend_R","Defend_R","Defend_R","Bash+1","Flame Barrier","Disarm","True Grit+1","Fiend Fire","Doubt","True Grit","Flame Barrier","Feed+1"],"relics":["Burning Blood","Pen Nib","Anchor","Frozen Egg 2","Potion Belt","Bag of Marbles"],"potions_floor_usage":[14],"damage_taken":[{"damage":0,"enemies":"2 Louse","floor":1,"turns":2},{"damage":3,"enemies":"Small Slimes","floor":2,"turns":4},{"damage":1,"enemies":"Jaw Worm","floor":3,"turns":5},{"damage":45,"enemies":"Gremlin Nob","floor":7,"turns":7},{"damage":23,"enemies":"3 Sentries","floor":12,"turns":13},{"damage":0,"enemies":"Blue Slaver","floor":13,"turns":5},{"damage":7,"enemies":"Gremlin Nob","floor":14,"turns":3},{"damage":18,"enemies":"Slime Boss","floor":16,"turns":5}],"seed_played":"-3054004462749801691","potions_obtained":[{"floor":3,"key":"SpeedPotion"},{"floor":7,"key":"FearPotion"},{"floor":14,"key":"Swift Potion"}],"is_trial":false,"path_per_floor":["M","M","M","?","?","R","E","R","T","$","?","E","M","E","R","B"],"character_chosen":"IRONCLAD","items_purchased":["Frozen Egg 2"],"campfire_rested":0,"item_purchase_floors":[10],"current_hp_per_floor":[88,88,88,77,77,77,38,38,38,38,38,21,27,26,26,8],"gold":288,"neow_bonus":"TEN_PERCENT_HP_BONUS","is_prod":false,"is_daily":false,"chose_seed":false,"campfire_upgraded":3,"win_rate":0,"timestamp":1550868284,"path_taken":["M","M","M","?","?","R","E","R","T","$","?","E","M","E","R","BOSS"],"build_version":"2019-01-23","purchased_purges":0,"victory":false,"max_hp_per_floor":[88,88,88,88,88,88,88,88,88,88,88,88,88,88,88,88],"card_choices":[{"not_picked":["Perfected Strike","Iron Wave"],"picked":"Flame Barrier","floor":1},{"not_picked":["Clothesline","Wild Strike"],"picked":"Disarm","floor":2},{"not_picked":["Headbutt","Iron Wave"],"picked":"True Grit","floor":3},{"not_picked":["Power Through","Entrench"],"picked":"Fiend Fire","floor":7},{"not_picked":["Clash","Pummel"],"picked":"True Grit","floor":12},{"not_picked":["Perfected Strike","Fire Breathing+1"],"picked":"Flame Barrier","floor":13},{"not_picked":["Clothesline","Wild Strike"],"picked":"Feed","floor":14}],"player_experience":297411,"relics_obtained":[{"floor":7,"key":"Pen Nib"},{"floor":9,"key":"Anchor"},{"floor":12,"key":"Potion Belt"},{"floor":14,"key":"Bag of Marbles"}],"event_choices":[{"damage_healed":0,"gold_gain":75,"player_choice":"Gather Gold","damage_taken":11,"max_hp_gain":0,"max_hp_loss":0,"event_name":"World of Goop","floor":4,"gold_loss":0},{"cards_removed":["Strike_R"],"damage_healed":0,"gold_gain":0,"player_choice":"Forget","damage_taken":0,"max_hp_gain":0,"max_hp_loss":0,"event_name":"Living Wall","floor":5,"gold_loss":0},{"damage_healed":0,"gold_gain":175,"player_choice":"AGREE","damage_taken":0,"max_hp_gain":0,"max_hp_loss":0,"event_name":"Liars Game","floor":11,"gold_loss":0,"cards_obtained":["Doubt"]}],"is_beta":false,"boss_relics":[],"items_purged_floors":[],"is_endless":false,"potions_floor_spawned":[3,7,14],"killed_by":"Slime Boss","ascension_level":1}