{"gold_per_floor":[109,39,56,75,75,104,104,120,145,145,170,345,345,295,295,295],"floor_reached":16,"playtime":654,"items_purged":[],"score":135,"play_id":"f82249be-65bf-4a61-84c1-b87140c234ac","local_time":"20190215020742","is_ascension_mode":true,"campfire_choices":[{"data":"Sunder","floor":7,"key":"SMITH"},{"data":"Zap","floor":10,"key":"SMITH"},{"data":"Hologram","floor":15,"key":"SMITH"}],"neow_cost":"NONE","seed_source_timestamp":1407503500806500,"circlet_count":0,"master_deck":["Strike_B","Strike_B","Strike_B","Strike_B","Defend_B","Defend_B","Defend_B","Defend_B","Zap+1","Dualcast","Conserve Battery","Cold Snap","Redo","Sunder+1","Consume","Skim","Redo","Ball Lightning","Hologram+1"],"relics":["Cracked Core","NeowsBlessing","Potion Belt","Omamori"],"potions_floor_usage":[16],"damage_taken":[{"damage":0,"enemies":"Cultist","floor":1,"turns":1},{"damage":0,"enemies":"Jaw Worm","floor":3,"turns":1},{"damage":0,"enemies":"Small Slimes","floor":4,"turns":1},{"damage":33,"enemies":"Lagavulin","floor":6,"turns":9},{"damage":1,"enemies":"Blue Slaver","floor":8,"turns":3},{"damage":32,"enemies":"Gremlin Nob","floor":11,"turns":4},{"damage":30,"enemies":"Hexaghost","floor":16,"turns":7}],"seed_played":"-8641225293681205456","potions_obtained":[{"floor":3,"key":"SteroidPotion"},{"floor":4,"key":"SneckoOil"},{"floor":6,"key":"Strength Potion"}],"is_trial":false,"path_per_floor":["M","$","M","M","$","E","R","M","T","R","E","?","?","$","R","B"],"character_chosen":"DEFECT","items_purchased":["Cold Snap","Redo","Hologram"],"campfire_rested":0,"item_purchase_floors":[2,2,14],"current_hp_per_floor":[75,75,75,75,75,42,42,41,41,41,9,9,27,27,27,0],"gold":295,"neow_bonus":"THREE_ENEMY_KILL","is_prod":false,"is_daily":false,"chose_seed":false,"campfire_upgraded":3,"win_rate":0,"timestamp":1550192862,"path_taken":["M","$","?","M","?","E","R","M","T","R","E","?","?","$","R","BOSS"],"build_version":"2019-01-23","purchased_purges":0,"victory":false,"max_hp_per_floor":[75,75,75,75,75,75,75,75,75,75,75,75,75,75,75,75],"card_choices":[{"not_picked":["Gash","Barrage"],"picked":"Conserve Battery","floor":1},{"not_picked":["Beam Cell","Leap"],"picked":"Sunder","floor":3},{"not_picked":["Tempest","Fusion"],"picked":"Consume","floor":4},{"not_picked":["FTL","Stack"],"picked":"Skim","floor":6},{"not_picked":["Rebound","Consume"],"picked":"Redo","floor":8},{"not_picked":["Hologram","Compile Driver"],"picked":"Ball Lightning","floor":11}],"player_experience":173478,"relics_obtained":[{"floor":6,"key":"Potion Belt"},{"floor":11,"key":"Omamori"}],"event_choices":[{"damage_healed":0,"gold_gain":175,"player_choice":"AGREE","damage_taken":0,"max_hp_gain":0,"max_hp_loss":0,"event_name":"Liars Game","floor":12,"gold_loss":0,"cards_obtained":["Doubt"]},{"damage_healed":18,"gold_gain":0,"player_choice":"Healed and dodged fight","damage_taken":0,"max_hp_gain":0,"max_hp_loss":0,"event_name":"Mushrooms","floor":13,"gold_loss":0,"cards_obtained":["Parasite"]}],"is_beta":false,"boss_relics":[],"items_purged_floors":[],"is_endless":false,"potions_floor_spawned":[3,4,6],"killed_by":"Hexaghost","ascension_level":5}