{"gold_per_floor":[117,131,131,131,81,81,30,51,51,67,30,30,61,61],"floor_reached":14,"playtime":360,"items_purged":[],"score":123,"play_id":"89e15a66-f56a-4bd3-b825-4ca36568c80e","local_time":"20190220131838","is_ascension_mode":true,"campfire_choices":[{"data":"Bash","floor":6,"key":"SMITH"},{"data":"True Grit","floor":12,"key":"SMITH"}],"neow_cost":"NONE","seed_source_timestamp":409979844616857,"circlet_count":0,"master_deck":["Strike_R","Strike_R","Strike_R","Strike_R+1","Defend_R","Defend_R","Defend_R","Defend_R+1","Bash+1","Disarm","Feed","Wild Strike","Headbutt","True Grit+1","Blood for Blood","Flex"],"relics":["Burning Blood","NeowsBlessing","Golden Idol","Pantograph","Molten Egg 2"],"potions_floor_usage":[13],"damage_taken":[{"damage":0,"enemies":"Jaw Worm","floor":1,"turns":1},{"damage":0,"enemies":"2 Louse","floor":2,"turns":1},{"damage":0,"enemies":"Cultist","floor":8,"turns":1},{"damage":35,"enemies":"Exordium Wildlife","floor":10,"turns":6},{"damage":32,"enemies":"Gremlin Nob","floor":13,"turns":4},{"damage":21,"enemies":"2 Fungi Beasts","floor":14,"turns":2}],"seed_played":"6181403871327290942","potions_obtained":[{"floor":10,"key":"SteroidPotion"},{"floor":13,"key":"PowerPotion"}],"is_trial":false,"path_per_floor":["M","M","?","?","?","R","$","M","T","M","$","R","E","M"],"character_chosen":"IRONCLAD","items_purchased":["Wild Strike","Blood for Blood"],"campfire_rested":0,"item_purchase_floors":[7,11],"current_hp_per_floor":[78,80,74,59,59,59,59,68,68,39,39,39,13,0],"gold":61,"neow_bonus":"THREE_ENEMY_KILL","is_prod":false,"is_daily":false,"chose_seed":false,"campfire_upgraded":2,"win_rate":0,"timestamp":1550647118,"path_taken":["M","M","?","?","?","R","?","?","T","M","?","R","E","M"],"build_version":"2019-01-23","purchased_purges":0,"victory":false,"max_hp_per_floor":[80,80,74,74,74,74,74,77,77,77,77,77,77,77],"card_choices":[{"not_picked":["Armaments","Sword Boomerang"],"picked":"Disarm","floor":1},{"not_picked":["Flame Barrier","Heavy Blade"],"picked":"Feed","floor":2},{"not_picked":["Pommel Strike","Shrug It Off"],"picked":"Headbutt","floor":8},{"not_picked":["Carnage","Shrug It Off"],"picked":"True Grit","floor":10},{"not_picked":["Combust","True Grit"],"picked":"Flex","floor":13}],"player_experience":835573,"relics_obtained":[{"floor":9,"key":"Pantograph"},{"floor":13,"key":"Molten Egg 2"}],"event_choices":[{"damage_healed":0,"gold_gain":0,"player_choice":"Lose Max HP","damage_taken":0,"relics_obtained":["Golden Idol"],"max_hp_gain":0,"max_hp_loss":6,"event_name":"Golden Idol","floor":3,"gold_loss":0},{"damage_healed":0,"gold_gain":0,"player_choice":"Entered Light","damage_taken":15,"max_hp_gain":0,"max_hp_loss":0,"event_name":"Shining Light","floor":4,"gold_loss":0,"cards_upgraded":["Strike_R","Defend_R"]},{"cards_removed":["Strike_R"],"damage_healed":0,"gold_gain":0,"player_choice":"Card Removal","damage_taken":0,"max_hp_gain":0,"max_hp_loss":0,"event_name":"The Cleric","floor":5,"gold_loss":50}],"is_beta":false,"boss_relics":[],"items_purged_floors":[],"is_endless":false,"potions_floor_spawned":[10,13],"killed_by":"2 Fungi Beasts","ascension_level":8}