{"gold_per_floor":[16,16,29,48,65,97,97,122,194,214,214,231,231,243,243,341,341,360,360,376,376,394,394,422,440,464,482,482,493,493,507,507,604,604,619,225,225,241,259,288,288,319,344,344,359,384,401,454,454,454,454,454,7,40,40],"floor_reached":56,"playtime":5159,"items_purged":["Strike_G","Poisoned Stab"],"score":1350,"play_id":"30f26582-aa8e-4917-997c-dd0d3f164ba4","local_time":"20190108214456","is_ascension_mode":true,"campfire_choices":[{"floor":7,"key":"REST"},{"data":"Catalyst","floor":11,"key":"SMITH"},{"data":"Bouncing Flask","floor":13,"key":"SMITH"},{"data":"Well Laid Plans","floor":15,"key":"SMITH"},{"data":"Crippling Poison","floor":23,"key":"SMITH"},{"data":"Setup","floor":30,"key":"SMITH"},{"data":"Deflect","floor":32,"key":"SMITH"},{"floor":41,"key":"RECALL"},{"floor":44,"key":"REST"},{"floor":49,"key":"REST"},{"floor":52,"key":"REST"}],"neow_cost":"NO_GOLD","seed_source_timestamp":2020283507494408,"circlet_count":0,"master_deck":["Defend_G+1","Defend_G","Defend_G","Defend_G+1","Defend_G","Survivor","Neutralize","Crippling Poison+1","Bouncing Flask+1","Well Laid Plans+1","Leg Sweep","Catalyst+1","Dagger Spray+1","Dagger Spray+1","Glass Knife+1","Catalyst+1","Bouncing Flask+1","Crippling Poison+1","Backflip","Flying Knee+1","Deflect+1","Leg Sweep","Setup+1","Noxious Fumes+1","Corpse Explosion","Calculated Gamble","Backflip+1","Tools of the Trade","PiercingWail+1","Blur","Caltrops","Tools of the Trade"],"relics":["Ring of the Snake","Tingsha","Molten Egg 2","Mango","Mercury Hourglass","Astrolabe","Omamori","Dodecahedron","War Paint","Fusion Hammer","PreservedInsect","Darkstone Periapt","Gambling Chip","Mummified Hand","Calipers","Toolbox","Bronze Scales"],"potions_floor_usage":[5,19,24,39,55,55,55,55,55,55],"damage_taken":[{"damage":9,"enemies":"Jaw Worm","floor":1,"turns":5},{"damage":0,"enemies":"Small Slimes","floor":3,"turns":3},{"damage":0,"enemies":"2 Louse","floor":4,"turns":2},{"damage":3,"enemies":"Exordium Thugs","floor":5,"turns":4},{"damage":29,"enemies":"Gremlin Nob","floor":6,"turns":4},{"damage":10,"enemies":"Lagavulin","floor":8,"turns":7},{"damage":8,"enemies":"Lots of Slimes","floor":10,"turns":2},{"damage":3,"enemies":"2 Fungi Beasts","floor":12,"turns":3},{"damage":1,"enemies":"Blue Slaver","floor":14,"turns":3},{"damage":11,"enemies":"Hexaghost","floor":16,"turns":6},{"damage":0,"enemies":"3 Byrds","floor":18,"turns":2},{"damage":12,"enemies":"Colosseum Slavers","floor":19,"turns":4},{"damage":3,"enemies":"Shell Parasite","floor":20,"turns":5},{"damage":0,"enemies":"Snake Plant","floor":22,"turns":2},{"damage":6,"enemies":"Book of Stabbing","floor":24,"turns":4},{"damage":0,"enemies":"Snecko","floor":25,"turns":3},{"damage":10,"enemies":"Shelled Parasite and Fungi","floor":27,"turns":4},{"damage":0,"enemies":"Cultist and Chosen","floor":29,"turns":3},{"damage":0,"enemies":"Sentry and Sphere","floor":31,"turns":3},{"damage":9,"enemies":"Collector","floor":33,"turns":5},{"damage":0,"enemies":"3 Shapes","floor":35,"turns":3},{"damage":0,"enemies":"3 Darklings","floor":38,"turns":3},{"damage":5,"enemies":"Spire Growth","floor":39,"turns":3},{"damage":0,"enemies":"Giant Head","floor":40,"turns":5},{"damage":0,"enemies":"Nemesis","floor":42,"turns":5},{"damage":0,"enemies":"Jaw Worm Horde","floor":45,"turns":2},{"damage":1,"enemies":"Reptomancer","floor":46,"turns":4},{"damage":0,"enemies":"4 Shapes","floor":47,"turns":4},{"damage":38,"enemies":"2 Orb Walkers","floor":48,"turns":3},{"damage":16,"enemies":"Time Eater","floor":50,"turns":5},{"damage":0,"enemies":"Shield and Spear","floor":54,"turns":4},{"damage":30,"enemies":"The Heart","floor":55,"turns":8}],"seed_played":"4428781112627099048","potions_obtained":[{"floor":4,"key":"Poison Potion"},{"floor":8,"key":"Regen Potion"},{"floor":10,"key":"GhostInAJar"},{"floor":18,"key":"PowerPotion"},{"floor":24,"key":"SpeedPotion"},{"floor":25,"key":"Dexterity Potion"},{"floor":27,"key":"Strength Potion"},{"floor":31,"key":"Energy Potion"},{"floor":35,"key":"SkillPotion"},{"floor":42,"key":"PowerPotion"}],"is_trial":false,"path_per_floor":["M","?","M","M","M","E","R","E","T","M","R","M","R","M","R","B",null,"M","?","M","?","M","R","E","M","T","M","?","M","R","M","R","B",null,"M","$","?","M","M","E","R","E","T","R","M","E","M","?","R","B",null,"R","$","E","B",null],"character_chosen":"THE_SILENT","items_purchased":["PreservedInsect","EntropicBrew","Calculated Gamble","Caltrops","GhostInAJar","Toolbox"],"campfire_rested":4,"item_purchase_floors":[36,36,36,53,53,53],"current_hp_per_floor":[61,54,54,54,51,22,43,47,47,39,39,36,36,35,35,24,84,84,72,69,69,69,69,77,77,77,67,67,67,67,67,67,58,84,84,84,84,84,79,79,79,79,79,84,84,83,83,45,70,54,84,84,84,84,68],"gold":40,"neow_bonus":"ONE_RARE_RELIC","is_prod":false,"is_daily":false,"chose_seed":false,"campfire_upgraded":6,"win_rate":0,"timestamp":1547001896,"path_taken":["M","?","M","M","M","E","R","E","T","M","R","M","R","M","R","BOSS","M","?","M","?","?","R","E","?","T","M","?","M","R","M","R","BOSS","M","$","?","M","M","E","R","E","T","R","M","E","M","?","R","BOSS","R","$","E","BOSS"],"build_version":"2019-01-07","purchased_purges":2,"victory":true,"max_hp_per_floor":[70,70,70,70,70,70,70,84,84,84,84,84,84,84,84,84,84,84,84,84,84,84,84,84,84,84,84,84,84,84,84,84,84,84,84,84,84,84,84,84,84,84,84,84,84,84,84,84,84,84,84,84,84,84,84],"card_choices":[{"not_picked":["Quick Slash","Blur"],"picked":"Crippling Poison","floor":1},{"not_picked":["Backflip","Acrobatics"],"picked":"Poisoned Stab","floor":3},{"not_picked":["Calculated Gamble","Deadly Poison"],"picked":"Bouncing Flask","floor":4},{"not_picked":["Outmaneuver","Flying Knee"],"picked":"Well Laid Plans","floor":5},{"not_picked":["Concentrate","Finisher","Quick Slash"],"picked":"SKIP","floor":6},{"not_picked":["Blur","Backflip"],"picked":"Leg Sweep","floor":8},{"not_picked":["PiercingWail","Deflect"],"picked":"Catalyst","floor":10},{"not_picked":["Unload+1","Underhanded Strike+1"],"picked":"Dagger Spray+1","floor":12},{"not_picked":["Blade Dance","Setup"],"picked":"Dagger Spray+1","floor":14},{"not_picked":["A Thousand Cuts","Venomology"],"picked":"Glass Knife+1","floor":16},{"not_picked":["Accuracy","Sucker Punch+1"],"picked":"Backflip","floor":18},{"not_picked":["Poisoned Stab+1","Dagger Throw+1"],"picked":"Flying Knee+1","floor":20},{"not_picked":["Expertise+1","Blur"],"picked":"Deflect","floor":22},{"not_picked":["Poisoned Stab+1","Blade Dance+1","Grand Finale+1"],"picked":"SKIP","floor":24},{"not_picked":["Well Laid Plans","Bane+1"],"picked":"Leg Sweep","floor":25},{"not_picked":["Infinite Blades","Sucker Punch+1"],"picked":"Setup","floor":27},{"not_picked":["Dagger Spray+1","Acrobatics+1"],"picked":"Noxious Fumes+1","floor":29},{"not_picked":["All Out Attack+1","Reflex"],"picked":"PiercingWail","floor":31},{"not_picked":["Tools of the Trade","Die Die Die+1"],"picked":"Corpse Explosion","floor":33},{"not_picked":["Flechettes+1","Setup","Dagger Throw+1"],"picked":"SKIP","floor":35},{"not_picked":["Blade Dance+1","Acrobatics"],"picked":"Backflip+1","floor":38},{"not_picked":["Dagger Spray+1","Underhanded Strike+1","Distraction"],"picked":"SKIP","floor":39},{"not_picked":["Deadly Poison+1","Terror"],"picked":"Tools of the Trade","floor":40},{"not_picked":["Blade Dance","Dagger Throw+1"],"picked":"PiercingWail+1","floor":42},{"not_picked":["Sucker Punch+1","Bane+1","Underhanded Strike+1"],"picked":"SKIP","floor":45},{"not_picked":["Concentrate","Underhanded Strike+1","Outmaneuver"],"picked":"SKIP","floor":46},{"not_picked":["Well Laid Plans","Glass Knife+1"],"picked":"Blur","floor":47},{"not_picked":["Prepared+1","Riddle With Holes+1"],"picked":"Tools of the Trade","floor":54}],"player_experience":4016760,"relics_obtained":[{"floor":6,"key":"Molten Egg 2"},{"floor":8,"key":"Mango"},{"floor":9,"key":"Mercury Hourglass"},{"floor":24,"key":"Dodecahedron"},{"floor":26,"key":"War Paint"},{"floor":40,"key":"Darkstone Periapt"},{"floor":42,"key":"Gambling Chip"},{"floor":46,"key":"Mummified Hand"},{"floor":48,"key":"Calipers"},{"floor":54,"key":"Bronze Scales"}],"event_choices":[{"cards_removed":["Strike_G"],"damage_healed":0,"gold_gain":0,"player_choice":"Card Removal","damage_taken":7,"max_hp_gain":0,"max_hp_loss":0,"event_name":"Golden Wing","floor":2,"gold_loss":0},{"damage_healed":0,"gold_gain":0,"player_choice":"Fight","damage_taken":0,"max_hp_gain":0,"max_hp_loss":0,"event_name":"Colosseum","floor":19,"gold_loss":0},{"damage_healed":0,"gold_gain":0,"player_choice":"Fled From Nobs","damage_taken":0,"max_hp_gain":0,"max_hp_loss":0,"event_name":"Colosseum","floor":19,"gold_loss":0},{"damage_healed":0,"gold_gain":0,"player_choice":"Gave Potion","damage_taken":0,"relics_obtained":["Omamori"],"max_hp_gain":0,"max_hp_loss":0,"event_name":"WeMeetAgain","floor":21,"gold_loss":0},{"damage_healed":0,"gold_gain":0,"player_choice":"Smashed Altar","damage_taken":0,"max_hp_gain":0,"max_hp_loss":0,"event_name":"Forgotten Altar","floor":28,"gold_loss":0,"cards_obtained":["Decay"]},{"cards_removed":["PiercingWail"],"damage_healed":0,"gold_gain":0,"player_choice":"Removed Skill","damage_taken":0,"max_hp_gain":0,"max_hp_loss":0,"event_name":"Falling","floor":37,"gold_loss":0},{"damage_healed":0,"gold_gain":0,"player_choice":"Fight","damage_taken":0,"max_hp_gain":0,"max_hp_loss":0,"event_name":"Mysterious Sphere","floor":48,"gold_loss":0}],"is_beta":true,"boss_relics":[{"not_picked":["Lizard Tail","White Beast Statue"],"picked":"Astrolabe"},{"not_picked":["Tiny House","Ring of the Serpent"],"picked":"Fusion Hammer"}],"items_purged_floors":[36,53],"is_endless":false,"potions_floor_spawned":[4,8,10,18,24,25,27,31,35,42,45,47],"ascension_level":1}