{"gold_per_floor":[118,138,153,153,153,153,186,261,261,20,20,20,32,48,48,127,127,140,156,81,31,46,46,60,94,94,94,94,94,110,130,130,130],"floor_reached":33,"playtime":1271,"items_purged":["Strike_B"],"score":521,"play_id":"763ae134-e162-4c4c-9e7b-e7d8d075e2e9","local_time":"20190116155810","is_ascension_mode":true,"campfire_choices":[{"data":"Sweeping Beam","floor":6.0,"key":"SMITH"},{"floor":11.0,"key":"REST"},{"data":"Tempest","floor":15.0,"key":"SMITH"},{"data":"Zap","floor":23.0,"key":"SMITH"},{"floor":29,"key":"REST"},{"floor":32,"key":"REST"}],"neow_cost":"NONE","seed_source_timestamp":0,"circlet_count":0,"master_deck":["AscendersBane","Strike_B","Strike_B","Defend_B","Defend_B","Defend_B","Zap+1","Dualcast","Sweeping Beam+1","Steam+1","Tempest+1","Hologram","Rip and Tear","Echo Form+1","Redo","Capacitor+1","Melter"],"special_seed":0,"relics":["Cracked Core","Bronze Scales","Frozen Egg 2","Symbiotic Virus","Vajra","Busted Crown","Ancient Tea Set","Potion Belt"],"potions_floor_usage":[24,25,30],"damage_taken":[{"damage":1.0,"enemies":"Cultist","floor":1.0,"turns":3.0},{"damage":10.0,"enemies":"Small Slimes","floor":2.0,"turns":2.0},{"damage":2.0,"enemies":"2 Louse","floor":3.0,"turns":3.0},{"damage":43.0,"enemies":"Gremlin Nob","floor":7.0,"turns":6.0},{"damage":7.0,"enemies":"2 Fungi Beasts","floor":13.0,"turns":3.0},{"damage":0.0,"enemies":"Large Slime","floor":14.0,"turns":3.0},{"damage":8.0,"enemies":"The Guardian","floor":16.0,"turns":9.0},{"damage":3.0,"enemies":"Spheric Guardian","floor":18.0,"turns":3.0},{"damage":0.0,"enemies":"Chosen","floor":19.0,"turns":3.0},{"damage":14.0,"enemies":"Snake Plant","floor":22.0,"turns":3.0},{"damage":11,"enemies":"Sentry and Sphere","floor":24,"turns":3},{"damage":29,"enemies":"Slavers","floor":25,"turns":3},{"damage":13,"enemies":"Cultist and Chosen","floor":30,"turns":4},{"damage":15,"enemies":"Snake Plant","floor":31,"turns":2},{"damage":50,"enemies":"Collector","floor":33,"turns":3}],"seed_played":"-28636854826050082","potions_obtained":[{"floor":1.0,"key":"Ancient Potion"},{"floor":3.0,"key":"Ancient Potion"},{"floor":7.0,"key":"PowerPotion"},{"floor":19.0,"key":"Ancient Potion"},{"floor":22.0,"key":"Explosive Potion"},{"floor":25,"key":"Swift Potion"}],"is_trial":false,"path_per_floor":["M","M","M","?","?","R","E","?","T","$","R","?","M","M","R","B",null,"M","M","?","?","M","R","M","E","T","?","?","R","M","M","R","B"],"character_chosen":"DEFECT","items_purchased":["Vajra"],"campfire_rested":3,"item_purchase_floors":[10],"current_hp_per_floor":[63,53,51,56,56,56,13,2,2,2,24,24,17,17,17,9,59,56,56,56,56,42,42,31,2,2,2,17,39,26,11,33,0],"gold":130,"neow_bonus":"RANDOM_COMMON_RELIC","is_prod":false,"is_daily":false,"chose_seed":false,"campfire_upgraded":3,"win_rate":0,"timestamp":1547621890,"path_taken":["M","?","M","?","?","R","E","?","T","$","R","?","?","M","R","BOSS","M","M","?","?","?","R","M","E","T","?","?","R","M","M","R","BOSS"],"build_version":"2019-01-10","purchased_purges":1,"victory":false,"max_hp_per_floor":[71,71,71,76,76,76,76,76,76,76,76,76,76,76,76,76,76,76,76,76,76,76,76,76,76,76,76,76,76,76,76,76,76],"card_choices":[{"not_picked":["Heatsinks","Go for the Eyes","Skim"],"picked":"SKIP","floor":1.0},{"not_picked":["Force Field","Steam Power"],"picked":"Sweeping Beam","floor":2.0},{"not_picked":["Hologram","Chaos"],"picked":"Steam","floor":3.0},{"not_picked":["Compile Driver","Gash","Coolheaded"],"picked":"SKIP","floor":7.0},{"not_picked":["Compile Driver","Redo"],"picked":"Hologram","floor":13.0},{"not_picked":["Turbo","Darkness"],"picked":"Rip and Tear","floor":14.0},{"not_picked":["Reboot","Buffer+1"],"picked":"Echo Form+1","floor":16.0},{"not_picked":["Tempest"],"picked":"SKIP","floor":18.0},{"not_picked":[],"picked":"Redo","floor":19.0},{"not_picked":["Cold Snap"],"picked":"SKIP","floor":22.0},{"not_picked":[],"picked":"Capacitor+1","floor":24},{"not_picked":[],"picked":"Melter","floor":25},{"not_picked":["Beam Cell"],"picked":"SKIP","floor":30},{"not_picked":["Capacitor+1"],"picked":"SKIP","floor":31}],"player_experience":1043252,"relics_obtained":[{"floor":7.0,"key":"Frozen Egg 2"},{"floor":9.0,"key":"Symbiotic Virus"},{"floor":25,"key":"Ancient Tea Set"},{"floor":26,"key":"Potion Belt"}],"event_choices":[{"damage_healed":0.0,"max_hp_gain":5.0,"max_hp_loss":0.0,"gold_gain":0.0,"event_name":"Big Fish","player_choice":"Donut","floor":4.0,"gold_loss":0.0,"damage_taken":0.0},{"damage_healed":0.0,"max_hp_gain":0.0,"max_hp_loss":0.0,"gold_gain":0.0,"event_name":"Living Wall","player_choice":"Grow","floor":5.0,"gold_loss":0.0,"damage_taken":0.0,"cards_upgraded":["Steam"]},{"damage_healed":0.0,"max_hp_gain":0.0,"max_hp_loss":0.0,"gold_gain":75.0,"event_name":"World of Goop","player_choice":"Gather Gold","floor":8.0,"gold_loss":0.0,"damage_taken":11.0},{"damage_healed":0.0,"max_hp_gain":0.0,"max_hp_loss":0.0,"gold_gain":0.0,"cards_transformed":["Defend_B"],"event_name":"Transmorgrifier","player_choice":"Transformed","floor":12.0,"gold_loss":0.0,"damage_taken":0.0,"cards_obtained":["Tempest"]},{"cards_removed":["Strike_B"],"damage_healed":0.0,"max_hp_gain":0.0,"max_hp_loss":0.0,"gold_gain":0.0,"event_name":"Beggar","player_choice":"Gave Gold","floor":20.0,"gold_loss":75.0,"damage_taken":0.0},{"damage_healed":0.0,"max_hp_gain":0.0,"max_hp_loss":0.0,"gold_gain":0.0,"event_name":"The Joust","player_choice":"Bet on Murderer","floor":21.0,"gold_loss":50.0,"damage_taken":0.0},{"damage_healed":0,"gold_gain":0,"player_choice":"Ignored","damage_taken":0,"max_hp_gain":0,"max_hp_loss":0,"event_name":"Vampires","floor":27,"gold_loss":0},{"damage_healed":15,"gold_gain":0,"player_choice":"Heal","damage_taken":0,"max_hp_gain":0,"max_hp_loss":0,"event_name":"The Library","floor":28,"gold_loss":0}],"is_beta":false,"boss_relics":[{"not_picked":["Lizard Tail","White Beast Statue"],"picked":"Busted Crown"}],"items_purged_floors":[10],"is_endless":false,"potions_floor_spawned":[1,3,7,19,22,25],"killed_by":"Collector","ascension_level":19}