{"gold_per_floor":[118,133,133,133,144,144,173,173,173,173,204,204],"floor_reached":12,"playtime":320,"items_purged":[],"score":172,"play_id":"d98ee30d-b1da-47c3-b433-75c0b7449e7c","local_time":"20190125010325","is_ascension_mode":true,"campfire_choices":[{"data":"Streamline","floor":6,"key":"SMITH"},{"data":"Hologram","floor":8,"key":"SMITH"},{"data":"Zap","floor":10,"key":"SMITH"}],"neow_cost":"NONE","seed_source_timestamp":219479020819300,"circlet_count":0,"master_deck":["AscendersBane","Strike_B","Strike_B","Strike_B","Defend_B","Defend_B","Zap+1","Dualcast","Undo","Hologram+1","Streamline+1","Stack","Melter"],"relics":["Cracked Core","Darkstone Periapt","Sundial","Dodecahedron"],"potions_floor_usage":[7,7],"damage_taken":[{"damage":2,"enemies":"Jaw Worm","floor":1,"turns":3},{"damage":0,"enemies":"Small Slimes","floor":2,"turns":3},{"damage":6,"enemies":"Cultist","floor":5,"turns":5},{"damage":8,"enemies":"Gremlin Nob","floor":7,"turns":3},{"damage":30,"enemies":"Lagavulin","floor":11,"turns":5},{"damage":15,"enemies":"Exordium Thugs","floor":12,"turns":1}],"seed_played":"2741025237534547449","potions_obtained":[{"floor":1,"key":"GamblersBrew"},{"floor":2,"key":"SkillPotion"},{"floor":11,"key":"Energy Potion"}],"is_trial":false,"path_per_floor":["M","M","?","?","M","R","E","R","T","R","E","M"],"character_chosen":"DEFECT","items_purchased":[],"campfire_rested":0,"item_purchase_floors":[],"current_hp_per_floor":[62,62,55,55,49,49,41,41,41,41,11,0],"gold":204,"neow_bonus":"REMOVE_CARD","is_prod":false,"is_daily":false,"chose_seed":false,"campfire_upgraded":3,"win_rate":0,"timestamp":1548345805,"path_taken":["M","M","?","?","M","R","E","R","T","R","E","?"],"build_version":"2019-01-23","purchased_purges":0,"victory":false,"max_hp_per_floor":[71,71,71,71,71,71,71,71,71,71,71,71],"card_choices":[{"not_picked":["Recycle","Redo"],"picked":"Undo","floor":1},{"not_picked":["Coolheaded","Darkness"],"picked":"Hologram","floor":2},{"not_picked":["Redo","Steam"],"picked":"Streamline","floor":5},{"not_picked":["Redo","Sweeping Beam"],"picked":"Stack","floor":7},{"not_picked":["Gash","Auto Shields"],"picked":"Melter","floor":11}],"player_experience":1067599,"relics_obtained":[{"floor":7,"key":"Darkstone Periapt"},{"floor":9,"key":"Sundial"},{"floor":11,"key":"Dodecahedron"}],"event_choices":[{"cards_removed":["Defend_B"],"damage_healed":0,"gold_gain":0,"player_choice":"Card Removal","damage_taken":7,"max_hp_gain":0,"max_hp_loss":0,"event_name":"Golden Wing","floor":3,"gold_loss":0},{"cards_removed":["Strike_B"],"damage_healed":0,"gold_gain":0,"player_choice":"Purged","damage_taken":0,"max_hp_gain":0,"max_hp_loss":0,"event_name":"Purifier","floor":4,"gold_loss":0}],"is_beta":false,"boss_relics":[],"items_purged_floors":[],"is_endless":false,"potions_floor_spawned":[1,2,11],"killed_by":"Exordium Thugs","ascension_level":20}