{"gold_per_floor":[215,227,238,251,251,280,49,83,83,99,129,129,47,57,57,162,162,178,198,27,27,27,27,27],"floor_reached":24,"playtime":1481,"items_purged":["Strike_G","Strike_G"],"score":292,"play_id":"d5820680-746a-4635-b674-2639134a61d4","local_time":"20190214142634","is_ascension_mode":true,"campfire_choices":[{"floor":15,"key":"REST"},{"data":"After Image","floor":23,"key":"SMITH"}],"neow_cost":"NONE","seed_source_timestamp":159606641086756,"circlet_count":0,"master_deck":["Defend_G","Defend_G","Defend_G","Defend_G","Defend_G","Strike_G","Strike_G","Survivor","Neutralize","Deadly Poison","Sucker Punch","Well Laid Plans","Dagger Spray+1","Blade Dance","Noxious Fumes","Footwork","Backstab","After Image+1","Dagger Throw+1","PiercingWail","Shame"],"relics":["Ring of the Snake","FossilizedHelix","Bag of Marbles","Smiling Mask","Mercury Hourglass","Girya","White Beast Statue","Tiny Chest","Bag of Preparation"],"potions_floor_usage":[6,14,16,18,19,24],"damage_taken":[{"damage":10,"enemies":"Jaw Worm","floor":1,"turns":7},{"damage":1,"enemies":"Cultist","floor":2,"turns":4},{"damage":1,"enemies":"2 Louse","floor":3,"turns":3},{"damage":10,"enemies":"2 Fungi Beasts","floor":4,"turns":4},{"damage":11,"enemies":"Gremlin Nob","floor":6,"turns":4},{"damage":7,"enemies":"3 Sentries","floor":8,"turns":7},{"damage":1,"enemies":"Large Slime","floor":10,"turns":4},{"damage":6,"enemies":"Lagavulin","floor":11,"turns":6},{"damage":0,"enemies":"Looter","floor":14,"turns":4},{"damage":15,"enemies":"Hexaghost","floor":16,"turns":8},{"damage":11,"enemies":"2 Thieves","floor":18,"turns":5},{"damage":4,"enemies":"Shell Parasite","floor":19,"turns":4},{"damage":45,"enemies":"Book of Stabbing","floor":24,"turns":7}],"seed_played":"-4756474104798930448","potions_obtained":[{"floor":2,"key":"EssenceOfSteel"},{"floor":6,"key":"GamblersBrew"},{"floor":8,"key":"FearPotion"},{"floor":14,"key":"PowerPotion"},{"floor":16,"key":"Swift Potion"},{"floor":18,"key":"SteroidPotion"},{"floor":19,"key":"FearPotion"}],"is_trial":false,"path_per_floor":["M","M","M","M","?","E","$","E","T","M","E","?","$","M","R","B",null,"M","M","$","?","?","R","E"],"character_chosen":"THE_SILENT","items_purchased":["Bag of Marbles","Footwork","Tiny Chest"],"campfire_rested":1,"item_purchase_floors":[7,13,20],"current_hp_per_floor":[53,52,51,41,41,30,30,23,23,22,16,9,9,9,30,15,56,45,41,41,41,41,41,0],"gold":27,"neow_bonus":"HUNDRED_GOLD","is_prod":false,"is_daily":false,"chose_seed":false,"campfire_upgraded":1,"win_rate":0,"timestamp":1550183194,"path_taken":["M","M","M","M","?","E","?","E","T","M","E","?","$","M","R","BOSS","M","M","$","?","?","R","E"],"build_version":"2019-01-23","purchased_purges":2,"victory":false,"max_hp_per_floor":[70,70,70,70,70,70,70,70,70,70,70,70,70,70,70,70,70,70,70,70,70,70,70,70],"card_choices":[{"not_picked":["Backflip","Blade Dance"],"picked":"Deadly Poison","floor":1},{"not_picked":["Heel Hook","Distraction"],"picked":"Sucker Punch","floor":2},{"not_picked":["Blur","Dagger Spray"],"picked":"Well Laid Plans","floor":3},{"not_picked":["Poisoned Stab","Crippling Poison"],"picked":"Dagger Spray","floor":4},{"not_picked":["Outmaneuver","Choke","Night Terror"],"picked":"SKIP","floor":6},{"not_picked":["Prepared","Eviscerate"],"picked":"Blade Dance","floor":8},{"not_picked":["Dagger Throw","Slice"],"picked":"Noxious Fumes","floor":10},{"not_picked":["Distraction","Endless Agony","Infinite Blades"],"picked":"SKIP","floor":11},{"not_picked":["Dagger Spray","Prepared"],"picked":"Backstab","floor":14},{"not_picked":["Corpse Explosion","Storm of Steel"],"picked":"After Image","floor":16},{"not_picked":["Outmaneuver","Sucker Punch"],"picked":"Dagger Throw+1","floor":18},{"not_picked":["Underhanded Strike","Quick Slash"],"picked":"PiercingWail","floor":19}],"player_experience":155818,"relics_obtained":[{"floor":6,"key":"FossilizedHelix"},{"floor":8,"key":"Smiling Mask"},{"floor":9,"key":"Mercury Hourglass"},{"floor":11,"key":"Girya"}],"event_choices":[{"damage_healed":0,"gold_gain":0,"player_choice":"Forge","damage_taken":0,"max_hp_gain":0,"max_hp_loss":0,"event_name":"Accursed Blacksmith","floor":5,"gold_loss":0,"cards_upgraded":["Dagger Spray"]},{"cards_removed":["Strike_G"],"damage_healed":0,"gold_gain":0,"player_choice":"Card Removal","damage_taken":7,"max_hp_gain":0,"max_hp_loss":0,"event_name":"Golden Wing","floor":12,"gold_loss":0},{"damage_healed":0,"gold_gain":0,"player_choice":"Ignored","damage_taken":0,"max_hp_gain":0,"max_hp_loss":0,"event_name":"Vampires","floor":21,"gold_loss":0},{"damage_healed":0,"gold_gain":0,"player_choice":"Stole Relic","damage_taken":0,"relics_obtained":["Bag of Preparation"],"max_hp_gain":0,"max_hp_loss":0,"event_name":"Addict","floor":22,"gold_loss":0,"cards_obtained":["Shame"]}],"is_beta":false,"boss_relics":[{"not_picked":["Velvet Choker","Runic Pyramid"],"picked":"White Beast Statue"}],"items_purged_floors":[7,20],"is_endless":false,"potions_floor_spawned":[2,6,8,14,16,18,19],"killed_by":"Book of Stabbing","ascension_level":7}