{"gold_per_floor":[117,24,24,37,54,54,81,81,134,149,165,195,195,206,206,285,285,304,195,105,105,115,115,147,158,188,188,188],"floor_reached":28,"playtime":1241,"items_purged":["Strike_G"],"score":409,"play_id":"a2244470-6e94-4023-983c-b14d202b3e50","local_time":"20190219165120","is_ascension_mode":true,"campfire_choices":[{"data":"Noxious Fumes","floor":6,"key":"SMITH"},{"data":"Neutralize","floor":8,"key":"SMITH"},{"floor":15,"key":"REST"},{"floor":23,"key":"REST"}],"neow_cost":"NONE","seed_source_timestamp":600538970483965,"circlet_count":0,"master_deck":["AscendersBane","Defend_G+1","Defend_G+1","Defend_G+1","Defend_G+1","Defend_G+1","Strike_G+1","Strike_G+1","Survivor","Neutralize+1","Cloak And Dagger+1","Well Laid Plans","Dagger Spray","Quick Slash","Noxious Fumes+1","Acrobatics","Quick Slash","Crippling Poison","Blade Dance","Deadly Poison","After Image","Poisoned Stab+1","Footwork","Blade Dance+1","Deadly Poison","Sucker Punch"],"relics":["Ring of the Snake","NeowsBlessing","Snake Skull","Vajra","Art of War","Runic Pyramid","Paper Crane","Tiny Chest"],"potions_floor_usage":[7,7,12,22,22,28],"damage_taken":[{"damage":0,"enemies":"2 Louse","floor":1,"turns":1},{"damage":0,"enemies":"Cultist","floor":4,"turns":1},{"damage":0,"enemies":"Small Slimes","floor":5,"turns":1},{"damage":8,"enemies":"Lagavulin","floor":7,"turns":6},{"damage":9,"enemies":"Red Slaver","floor":10,"turns":3},{"damage":1,"enemies":"Blue Slaver","floor":11,"turns":4},{"damage":40,"enemies":"Gremlin Nob","floor":12,"turns":6},{"damage":4,"enemies":"3 Louse","floor":14,"turns":3},{"damage":28,"enemies":"The Guardian","floor":16,"turns":9},{"damage":0,"enemies":"Chosen","floor":18,"turns":5},{"damage":16,"enemies":"2 Thieves","floor":22,"turns":5},{"damage":36,"enemies":"Book of Stabbing","floor":24,"turns":7},{"damage":11,"enemies":"Snake Plant","floor":25,"turns":5},{"damage":18,"enemies":"Gremlin Leader","floor":28,"turns":4}],"seed_played":"6658147780760861492","potions_obtained":[{"floor":1,"key":"AttackPotion"},{"floor":4,"key":"SteroidPotion"},{"floor":11,"key":"Dexterity Potion"},{"floor":16,"key":"Weak Potion"},{"floor":18,"key":"Block Potion"},{"floor":25,"key":"EssenceOfSteel"}],"is_trial":false,"path_per_floor":["M","$","?","M","M","R","E","R","T","M","M","E","?","M","R","B",null,"M","$","?","$","M","R","E","M","T","?","E"],"character_chosen":"THE_SILENT","items_purchased":["Well Laid Plans","Dagger Spray","Footwork"],"campfire_rested":2,"item_purchase_floors":[2,2,19],"current_hp_per_floor":[63,63,63,63,63,63,55,55,55,46,45,5,28,24,45,17,57,57,57,57,57,41,62,26,15,15,15,0],"gold":188,"neow_bonus":"THREE_ENEMY_KILL","is_prod":false,"is_daily":false,"chose_seed":false,"campfire_upgraded":2,"win_rate":0,"timestamp":1550623880,"path_taken":["M","$","?","?","M","R","E","R","T","M","M","E","?","M","R","BOSS","M","$","?","$","M","R","E","?","T","?","E"],"build_version":"2019-01-23","purchased_purges":1,"victory":false,"max_hp_per_floor":[70,70,70,70,70,70,70,70,70,70,70,70,70,70,70,70,70,70,70,70,70,70,70,70,70,70,70,70],"card_choices":[{"not_picked":["Tactician","Dodge and Roll"],"picked":"Cloak And Dagger","floor":1},{"not_picked":["Cloak And Dagger","Backflip"],"picked":"Quick Slash","floor":4},{"not_picked":["Distraction","Acrobatics"],"picked":"Noxious Fumes","floor":5},{"not_picked":["Heel Hook","Riddle With Holes"],"picked":"Acrobatics","floor":7},{"not_picked":["Distraction","Storm of Steel"],"picked":"Quick Slash","floor":10},{"not_picked":["Dagger Spray","Quick Slash"],"picked":"Crippling Poison","floor":11},{"not_picked":["Concentrate","Expertise"],"picked":"Blade Dance","floor":12},{"not_picked":["Infinite Blades","PiercingWail"],"picked":"Deadly Poison","floor":14},{"not_picked":["Wraith Form v2","Envenom"],"picked":"After Image","floor":16},{"not_picked":["Dagger Spray","Caltrops"],"picked":"Poisoned Stab+1","floor":18},{"not_picked":["Poisoned Stab","Infinite Blades+1"],"picked":"Blade Dance+1","floor":22},{"not_picked":["Outmaneuver","Infinite Blades"],"picked":"Deadly Poison","floor":24},{"not_picked":["Underhanded Strike","Skewer"],"picked":"Sucker Punch","floor":25}],"player_experience":207334,"relics_obtained":[{"floor":7,"key":"Snake Skull"},{"floor":9,"key":"Vajra"},{"floor":12,"key":"Art of War"},{"floor":24,"key":"Paper Crane"},{"floor":26,"key":"Tiny Chest"}],"event_choices":[{"cards_removed":["Strike_G"],"damage_healed":0,"gold_gain":0,"player_choice":"Offered Basic","damage_taken":0,"max_hp_gain":0,"max_hp_loss":0,"event_name":"Bonfire Elementals","floor":3,"gold_loss":0},{"damage_healed":23,"gold_gain":0,"player_choice":"Banana","damage_taken":0,"max_hp_gain":0,"max_hp_loss":0,"event_name":"Big Fish","floor":13,"gold_loss":0},{"cards_removed":["Strike_G"],"damage_healed":0,"gold_gain":0,"player_choice":"Upgrade and Remove","damage_taken":0,"max_hp_gain":0,"max_hp_loss":0,"event_name":"Designer","floor":20,"gold_loss":90,"cards_upgraded":["Cloak And Dagger"]},{"damage_healed":0,"gold_gain":0,"player_choice":"Simplicity","damage_taken":0,"max_hp_gain":0,"max_hp_loss":0,"event_name":"Back to Basics","floor":27,"gold_loss":0,"cards_upgraded":["Defend_G","Defend_G","Defend_G","Defend_G","Defend_G","Strike_G","Strike_G"]}],"is_beta":false,"boss_relics":[{"not_picked":["Fusion Hammer","Velvet Choker"],"picked":"Runic Pyramid"}],"items_purged_floors":[19],"is_endless":false,"potions_floor_spawned":[1,4,11,16,18,25],"killed_by":"Gremlin Leader","ascension_level":13}