{"gold_per_floor":[116,16,16,31,31,63,75,98,134,158,170,182,220,243,255,344,356,385,322,334,458,485,497,536,548,560,572,617,679,691,713,725,737],"floor_reached":33,"playtime":1377,"items_purged":["Strike_G"],"score":682,"play_id":"a17ceaaa-824d-4d23-9723-f3035f9fc547","local_time":"20190218221904","is_ascension_mode":true,"campfire_choices":[{"data":"Masterful Stab","floor":7.0,"key":"SMITH"},{"data":"Cloak And Dagger","floor":12.0,"key":"SMITH"},{"data":"PiercingWail","floor":15.0,"key":"SMITH"},{"data":"Unload","floor":23.0,"key":"SMITH"},{"floor":25.0,"key":"REST"},{"data":"Venomology","floor":27.0,"key":"SMITH"},{"data":"Terror","floor":30.0,"key":"SMITH"},{"data":"Footwork","floor":32.0,"key":"SMITH"}],"neow_cost":"NONE","seed_source_timestamp":40854899664000,"circlet_count":0,"master_deck":["AscendersBane","Defend_G","Defend_G","Defend_G","Defend_G","Defend_G","Strike_G","Survivor","Neutralize+1","Masterful Stab+1","Flying Knee","Terror+1","Dodge and Roll","Cloak And Dagger+1","Venomology+1","PiercingWail+1","Unload+1","Backstab+1","Deflect+1","Well Laid Plans+1","Clumsy","Footwork+1","Riddle With Holes"],"special_seed":0,"relics":["Ring of the Snake","NeowsBlessing","MawBank","Bronze Scales","Strawberry","Cursed Key","Unceasing Top","Bottled Flame","Bottled Tornado","Vajra","Paper Crane"],"potions_floor_usage":[33,33],"damage_taken":[{"damage":0.0,"enemies":"Cultist","floor":1.0,"turns":1.0},{"damage":0.0,"enemies":"Small Slimes","floor":4.0,"turns":1.0},{"damage":0.0,"enemies":"3 Sentries","floor":6.0,"turns":1.0},{"damage":2.0,"enemies":"Jaw Worm","floor":8.0,"turns":3.0},{"damage":0.0,"enemies":"Blue Slaver","floor":10.0,"turns":4.0},{"damage":0.0,"enemies":"Lagavulin","floor":13.0,"turns":5.0},{"damage":0.0,"enemies":"2 Fungi Beasts","floor":14.0,"turns":3.0},{"damage":3.0,"enemies":"Hexaghost","floor":16.0,"turns":9.0},{"damage":11.0,"enemies":"Spheric Guardian","floor":18.0,"turns":4.0},{"damage":12.0,"enemies":"Colosseum Slavers","floor":21.0,"turns":3.0},{"damage":1.0,"enemies":"Colosseum Nobs","floor":21.0,"turns":4.0},{"damage":2.0,"enemies":"Shell Parasite","floor":22.0,"turns":4.0},{"damage":15.0,"enemies":"Slavers","floor":24.0,"turns":8.0},{"damage":13.0,"enemies":"Book of Stabbing","floor":28.0,"turns":4.0},{"damage":0.0,"enemies":"Centurion and Healer","floor":31.0,"turns":5.0},{"damage":73,"enemies":"Champ","floor":33,"turns":23}],"seed_played":"7102807305334169243","potions_obtained":[{"floor":8.0,"key":"PowerPotion"},{"floor":13.0,"key":"Energy Potion"},{"floor":16.0,"key":"EssenceOfSteel"},{"floor":21.0,"key":"SteroidPotion"}],"is_trial":false,"path_per_floor":["M","$","?","M","?","E","R","M","T","M","$","R","E","M","R","B",null,"M","?","?","?","M","R","E","R","T","R","E","?","R","M","R","B"],"character_chosen":"THE_SILENT","items_purchased":["Flying Knee"],"campfire_rested":1,"item_purchase_floors":[2],"current_hp_per_floor":[59,59,59,59,59,59,59,57,57,57,57,57,64,64,64,61,70,59,59,59,46,44,44,29,50,50,50,37,37,37,37,37,0],"gold":737,"neow_bonus":"THREE_ENEMY_KILL","is_prod":false,"is_daily":false,"chose_seed":false,"campfire_upgraded":7,"win_rate":0,"timestamp":1550495944,"path_taken":["M","$","?","?","?","E","R","M","T","M","?","R","E","?","R","BOSS","M","?","?","?","M","R","E","R","T","R","E","?","R","M","R","BOSS"],"build_version":"2019-01-23","purchased_purges":1,"victory":false,"max_hp_per_floor":[66,66,66,66,66,66,66,66,66,66,66,66,73,73,73,73,73,73,73,73,73,73,73,73,73,73,73,73,73,73,73,73,73],"card_choices":[{"not_picked":["Acrobatics","Bane"],"picked":"Masterful Stab","floor":1.0},{"not_picked":["Slice","Underhanded Strike"],"picked":"Terror","floor":4.0},{"not_picked":["Skewer","Outmaneuver"],"picked":"Dodge and Roll","floor":6.0},{"not_picked":["Deadly Poison","Leg Sweep"],"picked":"Cloak And Dagger","floor":8.0},{"not_picked":["Quick Slash","Underhanded Strike","Slice"],"picked":"SKIP","floor":10.0},{"not_picked":["Distraction","Bane"],"picked":"Venomology","floor":13.0},{"not_picked":["Deflect","Underhanded Strike"],"picked":"PiercingWail","floor":14.0},{"not_picked":["Venomology","Bullet Time"],"picked":"Unload","floor":16.0},{"not_picked":["Cloak And Dagger","Finisher"],"picked":"Backstab+1","floor":18.0},{"not_picked":["Backflip","Bane"],"picked":"Deflect+1","floor":21.0},{"not_picked":["Dagger Spray","Catalyst"],"picked":"Well Laid Plans+1","floor":22.0},{"not_picked":["Well Laid Plans","Prepared","Sucker Punch"],"picked":"SKIP","floor":24.0},{"not_picked":["Crippling Poison","Heel Hook"],"picked":"Footwork","floor":28.0},{"not_picked":["Leg Sweep","Finisher"],"picked":"Riddle With Holes","floor":31.0}],"player_experience":1132681,"relics_obtained":[{"floor":6.0,"key":"MawBank"},{"floor":9.0,"key":"Bronze Scales"},{"floor":13.0,"key":"Strawberry"},{"floor":21.0,"key":"Unceasing Top"},{"floor":21.0,"key":"Bottled Flame"},{"floor":24.0,"key":"Bottled Tornado"},{"floor":26.0,"key":"Vajra"},{"floor":28.0,"key":"Paper Crane"}],"event_choices":[{"cards_removed":["Strike_G"],"damage_healed":0.0,"max_hp_gain":0.0,"max_hp_loss":0.0,"gold_gain":0.0,"event_name":"Bonfire Elementals","player_choice":"Offered Basic","floor":3.0,"gold_loss":0.0,"damage_taken":0.0},{"damage_healed":0.0,"max_hp_gain":0.0,"max_hp_loss":0.0,"gold_gain":0.0,"event_name":"Accursed Blacksmith","player_choice":"Forge","floor":5.0,"gold_loss":0.0,"damage_taken":0.0,"cards_upgraded":["Neutralize"]},{"cards_removed":["Strike_G"],"damage_healed":0.0,"max_hp_gain":0.0,"max_hp_loss":0.0,"gold_gain":0.0,"event_name":"Beggar","player_choice":"Gave Gold","floor":19.0,"gold_loss":75.0,"damage_taken":0.0},{"cards_removed":["Strike_G"],"damage_healed":0.0,"max_hp_gain":0.0,"max_hp_loss":0.0,"gold_gain":0.0,"event_name":"Back to Basics","player_choice":"Elegance","floor":20.0,"gold_loss":0.0,"damage_taken":0.0},{"damage_healed":0.0,"max_hp_gain":0.0,"max_hp_loss":0.0,"gold_gain":0.0,"event_name":"Colosseum","player_choice":"Fight","floor":21.0,"gold_loss":0.0,"damage_taken":0.0},{"damage_healed":0.0,"max_hp_gain":0.0,"max_hp_loss":0.0,"gold_gain":0.0,"event_name":"Colosseum","player_choice":"Fought Nobs","floor":21.0,"gold_loss":0.0,"damage_taken":0.0},{"damage_healed":0.0,"max_hp_gain":0.0,"max_hp_loss":0.0,"gold_gain":50.0,"event_name":"Nest","player_choice":"Stole From Cult","floor":29.0,"gold_loss":0.0,"damage_taken":0.0}],"is_beta":false,"boss_relics":[{"not_picked":["HoveringKite","Astrolabe"],"picked":"Cursed Key"}],"items_purged_floors":[2],"is_endless":false,"potions_floor_spawned":[8,13,14,16,21,21,24,31],"killed_by":"Champ","ascension_level":20}