{"gold_per_floor":[117,117,192,367,377,377,412,412,436,436,454,472,495,225,225,225],"floor_reached":16,"playtime":515,"items_purged":[],"score":166,"play_id":"baab4ab6-8eb7-43f0-990a-d72022842268","local_time":"20190218003314","is_ascension_mode":true,"campfire_choices":[{"data":"Dagger Spray","floor":6.0,"key":"SMITH"},{"data":"Neutralize","floor":8.0,"key":"SMITH"},{"data":"Dodge and Roll","floor":10.0,"key":"SMITH"},{"data":"Burst","floor":15,"key":"SMITH"}],"neow_cost":"NONE","seed_source_timestamp":226272495128500,"circlet_count":0,"master_deck":["Defend_G","Defend_G","Defend_G","Defend_G","Defend_G","Strike_G","Strike_G","Strike_G","Strike_G","Strike_G","Survivor","Neutralize+1","Dagger Spray+1","Doubt","Acrobatics","Dodge and Roll+1","Slice","Backflip","Crippling Poison","Footwork","Burst+1"],"special_seed":0,"relics":["Ring of the Snake","NeowsBlessing","Blood Vial","Odd Mushroom"],"potions_floor_usage":[],"damage_taken":[{"damage":0.0,"enemies":"2 Louse","floor":1.0,"turns":1.0},{"damage":0.0,"enemies":"Jaw Worm","floor":5.0,"turns":1.0},{"damage":0.0,"enemies":"Lagavulin","floor":7.0,"turns":1.0},{"damage":3.0,"enemies":"Small Slimes","floor":11.0,"turns":3.0},{"damage":0.0,"enemies":"3 Louse","floor":12.0,"turns":2.0},{"damage":12,"enemies":"The Mushroom Lair","floor":13,"turns":4},{"damage":24,"enemies":"Hexaghost","floor":16,"turns":10}],"seed_played":"6193363138685296346","potions_obtained":[{"floor":5.0,"key":"Energy Potion"},{"floor":7.0,"key":"SkillPotion"}],"is_trial":false,"path_per_floor":["M","?","?","?","M","R","E","R","T","R","M","M","?","$","R","B"],"character_chosen":"THE_SILENT","items_purchased":["Crippling Poison","Footwork","Burst"],"campfire_rested":0,"item_purchase_floors":[14,14,14],"current_hp_per_floor":[63,63,52,52,52,52,52,52,52,52,51,53,43,43,43,21],"gold":225,"neow_bonus":"THREE_ENEMY_KILL","is_prod":false,"is_daily":false,"chose_seed":false,"campfire_upgraded":4,"win_rate":0,"timestamp":1550446394,"path_taken":["M","?","?","?","M","R","E","R","T","R","M","M","?","$","R","BOSS"],"build_version":"2019-01-23","purchased_purges":0,"victory":false,"max_hp_per_floor":[70,70,70,70,70,70,70,70,70,70,70,70,70,70,70,70],"card_choices":[{"not_picked":["Blade Dance","Expertise"],"picked":"Dagger Spray","floor":1.0},{"not_picked":["Bane","Blade Dance"],"picked":"Acrobatics","floor":5.0},{"not_picked":["Terror","Poisoned Stab"],"picked":"Dodge and Roll","floor":7.0},{"not_picked":["Concentrate","Sucker Punch","Setup"],"picked":"SKIP","floor":11.0},{"not_picked":["Predator","Outmaneuver"],"picked":"Slice","floor":12.0},{"not_picked":["Caltrops","Poisoned Stab"],"picked":"Backflip","floor":13}],"player_experience":214416,"relics_obtained":[{"floor":7.0,"key":"Blood Vial"},{"floor":13,"key":"Odd Mushroom"}],"event_choices":[{"damage_healed":0.0,"max_hp_gain":0.0,"max_hp_loss":0.0,"gold_gain":0.0,"event_name":"Golden Wing","player_choice":"Ignored","floor":2.0,"gold_loss":0.0,"damage_taken":0.0},{"damage_healed":0.0,"max_hp_gain":0.0,"max_hp_loss":0.0,"gold_gain":75.0,"event_name":"World of Goop","player_choice":"Gather Gold","floor":3.0,"gold_loss":0.0,"damage_taken":11.0},{"damage_healed":0.0,"max_hp_gain":0.0,"max_hp_loss":0.0,"gold_gain":175.0,"event_name":"Liars Game","player_choice":"AGREE","floor":4.0,"gold_loss":0.0,"damage_taken":0.0,"cards_obtained":["Doubt"]},{"damage_healed":0,"gold_gain":0,"player_choice":"Fought Mushrooms","damage_taken":0,"max_hp_gain":0,"max_hp_loss":0,"event_name":"Mushrooms","floor":13,"gold_loss":0}],"is_beta":false,"boss_relics":[],"items_purged_floors":[],"is_endless":false,"potions_floor_spawned":[5,7],"killed_by":"Hexaghost","ascension_level":7}