{"gold_per_floor":[115,133,208,227,227,227,262,281,281,281,281],"floor_reached":11,"playtime":805,"items_purged":[],"score":146,"play_id":"7e64ebf8-6c28-48e1-a89c-a0d850ad384e","local_time":"20190125085542","is_ascension_mode":true,"campfire_choices":[{"data":"Bash","floor":6,"key":"SMITH"},{"data":"Armaments","floor":10,"key":"SMITH"}],"neow_cost":"TEN_PERCENT_HP_LOSS","seed_source_timestamp":1294677785418447,"circlet_count":0,"master_deck":["AscendersBane","Strike_R","Strike_R","Strike_R","Strike_R","Defend_R","Defend_R","Defend_R","Defend_R","Bash+1","Panacea","Thinking Ahead","Metallicize","Spot Weakness","Pommel Strike","Bludgeon","Armaments+1"],"relics":["Burning Blood","Blue Candle","Molten Egg 2"],"potions_floor_usage":[7],"damage_taken":[{"damage":11,"enemies":"2 Louse","floor":1,"turns":4},{"damage":4,"enemies":"Jaw Worm","floor":2,"turns":7},{"damage":9,"enemies":"Cultist","floor":4,"turns":4},{"damage":24,"enemies":"Lagavulin","floor":7,"turns":6},{"damage":10,"enemies":"Large Slime","floor":8,"turns":6},{"damage":65,"enemies":"Gremlin Nob","floor":11,"turns":4}],"seed_played":"-7386731621889717400","potions_obtained":[{"floor":1,"key":"Poison Potion"}],"is_trial":false,"path_per_floor":["M","M","?","M","?","R","E","M","T","R","E"],"character_chosen":"IRONCLAD","items_purchased":[],"campfire_rested":0,"item_purchase_floors":[],"current_hp_per_floor":[63,65,54,51,51,51,33,29,29,29,0],"gold":281,"neow_bonus":"RANDOM_COLORLESS_2","is_prod":false,"is_daily":false,"chose_seed":false,"campfire_upgraded":2,"win_rate":0,"timestamp":1548424542,"path_taken":["M","M","?","M","?","R","E","M","T","R","E"],"build_version":"2019-01-23","purchased_purges":0,"victory":false,"max_hp_per_floor":[68,68,68,68,68,68,68,68,68,68,68],"card_choices":[{"not_picked":["Clash","Warcry"],"picked":"Metallicize","floor":1},{"not_picked":["Burning Pact","Havoc"],"picked":"Spot Weakness","floor":2},{"not_picked":["Warcry","Havoc"],"picked":"Pommel Strike","floor":4},{"not_picked":["Cleave","Armaments"],"picked":"Bludgeon","floor":7},{"not_picked":["Evolve","Thunderclap"],"picked":"Armaments","floor":8}],"player_experience":813943,"relics_obtained":[{"floor":7,"key":"Blue Candle"},{"floor":9,"key":"Molten Egg 2"}],"event_choices":[{"damage_healed":0,"gold_gain":75,"player_choice":"Gather Gold","damage_taken":11,"max_hp_gain":0,"max_hp_loss":0,"event_name":"World of Goop","floor":3,"gold_loss":0},{"cards_removed":["Strike_R"],"damage_healed":0,"gold_gain":0,"player_choice":"Purged","damage_taken":0,"max_hp_gain":0,"max_hp_loss":0,"event_name":"Purifier","floor":5,"gold_loss":0}],"is_beta":false,"boss_relics":[],"items_purged_floors":[],"is_endless":false,"potions_floor_spawned":[1],"killed_by":"Gremlin Nob","ascension_level":20}