{"gold_per_floor":[10,30,47,57,67,67,80,109,109,109,136,148,148,2,2,101,101,82,95,370,389,389,417,417,14,40,56,56,56,74,88,88,186,186,197,209,209,84,100,125,125,150,150,175,188,106,119,144,144,144,144,144,144,172,172],"floor_reached":56,"playtime":6319,"items_purged":["Strike_R","Regret","Defend_R"],"score":1401,"play_id":"b06336b8-6a93-463a-b07b-1d3cf78707bb","local_time":"20190115122022","is_ascension_mode":true,"campfire_choices":[{"data":"Uppercut","floor":6,"key":"SMITH"},{"data":"Clothesline","floor":13,"key":"SMITH"},{"data":"Metallicize","floor":15,"key":"SMITH"},{"data":"Barricade","floor":24,"key":"SMITH"},{"data":"Apotheosis","floor":28,"key":"SMITH"},{"data":"Entrench","floor":32,"key":"SMITH"},{"floor":41,"key":"RECALL"}],"neow_cost":"NO_GOLD","seed_source_timestamp":2590060949653767,"circlet_count":0,"master_deck":["Defend_R","Defend_R","Defend_R","Bash","Feed","Clothesline+1","Uppercut+1","Armaments+1","Clash","Thunderclap","Sever Soul","Shrug It Off+1","Metallicize+1","Barricade+1","Rage+1","Hemokinesis+1","Anger+1","Entrench+1","Cleave","Bite","Bite","Bite","Bite","Bite","Impervious","Apotheosis+1","Power Through","Metallicize+1","Shrug It Off","Ghostly Armor","Headbutt+1","Feed","Entrench+1","Evolve","Warcry+1","Shockwave+1"],"relics":["Burning Blood","Prayer Wheel","Darkstone Periapt","Coffee Dripper","PreservedInsect","Happy Flower","Fusion Hammer","Matryoshka","Ginger","Bag of Marbles","Bird Faced Urn","War Paint","Anchor","Unceasing Top"],"potions_floor_usage":[12,16,16,16,55,55,55],"damage_taken":[{"damage":6,"enemies":"Jaw Worm","floor":1,"turns":3},{"damage":0,"enemies":"Small Slimes","floor":2,"turns":2},{"damage":4,"enemies":"Cultist","floor":3,"turns":3},{"damage":11,"enemies":"Large Slime","floor":4,"turns":5},{"damage":13,"enemies":"Exordium Thugs","floor":5,"turns":6},{"damage":21,"enemies":"Gremlin Gang","floor":7,"turns":8},{"damage":31,"enemies":"Lagavulin","floor":8,"turns":8},{"damage":21,"enemies":"3 Sentries","floor":11,"turns":7},{"damage":9,"enemies":"Red Slaver","floor":12,"turns":2},{"damage":20,"enemies":"Slime Boss","floor":16,"turns":15},{"damage":10,"enemies":"2 Thieves","floor":18,"turns":4},{"damage":4,"enemies":"3 Byrds","floor":19,"turns":6},{"damage":23,"enemies":"Snecko","floor":21,"turns":7},{"damage":25,"enemies":"Slavers","floor":23,"turns":5},{"damage":0,"enemies":"Centurion and Healer","floor":27,"turns":9},{"damage":7,"enemies":"Chosen and Byrds","floor":30,"turns":8},{"damage":5,"enemies":"3 Cultists","floor":31,"turns":8},{"damage":27,"enemies":"Collector","floor":33,"turns":16},{"damage":19,"enemies":"3 Darklings","floor":35,"turns":14},{"damage":0,"enemies":"Orb Walker","floor":36,"turns":4},{"damage":3,"enemies":"Writhing Mass","floor":39,"turns":18},{"damage":4,"enemies":"Nemesis","floor":40,"turns":7},{"damage":19,"enemies":"Giant Head","floor":42,"turns":10},{"damage":28,"enemies":"Nemesis","floor":44,"turns":11},{"damage":10,"enemies":"Spire Growth","floor":45,"turns":6},{"damage":35,"enemies":"Transient","floor":47,"turns":5},{"damage":28,"enemies":"Giant Head","floor":48,"turns":9},{"damage":10,"enemies":"Donu and Deca","floor":50,"turns":16},{"damage":11,"enemies":"Shield and Spear","floor":54,"turns":10},{"damage":41,"enemies":"The Heart","floor":55,"turns":18}],"seed_played":"5872548989325350939","potions_obtained":[{"floor":4,"key":"Strength Potion"},{"floor":7,"key":"Dexterity Potion"},{"floor":11,"key":"SkillPotion"},{"floor":12,"key":"SpeedPotion"},{"floor":21,"key":"SpeedPotion"},{"floor":27,"key":"Block Potion"},{"floor":45,"key":"Weak Potion"}],"is_trial":false,"path_per_floor":["M","M","M","M","M","R","M","E","T","?","E","M","R","$","R","B",null,"M","M","?","M","?","E","R","$","T","M","R","?","M","M","R","B",null,"M","M","?","$","M","E","R","E","T","E","M","$","M","E","R","B",null,"R","$","E","B",null],"character_chosen":"IRONCLAD","items_purchased":["Metallicize","Apotheosis","Power Through","PowerPotion","Evolve"],"campfire_rested":0,"item_purchase_floors":[14,25,25,25,46],"current_hp_per_floor":[83,86,89,87,83,83,71,50,50,50,38,38,38,38,38,24,108,104,109,115,101,84,74,74,74,74,91,91,91,95,99,99,103,103,103,103,103,103,107,111,111,109,109,115,115,115,86,94,94,123,123,123,123,131,131],"gold":172,"neow_bonus":"THREE_RARE_CARDS","is_prod":false,"is_daily":false,"chose_seed":false,"campfire_upgraded":6,"win_rate":0,"timestamp":1547572822,"path_taken":["M","M","M","M","M","R","M","E","T","?","E","M","R","$","R","BOSS","M","M","?","?","?","E","R","?","T","M","R","?","M","?","R","BOSS","M","M","?","?","M","E","R","E","T","E","M","$","?","E","R","BOSS","R","$","E","BOSS"],"build_version":"2019-01-14v2","purchased_purges":3,"victory":true,"max_hp_per_floor":[83,86,89,92,95,95,98,102,102,102,105,108,108,108,108,108,108,108,111,117,120,84,87,87,87,87,91,91,91,95,99,99,103,103,103,103,103,103,107,111,111,111,111,115,115,115,115,119,119,123,123,123,123,131,131],"card_choices":[{"not_picked":["Reaper","Brutality"],"picked":"Feed","floor":0},{"not_picked":["Body Slam","Flex"],"picked":"Clothesline","floor":1},{"not_picked":["Clothesline","Fire Breathing","Flex"],"picked":"SKIP","floor":2},{"not_picked":["Cleave","Warcry"],"picked":"Uppercut","floor":3},{"not_picked":["Cleave","Warcry"],"picked":"Armaments","floor":4},{"not_picked":["Corruption","Sword Boomerang","Blood for Blood"],"picked":"SKIP","floor":5},{"not_picked":["Cleave","Iron Wave"],"picked":"Clash","floor":7},{"not_picked":["Armaments","Wild Strike"],"picked":"Thunderclap","floor":8},{"not_picked":["Second Wind","Flame Barrier"],"picked":"Sever Soul","floor":11},{"not_picked":["Headbutt","Perfected Strike"],"picked":"Shrug It Off","floor":12},{"not_picked":["Reckless Charge","Exhume","Armaments"],"picked":"SKIP","floor":12},{"not_picked":["Dark Embrace","Limit Break"],"picked":"Barricade","floor":16},{"not_picked":["Heavy Blade+1","Rampage+1"],"picked":"Rage","floor":18},{"not_picked":["Searing Blow","Anger"],"picked":"Hemokinesis+1","floor":18},{"not_picked":["Clothesline+1","Uppercut+1"],"picked":"Anger+1","floor":19},{"not_picked":["Thunderclap","Feel No Pain","Wild Strike"],"picked":"SKIP","floor":19},{"not_picked":["Sword Boomerang+1","Shrug It Off"],"picked":"Entrench","floor":21},{"not_picked":["Perfected Strike","Twin Strike"],"picked":"Cleave","floor":21},{"not_picked":["Second Wind","Rage"],"picked":"Impervious","floor":23},{"not_picked":["Whirlwind","Fire Breathing+1"],"picked":"Metallicize+1","floor":27},{"not_picked":["Warcry","Blood for Blood"],"picked":"Shrug It Off","floor":27},{"not_picked":["Corruption","Heavy Blade+1","Pummel"],"picked":"SKIP","floor":30},{"not_picked":["Wild Strike+1","Warcry","Heavy Blade"],"picked":"SKIP","floor":30},{"not_picked":["Sword Boomerang","Shrug It Off"],"picked":"Ghostly Armor","floor":31},{"not_picked":["True Grit+1","Sword Boomerang","Thunderclap"],"picked":"SKIP","floor":31},{"not_picked":["Rage+1","True Grit+1"],"picked":"Headbutt+1","floor":35},{"not_picked":["Sword Boomerang","Flame Barrier"],"picked":"Feed","floor":35},{"not_picked":["Armaments+1","Twin Strike+1","Heavy Blade"],"picked":"SKIP","floor":36},{"not_picked":["Thunderclap","Dual Wield+1","Sword Boomerang+1"],"picked":"SKIP","floor":36},{"not_picked":["Havoc","Headbutt+1","Armaments"],"picked":"SKIP","floor":39},{"not_picked":["Infernal Blade","Pummel+1","Armaments"],"picked":"SKIP","floor":39},{"not_picked":["True Grit","Anger","Sever Soul"],"picked":"SKIP","floor":40},{"not_picked":["Rampage","Bludgeon","Heavy Blade"],"picked":"SKIP","floor":42},{"not_picked":["Rage","Ghostly Armor"],"picked":"Entrench","floor":44},{"not_picked":["Flex","Pommel Strike","Thunderclap"],"picked":"SKIP","floor":45},{"not_picked":["Cleave","Reckless Charge","Sword Boomerang"],"picked":"SKIP","floor":45},{"not_picked":["Cleave+1","Combust"],"picked":"Warcry+1","floor":47},{"not_picked":["Feed","Rampage","Thunderclap"],"picked":"SKIP","floor":47},{"not_picked":["Seeing Red+1","Sentinel"],"picked":"Shockwave+1","floor":48},{"not_picked":["Shrug It Off","Reckless Charge","Power Through"],"picked":"SKIP","floor":54}],"player_experience":4084349,"relics_obtained":[{"floor":8,"key":"Prayer Wheel"},{"floor":11,"key":"Darkstone Periapt"},{"floor":23,"key":"PreservedInsect"},{"floor":26,"key":"Happy Flower"},{"floor":40,"key":"Matryoshka"},{"floor":42,"key":"Ginger"},{"floor":43,"key":"Bag of Marbles"},{"floor":43,"key":"Bird Faced Urn"},{"floor":44,"key":"War Paint"},{"floor":48,"key":"Anchor"},{"floor":54,"key":"Unceasing Top"}],"event_choices":[{"damage_healed":0,"gold_gain":0,"player_choice":"Grow","damage_taken":0,"max_hp_gain":0,"max_hp_loss":0,"event_name":"Living Wall","floor":10,"gold_loss":0,"cards_upgraded":["Armaments"]},{"damage_healed":0,"gold_gain":275,"player_choice":"Desecrate","damage_taken":0,"max_hp_gain":0,"max_hp_loss":0,"event_name":"Golden Shrine","floor":20,"gold_loss":0,"cards_obtained":["Regret"]},{"damage_healed":0,"gold_gain":0,"player_choice":"Became a vampire","damage_taken":0,"max_hp_gain":0,"max_hp_loss":36,"event_name":"Vampires","floor":22,"gold_loss":0,"cards_obtained":["Bite","Bite","Bite","Bite","Bite"]},{"damage_healed":0,"gold_gain":0,"player_choice":"0 cards matched","damage_taken":0,"max_hp_gain":0,"max_hp_loss":0,"event_name":"Match and Keep!","floor":29,"gold_loss":0,"cards_obtained":[]},{"damage_healed":0,"gold_gain":0,"player_choice":"Forge","damage_taken":0,"max_hp_gain":0,"max_hp_loss":0,"event_name":"Accursed Blacksmith","floor":37,"gold_loss":0,"cards_upgraded":["Shrug It Off"]}],"is_beta":true,"boss_relics":[{"not_picked":["Mark of Pain","Black Star"],"picked":"Coffee Dripper"},{"not_picked":["Snecko Eye","Calling Bell"],"picked":"Fusion Hammer"}],"items_purged_floors":[14,25,38],"is_endless":false,"potions_floor_spawned":[4,7,11,12,21,27,31,33,40,44,45,47,48],"ascension_level":1}