{"gold_per_floor":[369,329,339,354,429,429,459,510,510,510,530,530,562,171,171,272,272,286,286,296,396,396,423,423,458,458,458,219,254,254,271,271,376,376,392,407,14,14,14,40,116,116,116,133,166,266,291,307,307,307,307,307,17,44,44],"floor_reached":56,"playtime":2442,"items_purged":["Strike_R","Strike_R"],"score":1583,"play_id":"7831879f-3060-45f7-98d9-72fa834da04a","local_time":"20181107183950","is_ascension_mode":true,"campfire_choices":[{"floor":6,"key":"REST"},{"data":"Uppercut","floor":10,"key":"SMITH"},{"data":"Whirlwind","floor":12,"key":"SMITH"},{"data":"Bludgeon","floor":15,"key":"SMITH"},{"data":"Double Tap","floor":24,"key":"SMITH"},{"data":"1","floor":27,"key":"LIFT"},{"data":"2","floor":30,"key":"LIFT"},{"data":"3","floor":32,"key":"LIFT"},{"data":"Limit Break","floor":42,"key":"SMITH"},{"floor":49,"key":"RECALL"},{"data":"Heavy Blade","floor":52,"key":"SMITH"}],"neow_cost":"PERCENT_DAMAGE","seed_source_timestamp":1172962545227769,"circlet_count":0,"master_deck":["Strike_R","Strike_R","Defend_R","Defend_R","Defend_R","Bash","Iron Wave","Carnage","Uppercut+1","Bludgeon+1","Whirlwind+1","Shrug It Off","Dropkick","Double Tap+1","Disarm+1","Shockwave","Dropkick+1","Limit Break+1","Heavy Blade+1","Uppercut","True Grit+1","Evolve+1","Fiend Fire"],"relics":["Burning Blood","Singing Bowl","The Courier","Frozen Egg 2","Potion Belt","Lantern","Snecko Eye","Girya","Dodecahedron","Kunai","Matryoshka","Pen Nib","Art of War","Anchor","Regal Pillow","Sozu","Bag of Marbles","Pantograph","Champion Belt","Bronze Scales","Shuriken","Paper Frog","Ginger","Incense Burner","Boot","Oddly Smooth Stone","Medical Kit","Nunchaku"],"potions_floor_usage":[7,7,18,21,55,55,55,55],"damage_taken":[{"damage":3,"enemies":"Small Slimes","floor":1,"turns":3},{"damage":1,"enemies":"Cultist","floor":3,"turns":3},{"damage":3,"enemies":"Jaw Worm","floor":4,"turns":3},{"damage":13,"enemies":"3 Sentries","floor":7,"turns":6},{"damage":10,"enemies":"Looter","floor":11,"turns":2},{"damage":16,"enemies":"Gremlin Nob","floor":13,"turns":4},{"damage":44,"enemies":"Hexaghost","floor":16,"turns":8},{"damage":0,"enemies":"Shell Parasite","floor":18,"turns":1},{"damage":0,"enemies":"Chosen","floor":20,"turns":3},{"damage":10,"enemies":"Colosseum Slavers","floor":21,"turns":2},{"damage":7,"enemies":"Colosseum Nobs","floor":21,"turns":3},{"damage":6,"enemies":"Book of Stabbing","floor":23,"turns":3},{"damage":3,"enemies":"Gremlin Leader","floor":25,"turns":4},{"damage":6,"enemies":"Book of Stabbing","floor":29,"turns":3},{"damage":0,"enemies":"Centurion and Healer","floor":31,"turns":4},{"damage":11,"enemies":"Automaton","floor":33,"turns":6},{"damage":2,"enemies":"3 Shapes","floor":35,"turns":2},{"damage":0,"enemies":"3 Darklings","floor":36,"turns":1},{"damage":0,"enemies":"Reptomancer","floor":40,"turns":1},{"damage":0,"enemies":"Transient","floor":44,"turns":4},{"damage":0,"enemies":"Nemesis","floor":45,"turns":1},{"damage":0,"enemies":"Mind Bloom Boss Battle","floor":46,"turns":2},{"damage":0,"enemies":"Reptomancer","floor":47,"turns":1},{"damage":0,"enemies":"4 Shapes","floor":48,"turns":2},{"damage":32,"enemies":"Awakened One","floor":50,"turns":6},{"damage":0,"enemies":"Shield and Spear","floor":54,"turns":3},{"damage":16,"enemies":"The Heart","floor":55,"turns":5}],"seed_played":"-1499317231883248738","potions_obtained":[{"floor":2,"key":"Dexterity Potion"},{"floor":2,"key":"PowerPotion"},{"floor":2,"key":"Explosive Potion"},{"floor":7,"key":"Regen Potion"},{"floor":11,"key":"SkillPotion"},{"floor":16,"key":"Fire Potion"},{"floor":18,"key":"FairyPotion"},{"floor":20,"key":"PowerPotion"},{"floor":21,"key":"EssenceOfSteel"},{"floor":33,"key":"PowerPotion"}],"is_trial":false,"path_per_floor":["M","?","M","M","?","R","E","?","T","R","M","R","E","$","R","B",null,"M","?","M","?","T","E","R","E","T","R","$","E","R","M","R","B",null,"M","M","$","?","?","E","T","R","T","M","E","?","E","M","R","B",null,"R","$","E","B",null],"character_chosen":"IRONCLAD","items_purchased":["Shrug It Off","Dropkick","Potion Belt","Lantern","PowerPotion","Anchor","Bag of Marbles","Pantograph","Uppercut","Oddly Smooth Stone","Medical Kit"],"campfire_rested":1,"item_purchase_floors":[14,14,14,14,28,28,37,37,37,53,53],"current_hp_per_floor":[59,59,64,67,56,80,73,73,73,73,69,69,61,61,61,23,82,84,84,84,81,81,83,83,88,88,88,88,88,88,90,90,85,90,90,92,92,92,87,89,89,89,89,89,91,93,93,95,95,69,95,95,95,95,85],"gold":44,"neow_bonus":"TWO_FIFTY_GOLD","is_prod":false,"is_daily":false,"chose_seed":false,"campfire_upgraded":6,"win_rate":0,"timestamp":1541633990,"path_taken":["M","?","?","M","?","R","E","?","T","R","M","R","E","$","R","BOSS","M","?","?","?","?","E","R","E","T","R","$","E","R","M","R","BOSS","M","M","$","?","?","E","?","R","T","?","E","?","E","M","R","BOSS","R","$","E","BOSS"],"build_version":"2018-11-06","purchased_purges":2,"victory":true,"max_hp_per_floor":[80,80,80,80,80,80,80,80,80,80,80,80,82,82,82,82,82,84,84,84,86,86,88,88,90,90,90,90,90,90,90,90,90,90,90,92,92,92,87,89,89,89,89,89,91,93,93,95,95,95,95,95,95,95,95],"card_choices":[{"not_picked":["Wild Strike","Warcry"],"picked":"Iron Wave","floor":1},{"not_picked":["Warcry","Iron Wave"],"picked":"Carnage","floor":3},{"not_picked":["Heavy Blade","Anger"],"picked":"Uppercut","floor":4},{"not_picked":["Wild Strike","Heavy Blade"],"picked":"Bludgeon","floor":7},{"not_picked":["Flex","Heavy Blade"],"picked":"Whirlwind","floor":11},{"not_picked":["Clothesline","Heavy Blade","Cleave"],"picked":"Singing Bowl","floor":13},{"not_picked":["Berserk+1","Limit Break"],"picked":"Double Tap","floor":16},{"not_picked":["Reckless Charge","Spot Weakness+1","Clash"],"picked":"Singing Bowl","floor":18},{"not_picked":["Feel No Pain+1","Sword Boomerang"],"picked":"Disarm+1","floor":20},{"not_picked":["Iron Wave","Anger","True Grit"],"picked":"Singing Bowl","floor":21},{"not_picked":["Sentinel+1","Corruption+1","Exhume"],"picked":"Singing Bowl","floor":23},{"not_picked":["True Grit","Warcry","Fire Breathing+1"],"picked":"Singing Bowl","floor":25},{"not_picked":["Iron Wave","Inflame+1"],"picked":"Shockwave","floor":29},{"not_picked":["Hemokinesis","Body Slam"],"picked":"Dropkick+1","floor":31},{"not_picked":["Dark Embrace+1","Brutality+1"],"picked":"Limit Break","floor":33},{"not_picked":["Warcry","Shockwave+1"],"picked":"Heavy Blade","floor":35},{"not_picked":["Wild Strike","Pommel Strike","Twin Strike"],"picked":"Singing Bowl","floor":36},{"not_picked":["Thunderclap+1","Flex","Anger"],"picked":"Singing Bowl","floor":40},{"not_picked":["Pommel Strike+1","Wild Strike"],"picked":"True Grit+1","floor":44},{"not_picked":["Rampage","Cleave+1","Searing Blow"],"picked":"Singing Bowl","floor":45},{"not_picked":["Carnage+1","Whirlwind+1","Spot Weakness+1"],"picked":"Singing Bowl","floor":46},{"not_picked":["Feel No Pain+1","Exhume"],"picked":"Evolve+1","floor":47},{"not_picked":["Corruption+1","Twin Strike+1","Heavy Blade"],"picked":"Singing Bowl","floor":48},{"not_picked":["Combust+1","Battle Trance"],"picked":"Fiend Fire","floor":54}],"player_experience":3334610,"relics_obtained":[{"floor":7,"key":"Singing Bowl"},{"floor":9,"key":"The Courier"},{"floor":13,"key":"Frozen Egg 2"},{"floor":21,"key":"Girya"},{"floor":21,"key":"Dodecahedron"},{"floor":22,"key":"Kunai"},{"floor":23,"key":"Matryoshka"},{"floor":25,"key":"Pen Nib"},{"floor":26,"key":"Art of War"},{"floor":29,"key":"Regal Pillow"},{"floor":40,"key":"Champion Belt"},{"floor":41,"key":"Bronze Scales"},{"floor":41,"key":"Shuriken"},{"floor":43,"key":"Paper Frog"},{"floor":45,"key":"Ginger"},{"floor":46,"key":"Incense Burner"},{"floor":47,"key":"Boot"},{"floor":54,"key":"Nunchaku"}],"event_choices":[{"damage_healed":0,"gold_gain":0,"player_choice":"Bought 3 Potions","damage_taken":0,"max_hp_gain":0,"max_hp_loss":0,"event_name":"The Woman in Blue","floor":2,"gold_loss":0},{"damage_healed":0,"gold_gain":75,"player_choice":"Gather Gold","damage_taken":11,"max_hp_gain":0,"max_hp_loss":0,"event_name":"World of Goop","floor":5,"gold_loss":0},{"damage_healed":0,"gold_gain":51,"player_choice":"Gained Gold","damage_taken":0,"max_hp_gain":0,"max_hp_loss":0,"event_name":"Golden Wing","floor":8,"gold_loss":0},{"cards_removed":["Strike_R"],"damage_healed":0,"gold_gain":0,"player_choice":"Purged","damage_taken":0,"max_hp_gain":0,"max_hp_loss":0,"event_name":"Purifier","floor":19,"gold_loss":0},{"damage_healed":0,"gold_gain":0,"player_choice":"Fight","damage_taken":0,"max_hp_gain":0,"max_hp_loss":0,"event_name":"Colosseum","floor":21,"gold_loss":0},{"damage_healed":0,"gold_gain":0,"player_choice":"Fought Nobs","damage_taken":0,"max_hp_gain":0,"max_hp_loss":0,"event_name":"Colosseum","floor":21,"gold_loss":0},{"cards_removed":["Defend_R"],"damage_healed":0,"gold_gain":0,"player_choice":"Removed Skill","damage_taken":0,"max_hp_gain":0,"max_hp_loss":0,"event_name":"Falling","floor":38,"gold_loss":0},{"damage_healed":0,"gold_gain":0,"player_choice":"Max HP","damage_taken":0,"max_hp_gain":0,"max_hp_loss":5,"event_name":"Winding Halls","floor":39,"gold_loss":0},{"damage_healed":0,"gold_gain":0,"player_choice":"Fight","damage_taken":0,"max_hp_gain":0,"max_hp_loss":0,"event_name":"MindBloom","floor":46,"gold_loss":0}],"is_beta":true,"boss_relics":[{"not_picked":["Calling Bell","Empty Cage"],"picked":"Snecko Eye"},{"not_picked":["Fusion Hammer","Black Blood"],"picked":"Sozu"}],"items_purged_floors":[14,28],"is_endless":false,"potions_floor_spawned":[7,11,13,16,18,20,21,31,33,35,36,45,48,54],"ascension_level":1}