{"gold_per_floor":[110,130,130,130,130,165,165,198,198,198,198,123,123,123,123,243,243,258,70,70,84,84,118,118,133,133,148,23,23,42,82,82,212,212,225,75,93,93,108,144,158,174,199,199,199],"floor_reached":45,"playtime":2583,"items_purged":["Heavy Blade","Rampage","Metallicize","Rage"],"score":514,"play_id":"1c984b86-67f4-4c30-b6f2-c4c89683683f","local_time":"20190207231422","daily_mods":["Draft"],"is_ascension_mode":false,"campfire_choices":[{"data":"Uppercut","floor":7.0,"key":"SMITH"},{"data":"Combust","floor":11.0,"key":"SMITH"},{"data":"True Grit","floor":13.0,"key":"SMITH"},{"data":"True Grit","floor":15.0,"key":"SMITH"},{"data":"Sentinel","floor":24.0,"key":"SMITH"},{"data":"Purity","floor":32.0,"key":"SMITH"}],"neow_cost":"","seed_source_timestamp":0,"circlet_count":0,"master_deck":["True Grit+1","Combust+1","Seeing Red","Sentinel+1","Dropkick+1","Thunderclap","Uppercut+1","True Grit+1","Thunderclap+1","Rupture","Purity+1","Iron Wave","Dropkick+1","Evolve"],"special_seed":0,"relics":["Black Blood","Ginger","Omamori","Dodecahedron","Shuriken","Golden Idol","Runic Cube","Meat on the Bone","Bag of Preparation","Whetstone","Regal Pillow","Dream Catcher"],"potions_floor_usage":[],"damage_taken":[{"damage":2.0,"enemies":"Small Slimes","floor":1.0,"turns":3.0},{"damage":5.0,"enemies":"Jaw Worm","floor":2.0,"turns":3.0},{"damage":15.0,"enemies":"3 Sentries","floor":6.0,"turns":5.0},{"damage":21.0,"enemies":"Gremlin Nob","floor":8.0,"turns":4.0},{"damage":23.0,"enemies":"Slime Boss","floor":16.0,"turns":8.0},{"damage":14.0,"enemies":"2 Thieves","floor":18.0,"turns":3.0},{"damage":18.0,"enemies":"Shell Parasite","floor":21.0,"turns":6.0},{"damage":32.0,"enemies":"Gremlin Leader","floor":23.0,"turns":5.0},{"damage":6.0,"enemies":"Snecko","floor":25.0,"turns":5.0},{"damage":6.0,"enemies":"Chosen and Byrds","floor":27.0,"turns":3.0},{"damage":23.0,"enemies":"Shelled Parasite and Fungi","floor":30.0,"turns":3.0},{"damage":34.0,"enemies":"Slavers","floor":31.0,"turns":4.0},{"damage":19.0,"enemies":"Collector","floor":33.0,"turns":3.0},{"damage":20.0,"enemies":"3 Shapes","floor":35.0,"turns":2.0},{"damage":11.0,"enemies":"Orb Walker","floor":37.0,"turns":2.0},{"damage":35.0,"enemies":"4 Shapes","floor":39.0,"turns":3.0},{"damage":38.0,"enemies":"Reptomancer","floor":40.0,"turns":4.0},{"damage":37.0,"enemies":"Maw","floor":41.0,"turns":5.0},{"damage":13,"enemies":"Transient","floor":42,"turns":5},{"damage":65,"enemies":"Nemesis","floor":45,"turns":3}],"seed_played":"-3100773756370524489","potions_obtained":[{"floor":6.0,"key":"Swift Potion"},{"floor":18.0,"key":"Weak Potion"},{"floor":23.0,"key":"FearPotion"},{"floor":30.0,"key":"SkillPotion"},{"floor":33.0,"key":"PowerPotion"},{"floor":37.0,"key":"Ancient Potion"}],"is_trial":true,"path_per_floor":["M","M","?","?","?","E","R","E","T","?","R","$","R","?","R","B",null,"M","$","?","M","$","E","R","M","T","M","$","?","M","E","R","B",null,"M","$","M","?","M","E","M","M","T","?","E"],"character_chosen":"IRONCLAD","items_purchased":["Purity"],"campfire_rested":0,"item_purchase_floors":[19],"current_hp_per_floor":[80,80,73,73,66,57,57,42,42,47,47,47,47,47,47,30,79,71,71,71,59,59,33,33,45,45,57,57,79,62,46,46,45,79,69,69,68,68,55,39,24,33,33,33,0],"gold":199,"neow_bonus":"","is_prod":false,"is_daily":false,"chose_seed":false,"campfire_upgraded":6,"win_rate":0,"timestamp":1549610062,"path_taken":["M","M","?","?","?","E","R","E","T","?","R","$","R","?","R","BOSS","M","$","?","M","?","E","R","M","T","M","$","?","?","E","R","BOSS","M","$","M","?","?","E","M","M","T","?","E"],"build_version":"2019-01-23","purchased_purges":4,"victory":false,"max_hp_per_floor":[80,80,80,80,80,80,80,80,80,85,85,85,85,79,79,79,79,79,79,79,79,79,79,79,79,79,79,79,79,79,79,79,79,79,79,79,79,79,79,79,79,79,79,79,79],"card_choices":[{"not_picked":["Cleave","Pummel"],"picked":"True Grit","floor":0.0},{"not_picked":["Blood for Blood","Shrug It Off"],"picked":"Combust","floor":0.0},{"not_picked":["Anger","Sword Boomerang"],"picked":"Clothesline","floor":0.0},{"not_picked":["Blood for Blood","Havoc"],"picked":"Heavy Blade","floor":0.0},{"not_picked":["Wild Strike","Warcry"],"picked":"Seeing Red","floor":0.0},{"not_picked":["Seeing Red","Iron Wave"],"picked":"Rampage","floor":0.0},{"not_picked":["Iron Wave","Headbutt"],"picked":"Sentinel","floor":0.0},{"not_picked":["Iron Wave","Cleave"],"picked":"Dropkick","floor":0.0},{"not_picked":["Clash","Clothesline"],"picked":"Rage","floor":0.0},{"not_picked":["Battle Trance","Evolve"],"picked":"Thunderclap","floor":0.0},{"not_picked":["Pummel","Seeing Red"],"picked":"Metallicize","floor":0.0},{"not_picked":["Flex","Entrench"],"picked":"Twin Strike","floor":0.0},{"not_picked":["Wild Strike","Cleave"],"picked":"Uppercut","floor":0.0},{"not_picked":["Carnage","Clothesline"],"picked":"Iron Wave","floor":0.0},{"not_picked":["Battle Trance","Warcry"],"picked":"True Grit","floor":0.0},{"not_picked":["Headbutt","Hemokinesis"],"picked":"Thunderclap","floor":1.0},{"not_picked":["Second Wind","Shrug It Off","Anger"],"picked":"SKIP","floor":2.0},{"not_picked":["Searing Blow","Sever Soul","Flex"],"picked":"SKIP","floor":6.0},{"not_picked":["Iron Wave","Cleave","Thunderclap"],"picked":"SKIP","floor":8.0},{"not_picked":["Intimidate","Sever Soul"],"picked":"Rupture","floor":18.0},{"not_picked":["Clothesline","Blood for Blood+1","Cleave"],"picked":"SKIP","floor":21.0},{"not_picked":["Perfected Strike","Bloodletting"],"picked":"Dropkick","floor":23.0},{"not_picked":["Second Wind","Headbutt","Rupture"],"picked":"SKIP","floor":25.0},{"not_picked":["Anger+1","Reaper","Blood for Blood+1"],"picked":"SKIP","floor":27.0},{"not_picked":["Combust","Thunderclap","Wild Strike"],"picked":"SKIP","floor":30.0},{"not_picked":["Anger","Heavy Blade+1","Battle Trance+1"],"picked":"SKIP","floor":31.0},{"not_picked":["Pommel Strike","Whirlwind","Rage"],"picked":"SKIP","floor":35.0},{"not_picked":["Headbutt","Sword Boomerang+1","Clash"],"picked":"SKIP","floor":37.0},{"not_picked":["Ghostly Armor","Clash+1","Iron Wave+1"],"picked":"SKIP","floor":39.0},{"not_picked":["Rage+1","Berserk"],"picked":"Evolve","floor":40.0},{"not_picked":["Power Through+1","Flex+1","Havoc"],"picked":"SKIP","floor":41.0},{"not_picked":["Clothesline","Shrug It Off+1","Evolve+1"],"picked":"SKIP","floor":42}],"player_experience":124978,"relics_obtained":[{"floor":6.0,"key":"Omamori"},{"floor":8.0,"key":"Dodecahedron"},{"floor":9.0,"key":"Shuriken"},{"floor":23.0,"key":"Meat on the Bone"},{"floor":26.0,"key":"Bag of Preparation"},{"floor":31.0,"key":"Whetstone"},{"floor":40.0,"key":"Regal Pillow"},{"floor":43,"key":"Dream Catcher"}],"event_choices":[{"damage_healed":0.0,"max_hp_gain":0.0,"max_hp_loss":0.0,"gold_gain":0.0,"event_name":"Scrap Ooze","player_choice":"Success","floor":3.0,"gold_loss":0.0,"damage_taken":7.0,"relics_obtained":["Ginger"]},{"cards_removed":["Twin Strike"],"damage_healed":0.0,"max_hp_gain":0.0,"max_hp_loss":0.0,"gold_gain":0.0,"event_name":"Living Wall","player_choice":"Forget","floor":4.0,"gold_loss":0.0,"damage_taken":0.0},{"cards_removed":["Clothesline"],"damage_healed":0.0,"max_hp_gain":0.0,"max_hp_loss":0.0,"gold_gain":0.0,"event_name":"Golden Wing","player_choice":"Card Removal","floor":5.0,"gold_loss":0.0,"damage_taken":7.0},{"damage_healed":0.0,"max_hp_gain":5.0,"max_hp_loss":0.0,"gold_gain":0.0,"event_name":"Big Fish","player_choice":"Donut","floor":10.0,"gold_loss":0.0,"damage_taken":0.0},{"damage_healed":0.0,"max_hp_gain":0.0,"max_hp_loss":6.0,"gold_gain":0.0,"event_name":"Golden Idol","player_choice":"Lose Max HP","floor":14.0,"gold_loss":0.0,"damage_taken":0.0,"relics_obtained":["Golden Idol"]},{"cards_removed":["Iron Wave"],"damage_healed":0.0,"max_hp_gain":0.0,"max_hp_loss":0.0,"gold_gain":0.0,"event_name":"NoteForYourself","player_choice":"Took Card","floor":20.0,"gold_loss":0.0,"damage_taken":0.0,"cards_obtained":["Iron Wave"]},{"damage_healed":22.0,"max_hp_gain":0.0,"max_hp_loss":0.0,"gold_gain":0.0,"event_name":"Wheel of Change","player_choice":"Full Heal","floor":29.0,"gold_loss":0.0,"damage_taken":0.0},{"damage_healed":0.0,"max_hp_gain":0.0,"max_hp_loss":0.0,"gold_gain":0.0,"event_name":"Upgrade Shrine","player_choice":"Upgraded","floor":38.0,"gold_loss":0.0,"damage_taken":0.0,"cards_upgraded":["Dropkick"]},{"damage_healed":0,"gold_gain":0,"player_choice":"Ignored","damage_taken":0,"max_hp_gain":0,"max_hp_loss":0,"event_name":"Tomb of Lord Red Mask","floor":44,"gold_loss":0}],"is_beta":false,"boss_relics":[{"not_picked":["Velvet Choker","Cursed Key"],"picked":"Runic Cube"},{"not_picked":["Busted Crown","Tiny House"],"picked":"Black Blood"}],"items_purged_floors":[12,19,28,36],"is_endless":false,"potions_floor_spawned":[6,18,23,30,33,37],"killed_by":"Nemesis","ascension_level":0}