{"gold_per_floor":[109,109,128,143,143,143,178,193,220,220,220,232,291,309,309,385,385,397,397,427,427,185,213,213,240,290,306,306,325,336,362,362,436,436,448,464,464,201,215,215,250,250,250,282,516,548,560,599,611,623,635,647,659,33,60,60],"floor_reached":57,"playtime":2858,"items_purged":["Strike_R","Strike_R"],"score":2891,"play_id":"4a475dcf-189c-4ec1-9cc2-aa8312c6bbc2","local_time":"20190222164750","is_ascension_mode":true,"campfire_choices":[{"data":"Bash","floor":6.0,"key":"SMITH"},{"data":"True Grit","floor":11.0,"key":"SMITH"},{"data":"Uppercut","floor":15.0,"key":"SMITH"},{"floor":24.0,"key":"REST"},{"floor":28.0,"key":"REST"},{"data":"Blood for Blood","floor":32.0,"key":"SMITH"},{"data":"Double Tap","floor":40.0,"key":"SMITH"},{"data":"Immolate","floor":42.0,"key":"SMITH"},{"floor":47.0,"key":"RECALL"},{"data":"Seeing Red","floor":49.0,"key":"SMITH"},{"data":"True Grit","floor":53.0,"key":"SMITH"}],"neow_cost":"NONE","seed_source_timestamp":0,"circlet_count":0,"master_deck":["AscendersBane","Strike_R","Strike_R","Defend_R","Defend_R","Defend_R","Bash+1","True Grit+1","Shrug It Off","Carnage+1","Uppercut+1","Impervious","Blood for Blood+1","Anger","Immolate+1","Seeing Red+1","True Grit+1","Necronomicurse","Double Tap+1","Iron Wave","Offering","Intimidate","Reaper","Reaper","Flex","Battle Trance","Whirlwind","Limit Break","Limit Break","Inflame","Iron Wave"],"special_seed":0,"relics":["Burning Blood","Boot","Happy Flower","Ice Cream","Tiny Chest","Black Star","MutagenicStrength","Red Mask","Necronomicon","Bronze Scales","Bird Faced Urn","Dead Branch","Gremlin Horn","Strawberry","Ancient Tea Set","Letter Opener","Cursed Key","Omamori","Mercury Hourglass","Bottled Flame","MawBank","Pantograph","PreservedInsect","Thread and Needle","DollysMirror","Bag of Preparation","Orichalcum","Mango","Kunai"],"potions_floor_usage":[56,56],"damage_taken":[{"damage":3.0,"enemies":"2 Louse","floor":1.0,"turns":5.0},{"damage":1.0,"enemies":"Cultist","floor":3.0,"turns":4.0},{"damage":7.0,"enemies":"Jaw Worm","floor":4.0,"turns":4.0},{"damage":2.0,"enemies":"3 Sentries","floor":7.0,"turns":9.0},{"damage":0.0,"enemies":"Gremlin Gang","floor":8.0,"turns":5.0},{"damage":4.0,"enemies":"Looter","floor":12.0,"turns":3.0},{"damage":20.0,"enemies":"Gremlin Nob","floor":13.0,"turns":4.0},{"damage":5.0,"enemies":"3 Louse","floor":14.0,"turns":3.0},{"damage":35.0,"enemies":"Hexaghost","floor":16.0,"turns":9.0},{"damage":19.0,"enemies":"Shell Parasite","floor":18.0,"turns":3.0},{"damage":6.0,"enemies":"Masked Bandits","floor":20.0,"turns":3.0},{"damage":30.0,"enemies":"Slavers","floor":23.0,"turns":4.0},{"damage":44.0,"enemies":"Book of Stabbing","floor":25.0,"turns":4.0},{"damage":0.0,"enemies":"3 Byrds","floor":27.0,"turns":2.0},{"damage":6.0,"enemies":"Shelled Parasite and Fungi","floor":29.0,"turns":2.0},{"damage":3.0,"enemies":"Snake Plant","floor":30.0,"turns":2.0},{"damage":16.0,"enemies":"Gremlin Leader","floor":31.0,"turns":3.0},{"damage":3.0,"enemies":"Automaton","floor":33.0,"turns":6.0},{"damage":6.0,"enemies":"3 Darklings","floor":35.0,"turns":3.0},{"damage":1.0,"enemies":"Orb Walker","floor":36.0,"turns":2.0},{"damage":9.0,"enemies":"Transient","floor":39.0,"turns":6.0},{"damage":8.0,"enemies":"Reptomancer","floor":41.0,"turns":4.0},{"damage":27.0,"enemies":"Nemesis","floor":44.0,"turns":6.0},{"damage":19.0,"enemies":"Spire Growth","floor":46.0,"turns":3.0},{"damage":13.0,"enemies":"Giant Head","floor":48.0,"turns":3.0},{"damage":67.0,"enemies":"Donu and Deca","floor":50.0,"turns":6.0},{"damage":93.0,"enemies":"Awakened One","floor":51.0,"turns":9.0},{"damage":42.0,"enemies":"Shield and Spear","floor":55.0,"turns":3.0},{"damage":107,"enemies":"The Heart","floor":56,"turns":7}],"seed_played":"-7545330513786386921","potions_obtained":[{"floor":1.0,"key":"PowerPotion"},{"floor":7.0,"key":"Fire Potion"},{"floor":14.0,"key":"Fire Potion"},{"floor":20.0,"key":"Regen Potion"},{"floor":27.0,"key":"AttackPotion"},{"floor":31.0,"key":"Dexterity Potion"},{"floor":36.0,"key":"EntropicBrew"},{"floor":41.0,"key":"SteroidPotion"},{"floor":55.0,"key":"PowerPotion"}],"is_trial":false,"path_per_floor":["M","?","M","M","?","R","E","M","T","T","R","M","E","M","R","B",null,"M","?","?","?","$","E","R","E","T","M","R","M","M","E","R","B",null,"M","M","?","$","M","R","E","R","T","E","?","M","R","E","R","B","B",null,"R","$","E","B",null],"character_chosen":"IRONCLAD","items_purchased":["Double Tap","Omamori","DollysMirror","Inflame","Bag of Preparation","Orichalcum"],"campfire_rested":2,"item_purchase_floors":[22,38,54,54,54,54],"current_hp_per_floor":[78,78,82,81,81,81,82,82,82,82,82,82,68,69,69,40,72,59,59,59,38,38,26,50,12,19,25,51,53,56,46,46,65,83,89,89,89,89,89,89,87,87,87,89,89,89,89,89,89,51,8,69,69,69,71,36],"gold":60,"neow_bonus":"TEN_PERCENT_HP_BONUS","is_prod":false,"is_daily":false,"chose_seed":false,"campfire_upgraded":8,"win_rate":0,"timestamp":1550821670,"path_taken":["M","?","M","?","?","R","E","M","T","?","R","?","E","M","R","BOSS","M","?","?","?","$","E","R","E","T","M","R","M","M","E","R","BOSS","M","M","?","$","?","R","E","R","T","E","?","M","R","E","R","BOSS","BOSS","R","$","E","BOSS"],"build_version":"2019-01-23","purchased_purges":2,"victory":true,"max_hp_per_floor":[82,82,82,82,82,82,82,82,82,82,82,82,82,82,82,82,82,82,82,82,82,82,82,82,82,89,89,89,89,89,89,89,89,89,89,89,89,89,89,89,89,89,89,89,89,89,89,89,89,89,89,89,89,89,103,103],"card_choices":[{"not_picked":["Wild Strike","Anger"],"picked":"True Grit","floor":1.0},{"not_picked":["Clash","Rage"],"picked":"Shrug It Off","floor":3.0},{"not_picked":["Sword Boomerang","Iron Wave"],"picked":"Carnage","floor":4.0},{"not_picked":["Rage","Second Wind"],"picked":"Uppercut","floor":7.0},{"not_picked":["Havoc","Intimidate","Fire Breathing"],"picked":"SKIP","floor":8.0},{"not_picked":["Searing Blow","Body Slam"],"picked":"Impervious","floor":12.0},{"not_picked":["Wild Strike","Anger"],"picked":"Blood for Blood","floor":13.0},{"not_picked":["Armaments","Fire Breathing"],"picked":"Anger","floor":14.0},{"not_picked":["Dark Embrace","Exhume"],"picked":"Immolate","floor":16.0},{"not_picked":["Clash","Headbutt"],"picked":"Seeing Red","floor":18.0},{"not_picked":["Searing Blow","Heavy Blade"],"picked":"True Grit","floor":20.0},{"not_picked":["Rage","Second Wind+1"],"picked":"Iron Wave","floor":23.0},{"not_picked":["Warcry","Spot Weakness"],"picked":"Offering","floor":25.0},{"not_picked":["Heavy Blade","Sword Boomerang","Flex"],"picked":"SKIP","floor":27.0},{"not_picked":["Clash","Warcry","Body Slam"],"picked":"SKIP","floor":29.0},{"not_picked":["Twin Strike","Searing Blow"],"picked":"Intimidate","floor":30.0},{"not_picked":["Wild Strike","Sword Boomerang"],"picked":"Reaper","floor":31.0},{"not_picked":["Dark Embrace","Juggernaut"],"picked":"Reaper","floor":33.0},{"not_picked":["Wild Strike","Sword Boomerang"],"picked":"Flex","floor":35.0},{"not_picked":["Flex","Cleave"],"picked":"Battle Trance","floor":36.0},{"not_picked":["Wild Strike","Dual Wield","Pommel Strike"],"picked":"SKIP","floor":39.0},{"not_picked":["Second Wind","Flex","Armaments+1"],"picked":"SKIP","floor":41.0},{"not_picked":["Wild Strike+1","Sever Soul"],"picked":"Limit Break","floor":44.0},{"not_picked":["Headbutt","Fire Breathing","Hemokinesis"],"picked":"SKIP","floor":46.0},{"not_picked":["Cleave","Flex","Sword Boomerang+1"],"picked":"SKIP","floor":48.0},{"not_picked":["Wild Strike","Havoc"],"picked":"Iron Wave","floor":55.0}],"player_experience":1150696,"relics_obtained":[{"floor":7.0,"key":"Boot"},{"floor":9.0,"key":"Happy Flower"},{"floor":10.0,"key":"Ice Cream"},{"floor":13.0,"key":"Tiny Chest"},{"floor":20.0,"key":"Red Mask"},{"floor":21.0,"key":"Necronomicon"},{"floor":23.0,"key":"Bronze Scales"},{"floor":23.0,"key":"Bird Faced Urn"},{"floor":25.0,"key":"Dead Branch"},{"floor":25.0,"key":"Gremlin Horn"},{"floor":26.0,"key":"Strawberry"},{"floor":31.0,"key":"Ancient Tea Set"},{"floor":31.0,"key":"Letter Opener"},{"floor":41.0,"key":"Mercury Hourglass"},{"floor":41.0,"key":"Bottled Flame"},{"floor":44.0,"key":"MawBank"},{"floor":44.0,"key":"Pantograph"},{"floor":48.0,"key":"PreservedInsect"},{"floor":48.0,"key":"Thread and Needle"},{"floor":55.0,"key":"Mango"},{"floor":55.0,"key":"Kunai"}],"event_choices":[{"cards_removed":["Defend_R"],"damage_healed":0.0,"max_hp_gain":0.0,"max_hp_loss":0.0,"gold_gain":0.0,"event_name":"Purifier","player_choice":"Purged","floor":2.0,"gold_loss":0.0,"damage_taken":0.0},{"damage_healed":0.0,"max_hp_gain":0.0,"max_hp_loss":0.0,"gold_gain":0.0,"event_name":"Living Wall","player_choice":"Grow","floor":5.0,"gold_loss":0.0,"damage_taken":0.0,"cards_upgraded":["Carnage"]},{"damage_healed":0.0,"max_hp_gain":0.0,"max_hp_loss":0.0,"gold_gain":0.0,"event_name":"Drug Dealer","player_choice":"Inject Mutagens","floor":19.0,"gold_loss":0.0,"damage_taken":0.0,"relics_obtained":["MutagenicStrength"]},{"damage_healed":0.0,"max_hp_gain":0.0,"max_hp_loss":0.0,"gold_gain":0.0,"event_name":"Masked Bandits","player_choice":"Fought Bandits","floor":20.0,"gold_loss":0.0,"damage_taken":0.0},{"damage_healed":0.0,"max_hp_gain":0.0,"max_hp_loss":0.0,"gold_gain":0.0,"event_name":"Cursed Tome","player_choice":"Obtained Book","floor":21.0,"gold_loss":0.0,"damage_taken":21.0},{"damage_healed":0.0,"max_hp_gain":0.0,"max_hp_loss":0.0,"gold_gain":0.0,"cards_transformed":["Strike_R"],"event_name":"Transmorgrifier","player_choice":"Transformed","floor":37.0,"gold_loss":0.0,"damage_taken":0.0,"cards_obtained":["Whirlwind"]},{"damage_healed":0.0,"max_hp_gain":0.0,"max_hp_loss":0.0,"gold_gain":222.0,"event_name":"Tomb of Lord Red Mask","player_choice":"Wore Mask","floor":45.0,"gold_loss":0.0,"damage_taken":0.0}],"is_beta":false,"boss_relics":[{"not_picked":["Calling Bell","Fusion Hammer"],"picked":"Black Star"},{"not_picked":["Runic Cube","Orrery"],"picked":"Cursed Key"}],"items_purged_floors":[22,38],"is_endless":false,"potions_floor_spawned":[1,7,14,18,20,27,31,36,41,48,55],"ascension_level":20}