{"gold_per_floor":[115,129,204,174,193,220,230,249,249,249,249,278,278,278],"floor_reached":14,"playtime":340,"items_purged":[],"score":200,"play_id":"1a674e58-d116-4beb-a8c0-06d8190a6112","local_time":"20190210031212","is_ascension_mode":true,"campfire_choices":[{"floor":10.0,"key":"REST"}],"neow_cost":"NONE","seed_source_timestamp":1153064943068900,"circlet_count":0,"master_deck":["AscendersBane","Strike_B","Strike_B","Strike_B","Strike_B","Defend_B","Defend_B","Defend_B","Zap","Dualcast","Beam Cell","Meteor Strike","Beam Cell","Steam","Conserve Battery"],"special_seed":0,"relics":["Cracked Core","DataDisk","Pear","Mercury Hourglass"],"potions_floor_usage":[],"damage_taken":[{"damage":0.0,"enemies":"Cultist","floor":1.0,"turns":3.0},{"damage":0.0,"enemies":"Small Slimes","floor":2.0,"turns":2.0},{"damage":2.0,"enemies":"2 Louse","floor":5.0,"turns":3.0},{"damage":20.0,"enemies":"Lagavulin","floor":6.0,"turns":7.0},{"damage":12.0,"enemies":"Lots of Slimes","floor":7.0,"turns":4.0},{"damage":20.0,"enemies":"Large Slime","floor":8.0,"turns":5.0},{"damage":28.0,"enemies":"Gremlin Nob","floor":12.0,"turns":4.0},{"damage":0,"enemies":"Gremlin Gang","floor":14,"turns":1}],"seed_played":"5265276685400669339","potions_obtained":[{"floor":4.0,"key":"Dexterity Potion"},{"floor":4.0,"key":"SteroidPotion"},{"floor":7.0,"key":"LiquidBronze"},{"floor":12.0,"key":"FearPotion"}],"is_trial":false,"path_per_floor":["M","M","?","?","M","E","M","M","T","R","?","E","?","M"],"character_chosen":"DEFECT","items_purchased":[],"campfire_rested":1,"item_purchase_floors":[],"current_hp_per_floor":[64,64,53,53,51,41,29,9,9,33,33,5,5,5],"gold":278,"neow_bonus":"RANDOM_COMMON_RELIC","is_prod":false,"is_daily":false,"chose_seed":false,"campfire_upgraded":0,"win_rate":0,"timestamp":1549735932,"path_taken":["M","?","?","?","M","E","M","?","T","R","?","E","?","M"],"build_version":"2019-01-23","purchased_purges":0,"victory":false,"max_hp_per_floor":[71,71,71,71,71,81,81,81,81,81,81,81,81,81],"card_choices":[{"not_picked":["Compile Driver","Sweeping Beam"],"picked":"Beam Cell","floor":1.0},{"not_picked":["Scrape","Steam"],"picked":"Meteor Strike","floor":2.0},{"not_picked":["Turbo","Coolheaded","Streamline"],"picked":"SKIP","floor":5.0},{"not_picked":["Compile Driver","Chaos"],"picked":"Beam Cell","floor":6.0},{"not_picked":["Turbo","Tempest"],"picked":"Steam","floor":7.0},{"not_picked":["Hello World","Heatsinks"],"picked":"Conserve Battery","floor":8.0},{"not_picked":["Redo","Skim","Coolheaded"],"picked":"SKIP","floor":12.0}],"player_experience":1110630,"relics_obtained":[{"floor":6.0,"key":"Pear"},{"floor":12.0,"key":"Mercury Hourglass"}],"event_choices":[{"damage_healed":0.0,"max_hp_gain":0.0,"max_hp_loss":0.0,"gold_gain":75.0,"event_name":"World of Goop","player_choice":"Gather Gold","floor":3.0,"gold_loss":0.0,"damage_taken":11.0},{"damage_healed":0.0,"max_hp_gain":0.0,"max_hp_loss":0.0,"gold_gain":0.0,"event_name":"The Woman in Blue","player_choice":"Bought 2 Potions","floor":4.0,"gold_loss":0.0,"damage_taken":0.0},{"cards_removed":["Defend_B"],"damage_healed":0.0,"max_hp_gain":0.0,"max_hp_loss":0.0,"gold_gain":0.0,"event_name":"Living Wall","player_choice":"Forget","floor":11.0,"gold_loss":0.0,"damage_taken":0.0},{"damage_healed":0,"gold_gain":0,"player_choice":"Leave","damage_taken":0,"max_hp_gain":0,"max_hp_loss":0,"event_name":"FaceTrader","floor":13,"gold_loss":0}],"is_beta":false,"boss_relics":[],"items_purged_floors":[],"is_endless":false,"potions_floor_spawned":[7,12],"killed_by":"Gremlin Gang","ascension_level":20}