{"gold_per_floor":[114,125,200,150,75,102,102,127,127,138,138,138,153,171,171,269,269,280,379,426,94,94,121,121,121,198,123,123,154,154,174,174,270,270,283,301,301,316,333,363,106,106,106,120,120,120,154,173,173,173,173,173,10,10],"floor_reached":54,"playtime":2836,"items_purged":["Strike_R","Strike_R","Defend_R"],"score":829,"play_id":"fd7039c5-ea7f-4524-9770-3d3e3417f665","local_time":"20181231185856","is_ascension_mode":true,"campfire_choices":[{"data":"Rampage","floor":7,"key":"SMITH"},{"data":"Bash","floor":12,"key":"SMITH"},{"data":"Juggernaut","floor":15,"key":"SMITH"},{"data":"True Grit","floor":24,"key":"SMITH"},{"data":"Double Tap","floor":28,"key":"SMITH"},{"data":"Iron Wave","floor":32,"key":"SMITH"},{"floor":49,"key":"RECALL"},{"data":"True Grit","floor":52,"key":"SMITH"}],"neow_cost":"NONE","seed_source_timestamp":1321669846440290,"circlet_count":0,"master_deck":["Defend_R+1","Defend_R+1","Bash+1","Rampage+1","Thunderclap","Headbutt","Juggernaut+1","Double Tap+1","Armaments","Ghostly Armor","Iron Wave+1","True Grit+1","Clothesline","True Grit+1","Metallicize","Shrug It Off","Rampage+1","Evolve","Impatience"],"relics":["Burning Blood","War Paint","Blue Candle","Bronze Scales","Meat on the Bone","Busted Crown","Lantern","Torii","Pantograph","Prayer Wheel","MutagenicStrength","Sozu","Blood Vial","Strawberry","Bottled Lightning"],"potions_floor_usage":[6,16,18,23,33,33],"damage_taken":[{"damage":6,"enemies":"Cultist","floor":1,"turns":3},{"damage":0,"enemies":"Small Slimes","floor":2,"turns":3},{"damage":19,"enemies":"3 Sentries","floor":6,"turns":8},{"damage":34,"enemies":"Gremlin Nob","floor":8,"turns":5},{"damage":0,"enemies":"2 Louse","floor":10,"turns":2},{"damage":8,"enemies":"Lots of Slimes","floor":13,"turns":4},{"damage":2,"enemies":"Looter","floor":14,"turns":4},{"damage":39,"enemies":"The Guardian","floor":16,"turns":8},{"damage":10,"enemies":"2 Thieves","floor":18,"turns":3},{"damage":9,"enemies":"Book of Stabbing","floor":23,"turns":3},{"damage":8,"enemies":"Gremlin Leader","floor":29,"turns":7},{"damage":0,"enemies":"3 Byrds","floor":31,"turns":3},{"damage":54,"enemies":"Automaton","floor":33,"turns":7},{"damage":0,"enemies":"3 Darklings","floor":35,"turns":5},{"damage":1,"enemies":"3 Shapes","floor":36,"turns":4},{"damage":16,"enemies":"Writhing Mass","floor":38,"turns":5},{"damage":18,"enemies":"4 Shapes","floor":39,"turns":4},{"damage":37,"enemies":"Nemesis","floor":40,"turns":7},{"damage":16,"enemies":"3 Darklings","floor":44,"turns":7},{"damage":0,"enemies":"Giant Head","floor":47,"turns":6},{"damage":0,"enemies":"Jaw Worm Horde","floor":48,"turns":3},{"damage":56,"enemies":"Time Eater","floor":50,"turns":10},{"damage":101,"enemies":"Shield and Spear","floor":54,"turns":8}],"seed_played":"-8649098684408744238","potions_obtained":[{"floor":2,"key":"Energy Potion"},{"floor":10,"key":"Swift Potion"},{"floor":13,"key":"SteroidPotion"},{"floor":14,"key":"LiquidBronze"},{"floor":16,"key":"SkillPotion"},{"floor":18,"key":"EssenceOfSteel"},{"floor":31,"key":"Energy Potion"}],"is_trial":false,"path_per_floor":["M","M","?","?","$","E","R","E","T","M","?","R","M","M","R","B",null,"M","?","T","$","?","E","R","?","T","?","R","E","?","M","R","B",null,"M","M","?","M","M","E","$","?","T","M","?","?","E","M","R","B",null,"R","$","E"],"character_chosen":"IRONCLAD","items_purchased":["Ghostly Armor","Iron Wave","Lantern","Metallicize","Shrug It Off","Evolve","Impatience"],"campfire_rested":0,"item_purchase_floors":[21,21,21,41,41,53,53],"current_hp_per_floor":[80,80,69,69,69,56,56,28,28,46,46,46,56,60,60,39,80,76,76,76,76,76,73,73,73,73,73,73,71,71,77,77,44,80,80,80,76,66,54,35,35,35,42,46,46,46,54,62,62,45,83,83,83,0],"gold":10,"neow_bonus":"RANDOM_COMMON_RELIC","is_prod":false,"is_daily":false,"chose_seed":false,"campfire_upgraded":7,"win_rate":0,"timestamp":1546300736,"path_taken":["M","M","?","?","$","E","R","E","T","M","?","R","?","M","R","BOSS","M","?","?","$","?","E","R","?","T","?","R","E","?","M","R","BOSS","M","M","?","M","M","E","$","?","T","?","?","?","E","M","R","BOSS","R","$","E"],"build_version":"2018-12-25","purchased_purges":3,"victory":false,"max_hp_per_floor":[80,80,80,80,80,80,80,80,80,80,80,80,80,80,80,80,80,80,80,80,80,80,80,80,80,80,80,80,80,80,80,80,80,80,80,80,76,76,76,76,76,76,83,83,83,83,83,83,83,83,83,83,83,83],"card_choices":[{"not_picked":["Reckless Charge","Burning Pact"],"picked":"Twin Strike","floor":1},{"not_picked":["Second Wind","Evolve"],"picked":"Rampage","floor":2},{"not_picked":["Wild Strike","Warcry","Clothesline"],"picked":"SKIP","floor":6},{"not_picked":["Perfected Strike","Shockwave","Dual Wield"],"picked":"SKIP","floor":8},{"not_picked":["Iron Wave","Whirlwind"],"picked":"Thunderclap","floor":10},{"not_picked":["Heavy Blade","Havoc"],"picked":"Headbutt","floor":13},{"not_picked":["Anger","Hemokinesis"],"picked":"Juggernaut","floor":14},{"not_picked":["Barricade","Demon Form"],"picked":"Double Tap","floor":16},{"not_picked":[],"picked":"Armaments","floor":18},{"not_picked":["Anger"],"picked":"SKIP","floor":23},{"not_picked":["Warcry"],"picked":"SKIP","floor":29},{"not_picked":["Flex"],"picked":"SKIP","floor":31},{"not_picked":["Heavy Blade"],"picked":"SKIP","floor":31},{"not_picked":[],"picked":"Clothesline","floor":35},{"not_picked":["Whirlwind+1"],"picked":"SKIP","floor":35},{"not_picked":["Sever Soul"],"picked":"SKIP","floor":36},{"not_picked":["Combust"],"picked":"SKIP","floor":36},{"not_picked":[],"picked":"True Grit","floor":38},{"not_picked":["Seeing Red+1"],"picked":"SKIP","floor":38},{"not_picked":["Pummel+1"],"picked":"SKIP","floor":39},{"not_picked":["Thunderclap+1"],"picked":"SKIP","floor":39},{"not_picked":["Combust"],"picked":"SKIP","floor":40},{"not_picked":["Wild Strike"],"picked":"SKIP","floor":44},{"not_picked":["Pommel Strike"],"picked":"SKIP","floor":44},{"not_picked":[],"picked":"Rampage+1","floor":47},{"not_picked":["Combust"],"picked":"SKIP","floor":48},{"not_picked":["Havoc+1"],"picked":"SKIP","floor":48}],"player_experience":3942366,"relics_obtained":[{"floor":6,"key":"Blue Candle"},{"floor":8,"key":"Bronze Scales"},{"floor":9,"key":"Meat on the Bone"},{"floor":23,"key":"Torii"},{"floor":26,"key":"Pantograph"},{"floor":29,"key":"Prayer Wheel"},{"floor":40,"key":"Blood Vial"},{"floor":43,"key":"Strawberry"},{"floor":47,"key":"Bottled Lightning"}],"event_choices":[{"damage_healed":0,"gold_gain":75,"player_choice":"Gather Gold","damage_taken":11,"max_hp_gain":0,"max_hp_loss":0,"event_name":"World of Goop","floor":3,"gold_loss":0},{"cards_removed":["Strike_R"],"damage_healed":0,"gold_gain":0,"player_choice":"Card Removal","damage_taken":0,"max_hp_gain":0,"max_hp_loss":0,"event_name":"The Cleric","floor":4,"gold_loss":50},{"cards_removed":["Strike_R"],"damage_healed":0,"gold_gain":0,"player_choice":"Purged","damage_taken":0,"max_hp_gain":0,"max_hp_loss":0,"event_name":"Purifier","floor":11,"gold_loss":0},{"damage_healed":0,"gold_gain":99,"player_choice":"Stole From Cult","damage_taken":0,"max_hp_gain":0,"max_hp_loss":0,"event_name":"Nest","floor":19,"gold_loss":0},{"damage_healed":0,"gold_gain":0,"player_choice":"Read","damage_taken":0,"max_hp_gain":0,"max_hp_loss":0,"event_name":"The Library","floor":22,"gold_loss":0,"cards_obtained":["True Grit"]},{"cards_removed":["Strike_R"],"damage_healed":0,"gold_gain":0,"player_choice":"Elegance","damage_taken":0,"max_hp_gain":0,"max_hp_loss":0,"event_name":"Back to Basics","floor":25,"gold_loss":0},{"cards_removed":["Defend_R"],"damage_healed":0,"gold_gain":0,"player_choice":"Gave Gold","damage_taken":0,"max_hp_gain":0,"max_hp_loss":0,"event_name":"Beggar","floor":27,"gold_loss":75},{"damage_healed":0,"gold_gain":0,"player_choice":"Inject Mutagens","damage_taken":0,"relics_obtained":["MutagenicStrength"],"max_hp_gain":0,"max_hp_loss":0,"event_name":"Drug Dealer","floor":30,"gold_loss":0},{"damage_healed":0,"gold_gain":0,"player_choice":"Max HP","damage_taken":0,"max_hp_gain":0,"max_hp_loss":4,"event_name":"Winding Halls","floor":37,"gold_loss":0},{"cards_removed":["Twin Strike"],"damage_healed":0,"gold_gain":0,"player_choice":"Purged","damage_taken":0,"max_hp_gain":0,"max_hp_loss":0,"event_name":"Purifier","floor":42,"gold_loss":0},{"damage_healed":0,"gold_gain":0,"player_choice":"Ignored","damage_taken":0,"max_hp_gain":0,"max_hp_loss":0,"event_name":"Tomb of Lord Red Mask","floor":45,"gold_loss":0},{"damage_healed":0,"gold_gain":0,"player_choice":"Ignored","damage_taken":0,"max_hp_gain":0,"max_hp_loss":0,"event_name":"Mysterious Sphere","floor":46,"gold_loss":0}],"is_beta":true,"boss_relics":[{"not_picked":["Calling Bell","Orrery"],"picked":"Busted Crown"},{"not_picked":["Black Blood","Eternal Feather"],"picked":"Sozu"}],"items_purged_floors":[5,21,41],"is_endless":false,"potions_floor_spawned":[2,10,13,14,16,18,31,38,39,47,48],"killed_by":"Shield and Spear","ascension_level":1}