{"gold_per_floor":[320,320,495,495,506,532,532,550,550,550,153,164,196,207,207,312,312,324,324,111,124,124,124,153,170,170,189,114,145,145,159,159,261,261,278,49,49,0,0,0,26,44,44,77,77,128,155,155],"floor_reached":48,"playtime":3830,"items_purged":["Doubt","Strike_R+1"],"score":642,"play_id":"3fe45596-6dfc-44ba-bd42-0c826a981e53","local_time":"20190215030200","is_ascension_mode":true,"campfire_choices":[{"floor":7.0,"key":"REST"},{"data":"Double Tap","floor":15.0,"key":"SMITH"},{"data":"Metamorphosis","floor":23.0,"key":"SMITH"},{"data":"Pommel Strike","floor":32.0,"key":"SMITH"},{"data":"Battle Trance","floor":40.0,"key":"SMITH"}],"neow_cost":"NO_GOLD","seed_source_timestamp":0,"circlet_count":0,"master_deck":["Strike_R+1","Strike_R+1","Strike_R+1","Strike_R+1","Defend_R+1","Defend_R+1","Defend_R+1","Thunderclap","Warcry","Flex","Shrug It Off","Chrysalis","Pommel Strike+1","Warcry","Double Tap+1","Offering","Infernal Blade","Metamorphosis+1","Headbutt+1","Battle Trance+1","Warcry+1","Parasite"],"special_seed":0,"relics":["Burning Blood","Old Coin","Shuriken","Ornamental Fan","Letter Opener","Orichalcum","Smiling Mask","Busted Crown","Ice Cream","Anchor","Pear","Strawberry","Philosopher\u0027s Stone","Juzu Bracelet","Red Mask","The Courier","Nunchaku","Toxic Egg 2","Calipers","Darkstone Periapt"],"potions_floor_usage":[48],"damage_taken":[{"damage":1.0,"enemies":"Jaw Worm","floor":1.0,"turns":6.0},{"damage":10.0,"enemies":"Small Slimes","floor":5.0,"turns":3.0},{"damage":44.0,"enemies":"3 Sentries","floor":6.0,"turns":8.0},{"damage":0.0,"enemies":"2 Louse","floor":8.0,"turns":2.0},{"damage":20.0,"enemies":"Exordium Thugs","floor":12.0,"turns":4.0},{"damage":12.0,"enemies":"Gremlin Nob","floor":13.0,"turns":4.0},{"damage":2.0,"enemies":"Gremlin Gang","floor":14.0,"turns":4.0},{"damage":25.0,"enemies":"Hexaghost","floor":16.0,"turns":8.0},{"damage":1.0,"enemies":"Spheric Guardian","floor":18.0,"turns":3.0},{"damage":12.0,"enemies":"3 Byrds","floor":21.0,"turns":4.0},{"damage":36.0,"enemies":"Gremlin Leader","floor":24.0,"turns":4.0},{"damage":14.0,"enemies":"Centurion and Healer","floor":25.0,"turns":5.0},{"damage":0.0,"enemies":"Snake Plant","floor":27.0,"turns":3.0},{"damage":24.0,"enemies":"Book of Stabbing","floor":29.0,"turns":6.0},{"damage":0.0,"enemies":"Cultist and Chosen","floor":31.0,"turns":4.0},{"damage":24.0,"enemies":"Champ","floor":33.0,"turns":8.0},{"damage":2.0,"enemies":"3 Darklings","floor":35.0,"turns":5.0},{"damage":32.0,"enemies":"Giant Head","floor":41.0,"turns":7.0},{"damage":10.0,"enemies":"3 Shapes","floor":42.0,"turns":3.0},{"damage":10.0,"enemies":"Nemesis","floor":44.0,"turns":3.0},{"damage":16.0,"enemies":"2 Orb Walkers","floor":46.0,"turns":3.0},{"damage":43.0,"enemies":"Reptomancer","floor":47.0,"turns":6.0},{"damage":26,"enemies":"Writhing Mass","floor":48,"turns":4}],"seed_played":"8327836019447278597","potions_obtained":[{"floor":8.0,"key":"SkillPotion"},{"floor":12.0,"key":"Regen Potion"},{"floor":13.0,"key":"AttackPotion"},{"floor":18.0,"key":"EssenceOfSteel"},{"floor":25.0,"key":"BloodPotion"},{"floor":30.0,"key":"Ancient Potion"},{"floor":30.0,"key":"SneckoOil"},{"floor":30.0,"key":"Swift Potion"},{"floor":31.0,"key":"EssenceOfSteel"},{"floor":33.0,"key":"Weak Potion"},{"floor":41.0,"key":"Swift Potion"},{"floor":44.0,"key":"GamblersBrew"}],"is_trial":false,"path_per_floor":["M","?","?","?","M","E","R","M","T","T","$","M","E","M","R","B",null,"M","?","$","M","?","R","E","M","T","M","?","E","?","M","R","B",null,"M","$","?","?","$","R","E","M","T","E","?","?","E","M"],"character_chosen":"IRONCLAD","items_purchased":["Orichalcum","Chrysalis","Metamorphosis","Battle Trance","Juzu Bracelet"],"campfire_rested":1,"item_purchase_floors":[11,11,20,36,36],"current_hp_per_floor":[80,64,64,64,60,22,46,52,52,52,52,38,32,36,36,32,80,80,80,80,74,74,74,44,36,46,52,52,50,50,56,56,38,97,97,97,97,97,97,97,71,67,67,63,63,53,16,0],"gold":155,"neow_bonus":"ONE_RARE_RELIC","is_prod":false,"is_daily":false,"chose_seed":false,"campfire_upgraded":4,"win_rate":0,"timestamp":1550221320,"path_taken":["M","?","?","?","?","E","R","?","T","?","$","M","E","M","R","BOSS","M","?","$","M","?","R","E","M","T","M","?","E","?","M","R","BOSS","M","$","?","?","$","R","E","M","T","E","?","?","E","M"],"build_version":"2019-01-23","purchased_purges":2,"victory":false,"max_hp_per_floor":[80,80,80,80,80,80,80,80,80,80,80,80,80,80,80,80,80,80,80,80,80,80,80,80,80,90,90,90,97,97,97,97,97,97,97,97,97,97,97,97,97,97,97,97,92,92,92,98],"card_choices":[{"not_picked":["Cleave","Twin Strike"],"picked":"Thunderclap","floor":1.0},{"not_picked":["Sword Boomerang","Bloodletting"],"picked":"Flex","floor":5.0},{"not_picked":["Body Slam","Barricade","Power Through"],"picked":"SKIP","floor":6.0},{"not_picked":["Twin Strike","Sword Boomerang"],"picked":"Shrug It Off","floor":8.0},{"not_picked":["Body Slam","Shrug It Off"],"picked":"Pommel Strike","floor":12.0},{"not_picked":["Dropkick","Combust"],"picked":"Warcry","floor":13.0},{"not_picked":["Metallicize","Perfected Strike"],"picked":"Double Tap","floor":14.0},{"not_picked":["Exhume","Bludgeon"],"picked":"Offering","floor":16.0},{"not_picked":[],"picked":"Infernal Blade","floor":18.0},{"not_picked":["Rampage+1"],"picked":"SKIP","floor":21.0},{"not_picked":["Reckless Charge"],"picked":"SKIP","floor":24.0},{"not_picked":["Cleave"],"picked":"SKIP","floor":25.0},{"not_picked":["Cleave"],"picked":"SKIP","floor":27.0},{"not_picked":[],"picked":"Headbutt+1","floor":29.0},{"not_picked":["Perfected Strike+1"],"picked":"SKIP","floor":31.0},{"not_picked":["Clash"],"picked":"SKIP","floor":35.0},{"not_picked":["Headbutt"],"picked":"SKIP","floor":41.0},{"not_picked":["Clothesline"],"picked":"SKIP","floor":42.0},{"not_picked":["Havoc+1"],"picked":"SKIP","floor":44.0},{"not_picked":[],"picked":"Warcry+1","floor":47.0}],"player_experience":317705,"relics_obtained":[{"floor":6.0,"key":"Shuriken"},{"floor":9.0,"key":"Ornamental Fan"},{"floor":10.0,"key":"Letter Opener"},{"floor":13.0,"key":"Smiling Mask"},{"floor":24.0,"key":"Anchor"},{"floor":26.0,"key":"Pear"},{"floor":29.0,"key":"Strawberry"},{"floor":41.0,"key":"The Courier"},{"floor":43.0,"key":"Nunchaku"},{"floor":44.0,"key":"Toxic Egg 2"},{"floor":46.0,"key":"Calipers"},{"floor":47.0,"key":"Darkstone Periapt"}],"event_choices":[{"damage_healed":0.0,"max_hp_gain":0.0,"max_hp_loss":0.0,"gold_gain":0.0,"event_name":"Shining Light","player_choice":"Entered Light","floor":2.0,"gold_loss":0.0,"damage_taken":16.0,"cards_upgraded":["Strike_R","Strike_R"]},{"damage_healed":0.0,"max_hp_gain":0.0,"max_hp_loss":0.0,"gold_gain":175.0,"event_name":"Liars Game","player_choice":"AGREE","floor":3.0,"gold_loss":0.0,"damage_taken":0.0,"cards_obtained":["Doubt"]},{"damage_healed":0.0,"max_hp_gain":0.0,"max_hp_loss":0.0,"gold_gain":0.0,"event_name":"Match and Keep!","player_choice":"1 cards matched","floor":4.0,"gold_loss":0.0,"damage_taken":0.0,"cards_obtained":["Warcry"]},{"damage_healed":0.0,"max_hp_gain":0.0,"max_hp_loss":0.0,"gold_gain":0.0,"event_name":"Back to Basics","player_choice":"Simplicity","floor":19.0,"gold_loss":0.0,"damage_taken":0.0,"cards_upgraded":["Strike_R","Strike_R","Strike_R","Defend_R","Defend_R","Defend_R","Defend_R"]},{"damage_healed":0.0,"max_hp_gain":0.0,"max_hp_loss":0.0,"gold_gain":0.0,"event_name":"The Mausoleum","player_choice":"Opened","floor":22.0,"gold_loss":0.0,"damage_taken":0.0,"relics_obtained":["Ice Cream"]},{"cards_removed":["Bash"],"damage_healed":0.0,"max_hp_gain":0.0,"max_hp_loss":0.0,"gold_gain":0.0,"event_name":"Beggar","player_choice":"Gave Gold","floor":28.0,"gold_loss":75.0,"damage_taken":0.0},{"damage_healed":0.0,"max_hp_gain":0.0,"max_hp_loss":0.0,"gold_gain":0.0,"event_name":"Lab","player_choice":"Got Potions","floor":30.0,"gold_loss":0.0,"damage_taken":0.0},{"cards_removed":["Defend_R"],"damage_healed":0.0,"max_hp_gain":0.0,"max_hp_loss":0.0,"gold_gain":0.0,"event_name":"Falling","player_choice":"Removed Skill","floor":37.0,"gold_loss":0.0,"damage_taken":0.0},{"damage_healed":0.0,"max_hp_gain":0.0,"max_hp_loss":0.0,"gold_gain":0.0,"event_name":"Tomb of Lord Red Mask","player_choice":"Paid","floor":38.0,"gold_loss":49.0,"damage_taken":0.0,"relics_obtained":["Red Mask"]},{"damage_healed":0.0,"max_hp_gain":0.0,"max_hp_loss":5.0,"gold_gain":0.0,"event_name":"Winding Halls","player_choice":"Max HP","floor":45.0,"gold_loss":0.0,"damage_taken":0.0},{"damage_healed":0.0,"max_hp_gain":0.0,"max_hp_loss":0.0,"gold_gain":0.0,"event_name":"Mysterious Sphere","player_choice":"Fight","floor":46.0,"gold_loss":0.0,"damage_taken":0.0}],"is_beta":false,"boss_relics":[{"not_picked":["Black Blood","Runic Dome"],"picked":"Busted Crown"},{"not_picked":["White Beast Statue","Fusion Hammer"],"picked":"Philosopher\u0027s Stone"}],"items_purged_floors":[11,20],"is_endless":false,"potions_floor_spawned":[8,12,13,18,25,31,33,41,44],"killed_by":"Writhing Mass","ascension_level":1}