{"gold_per_floor":[113,288,288,288,306,339,354,371,371,384,10,10,40,55,55,152,152,140,6,281,301,74,103,119,119,191,191,221,221,59,59,59,162,162,178,178,178,189,203,229,229,245,314,314,339,339,357,390,390,390,390,390,4,32,32],"floor_reached":56,"playtime":3821,"items_purged":["Doubt","Regret","Quick Slash"],"score":1541,"play_id":"740fb433-efa8-405c-84c6-f750afc2585b","local_time":"20190206021208","is_ascension_mode":true,"campfire_choices":[{"data":"Discovery","floor":15,"key":"SMITH"},{"data":"Mayhem","floor":27,"key":"SMITH"},{"floor":32,"key":"DIG"},{"data":"Mayhem","floor":41,"key":"SMITH"},{"data":"Mayhem","floor":44,"key":"SMITH"},{"floor":49,"key":"RECALL"},{"floor":52,"key":"DIG"}],"neow_cost":"NONE","seed_source_timestamp":4456582525226844,"circlet_count":0,"master_deck":["Defend_G","Defend_G","Defend_G","Survivor","Neutralize","Poisoned Stab","Deadly Poison","Cloak And Dagger","Cloak And Dagger","Malaise+1","Flying Knee","Discovery+1","Crippling Poison+1","Bullet Time","Dodge and Roll","Venomology","Backstab+1","Deadly Poison","Mayhem+1","Dagger Spray","Footwork+1","Leg Sweep","Catalyst","Bite","Bite","Bite","Bite","Bite","Die Die Die","Catalyst","Corpse Explosion","Masterful Stab+1","Mayhem+1","Mayhem+1","Finesse","Backflip","Deflect+1","Blur+1","Adrenaline","Sucker Punch","Cloak And Dagger","Deflect+1","Outmaneuver+1","Calculated Gamble+1","Apotheosis","Prepared","PiercingWail+1"],"relics":["Ring of the Snake","NeowsBlessing","StoneCalendar","FaceOfCleric","The Courier","Mango","Prayer Wheel","Calipers","Runic Dome","Membership Card","Shovel","Bottled Lightning","Thread and Needle","Paper Crane","War Paint","Ancient Tea Set","Runic Pyramid","Blue Candle","Centennial Puzzle","Pocketwatch","Kunai","Ice Cream","TwistedFunnel","Lantern"],"potions_floor_usage":[13,16,18,18,23,23,23,24,28,28,33,33,38,39,40,45,47,48,50,50,54,54,55,55],"damage_taken":[{"damage":0,"enemies":"Small Slimes","floor":1,"turns":1},{"damage":0,"enemies":"Jaw Worm","floor":5,"turns":1},{"damage":0,"enemies":"Lagavulin","floor":6,"turns":1},{"damage":0,"enemies":"2 Louse","floor":7,"turns":2},{"damage":0,"enemies":"Gremlin Gang","floor":8,"turns":6},{"damage":1,"enemies":"Exordium Thugs","floor":10,"turns":4},{"damage":17,"enemies":"Gremlin Nob","floor":13,"turns":4},{"damage":10,"enemies":"Looter","floor":14,"turns":3},{"damage":0,"enemies":"Hexaghost","floor":16,"turns":11},{"damage":6,"enemies":"2 Thieves","floor":18,"turns":4},{"damage":0,"enemies":"Shell Parasite","floor":21,"turns":7},{"damage":35,"enemies":"Slavers","floor":23,"turns":6},{"damage":6,"enemies":"Centurion and Healer","floor":24,"turns":7},{"damage":17,"enemies":"Gremlin Leader","floor":28,"turns":7},{"damage":0,"enemies":"Automaton","floor":33,"turns":10},{"damage":7,"enemies":"Orb Walker","floor":35,"turns":2},{"damage":14,"enemies":"3 Darklings","floor":38,"turns":4},{"damage":0,"enemies":"Transient","floor":39,"turns":5},{"damage":0,"enemies":"Nemesis","floor":40,"turns":7},{"damage":0,"enemies":"Jaw Worm Horde","floor":42,"turns":4},{"damage":0,"enemies":"Reptomancer","floor":45,"turns":6},{"damage":7,"enemies":"Spire Growth","floor":47,"turns":4},{"damage":4,"enemies":"Nemesis","floor":48,"turns":6},{"damage":35,"enemies":"Donu and Deca","floor":50,"turns":7},{"damage":45,"enemies":"Shield and Spear","floor":54,"turns":4},{"damage":10,"enemies":"The Heart","floor":55,"turns":10}],"seed_played":"3137841051055247708","potions_obtained":[{"floor":1,"key":"LiquidBronze"},{"floor":5,"key":"Weak Potion"},{"floor":10,"key":"Dexterity Potion"},{"floor":14,"key":"SpeedPotion"},{"floor":16,"key":"Dexterity Potion"},{"floor":21,"key":"Explosive Potion"},{"floor":28,"key":"AttackPotion"},{"floor":35,"key":"Energy Potion"},{"floor":40,"key":"Ancient Potion"},{"floor":54,"key":"Energy Potion"}],"is_trial":false,"path_per_floor":["M","?","T","?","M","E","M","M","T","M","$","?","E","M","R","B",null,"M","$","?","M","$","E","M","?","T","R","E","?","$","?","R","B",null,"M","?","?","M","M","E","R","M","T","R","E","?","M","E","R","B",null,"R","$","E","B",null],"character_chosen":"THE_SILENT","items_purchased":["Discovery","Prayer Wheel","Mayhem","Membership Card","Dagger Spray","Paper Crane","War Paint","Apotheosis","Ice Cream","TwistedFunnel","Regen Potion","Prepared"],"campfire_rested":0,"item_purchase_floors":[11,11,19,22,22,30,30,53,53,53,53,53],"current_hp_per_floor":[70,70,70,70,71,72,73,74,88,88,88,93,77,68,68,69,97,92,92,92,93,93,59,54,54,54,54,48,48,48,35,35,56,77,73,63,63,58,65,76,76,79,79,79,83,79,80,81,81,55,82,82,82,54,75],"gold":32,"neow_bonus":"THREE_ENEMY_KILL","is_prod":false,"is_daily":false,"chose_seed":false,"campfire_upgraded":4,"win_rate":0,"timestamp":1549437128,"path_taken":["M","?","?","?","?","E","M","M","T","M","$","?","E","M","R","BOSS","M","$","?","?","$","E","M","?","T","R","E","?","$","?","R","BOSS","M","?","?","?","M","E","R","M","T","R","E","?","M","E","R","BOSS","R","$","E","BOSS"],"build_version":"2019-01-23","purchased_purges":3,"victory":true,"max_hp_per_floor":[70,70,70,70,71,72,73,74,88,89,89,94,95,96,96,97,97,98,98,98,99,99,100,101,70,70,70,71,71,71,76,76,77,77,78,78,78,79,80,81,81,82,82,82,83,79,80,81,81,82,82,82,82,83,84],"card_choices":[{"not_picked":["Heel Hook","Quick Slash"],"picked":"Poisoned Stab","floor":1},{"not_picked":["Dagger Spray","Heel Hook"],"picked":"Deadly Poison","floor":5},{"not_picked":["Underhanded Strike","Heel Hook"],"picked":"Cloak And Dagger","floor":6},{"not_picked":["Infinite Blades","Prepared"],"picked":"Cloak And Dagger","floor":7},{"not_picked":["Quick Slash","Flechettes"],"picked":"Malaise","floor":8},{"not_picked":["Deflect","Bane"],"picked":"Flying Knee","floor":10},{"not_picked":["Flying Knee","Bane"],"picked":"Crippling Poison","floor":13},{"not_picked":["Dagger Throw","Dodge and Roll"],"picked":"Bullet Time","floor":14},{"not_picked":["Expertise","Reflex"],"picked":"Dodge and Roll","floor":14},{"not_picked":["Malaise","Bullet Time"],"picked":"Venomology","floor":16},{"not_picked":["Cloak And Dagger","All Out Attack"],"picked":"Backstab+1","floor":18},{"not_picked":["Flying Knee+1","Underhanded Strike+1"],"picked":"Deadly Poison","floor":18},{"not_picked":["Riddle With Holes","Bane","Tactician"],"picked":"SKIP","floor":21},{"not_picked":["Eviscerate","Outmaneuver+1","Underhanded Strike"],"picked":"SKIP","floor":21},{"not_picked":["Acrobatics","All Out Attack"],"picked":"Footwork+1","floor":23},{"not_picked":["Poisoned Stab","Terror"],"picked":"Leg Sweep","floor":24},{"not_picked":["Eviscerate","Acrobatics+1"],"picked":"Catalyst","floor":24},{"not_picked":["Cloak And Dagger+1","Caltrops"],"picked":"Die Die Die","floor":28},{"not_picked":["Unload","Wraith Form v2"],"picked":"Corpse Explosion","floor":33},{"not_picked":["Concentrate+1","Acrobatics"],"picked":"Masterful Stab+1","floor":35},{"not_picked":["Concentrate+1","Slice","Flying Knee+1"],"picked":"SKIP","floor":35},{"not_picked":["Trip","Purity"],"picked":"Mayhem","floor":36},{"not_picked":["Trip","Panache"],"picked":"Mayhem","floor":36},{"not_picked":["Secret Weapon","Enlightenment"],"picked":"Finesse","floor":36},{"not_picked":["Escape Plan","Infinite Blades+1"],"picked":"Backflip","floor":38},{"not_picked":["Bane+1","Predator+1"],"picked":"Deflect+1","floor":38},{"not_picked":["Cloak And Dagger+1","Escape Plan+1"],"picked":"Blur+1","floor":39},{"not_picked":["Accuracy+1","Endless Agony","Setup"],"picked":"SKIP","floor":39},{"not_picked":["Dagger Spray","Flechettes","Caltrops"],"picked":"SKIP","floor":40},{"not_picked":["Deadly Poison","Setup+1"],"picked":"Adrenaline","floor":42},{"not_picked":["Outmaneuver","Eviscerate+1"],"picked":"Sucker Punch","floor":42},{"not_picked":["Cloak And Dagger","Eviscerate","All Out Attack"],"picked":"SKIP","floor":45},{"not_picked":["Eviscerate","All Out Attack"],"picked":"Cloak And Dagger","floor":45},{"not_picked":["Slice","Cloak And Dagger+1"],"picked":"Deflect+1","floor":47},{"not_picked":["Cloak And Dagger","Dagger Throw+1"],"picked":"Outmaneuver+1","floor":47},{"not_picked":["Wraith Form v2","Terror"],"picked":"Calculated Gamble+1","floor":48},{"not_picked":["Underhanded Strike","Deadly Poison+1"],"picked":"PiercingWail+1","floor":54}],"player_experience":4380048,"relics_obtained":[{"floor":3,"key":"StoneCalendar"},{"floor":6,"key":"The Courier"},{"floor":9,"key":"Mango"},{"floor":13,"key":"Calipers"},{"floor":23,"key":"Shovel"},{"floor":26,"key":"Bottled Lightning"},{"floor":28,"key":"Thread and Needle"},{"floor":32,"key":"Ancient Tea Set"},{"floor":40,"key":"Blue Candle"},{"floor":45,"key":"Centennial Puzzle"},{"floor":48,"key":"Pocketwatch"},{"floor":52,"key":"Kunai"},{"floor":54,"key":"Lantern"}],"event_choices":[{"damage_healed":0,"gold_gain":175,"player_choice":"AGREE","damage_taken":0,"max_hp_gain":0,"max_hp_loss":0,"event_name":"Liars Game","floor":2,"gold_loss":0,"cards_obtained":["Doubt"]},{"damage_healed":0,"gold_gain":0,"player_choice":"Trade","damage_taken":0,"relics_obtained":["FaceOfCleric"],"max_hp_gain":0,"max_hp_loss":0,"event_name":"FaceTrader","floor":4,"gold_loss":0},{"damage_healed":0,"gold_gain":0,"player_choice":"Donut","damage_taken":0,"max_hp_gain":5,"max_hp_loss":0,"event_name":"Big Fish","floor":12,"gold_loss":0},{"damage_healed":0,"gold_gain":275,"player_choice":"Desecrate","damage_taken":0,"max_hp_gain":0,"max_hp_loss":0,"event_name":"Golden Shrine","floor":20,"gold_loss":0,"cards_obtained":["Regret"]},{"damage_healed":0,"gold_gain":0,"player_choice":"Became a vampire","damage_taken":0,"max_hp_gain":0,"max_hp_loss":31,"event_name":"Vampires","floor":25,"gold_loss":0,"cards_obtained":["Bite","Bite","Bite","Bite","Bite"]},{"damage_healed":0,"gold_gain":0,"cards_transformed":["Defend_G","Defend_G"],"player_choice":"Became Test Subject","damage_taken":0,"max_hp_gain":0,"max_hp_loss":0,"event_name":"Drug Dealer","floor":29,"gold_loss":0,"cards_obtained":["Catalyst","Quick Slash"]},{"damage_healed":0,"gold_gain":0,"player_choice":"Shed Blood","damage_taken":18,"max_hp_gain":5,"max_hp_loss":0,"event_name":"Forgotten Altar","floor":31,"gold_loss":0},{"damage_healed":0,"gold_gain":0,"player_choice":"Memory 3","damage_taken":10,"max_hp_gain":0,"max_hp_loss":0,"event_name":"SensoryStone","floor":36,"gold_loss":0},{"damage_healed":0,"gold_gain":0,"player_choice":"Ignored","damage_taken":0,"max_hp_gain":0,"max_hp_loss":0,"event_name":"NoteForYourself","floor":37,"gold_loss":0},{"damage_healed":0,"gold_gain":0,"player_choice":"Max HP","damage_taken":0,"max_hp_gain":0,"max_hp_loss":4,"event_name":"Winding Halls","floor":46,"gold_loss":0}],"is_beta":true,"boss_relics":[{"not_picked":["Calling Bell","Velvet Choker"],"picked":"Runic Dome"},{"not_picked":["WristBlade","Tiny House"],"picked":"Runic Pyramid"}],"items_purged_floors":[11,22,53],"is_endless":false,"potions_floor_spawned":[1,5,10,14,16,21,24,28,35,40,48,54],"ascension_level":1}