{"gold_per_floor":[12,187,207,221,237,269,269,269,321,354,354,354,389,37,37,163,163,188,201,217,17,31,66,66,81,81,81,31,44,78,78,78,206,206,231,256,281,306,325,356,356,397,443,457,457,473,504,19,19,19],"floor_reached":51,"playtime":4234,"items_purged":["Strike_G","Doubt","Shame","Eviscerate"],"score":1105,"play_id":"62215349-4721-4b92-9847-5770a8e27eb4","local_time":"20190213225034","is_ascension_mode":true,"campfire_choices":[{"data":"Noxious Fumes","floor":8,"key":"SMITH"},{"floor":12,"key":"REST"},{"data":"Backflip","floor":15,"key":"SMITH"},{"data":"Malaise","floor":24,"key":"SMITH"},{"floor":32,"key":"REST"},{"floor":49,"key":"REST"}],"neow_cost":"NO_GOLD","seed_source_timestamp":11771470715521,"circlet_count":0,"master_deck":["Defend_G","Defend_G","Defend_G","Strike_G+1","Survivor","Neutralize","Noxious Fumes+1","PiercingWail","Leg Sweep","Predator+1","PiercingWail","Dash","Sucker Punch","Well Laid Plans","Backflip","Backflip+1","Adrenaline","Malaise+1","Footwork","Escape Plan","Flying Knee+1","Adrenaline","Dodge and Roll","Catalyst","Footwork","Calculated Gamble+1","Noxious Fumes+1","Bane+1","Deadly Poison","Sucker Punch+1","Calculated Gamble+1","Finisher","Malaise","Endless Agony+1","Underhanded Strike+1","Riddle With Holes+1","Backflip+1","Deadly Poison","Blade Dance+1","Blade Dance+1","Blur+1","Adrenaline","Prepared+1","Deadly Poison+1","Well Laid Plans+1","Dodge and Roll+1","Burst+1","Flash of Steel","Well Laid Plans","Cloak And Dagger+1"],"relics":["Ring of the Snake","Prayer Wheel","Bottled Tornado","Golden Idol","Smiling Mask","Whetstone","Pen Nib","Lantern","Black Star","Vajra","Orichalcum","Thread and Needle","Tingsha","Blood Vial","Kunai","PreservedInsect","Astrolabe","Ginger","Regal Pillow","Ancient Tea Set","Pocketwatch","Toxic Egg 2","Darkstone Periapt","Ornamental Fan"],"potions_floor_usage":[5,6,10,10,16,19,23,30,33,37,44,50],"damage_taken":[{"damage":7,"enemies":"Jaw Worm","floor":1,"turns":4},{"damage":0,"enemies":"2 Louse","floor":3,"turns":4},{"damage":5,"enemies":"Small Slimes","floor":4,"turns":4},{"damage":15,"enemies":"Exordium Thugs","floor":5,"turns":7},{"damage":25,"enemies":"3 Sentries","floor":6,"turns":10},{"damage":5,"enemies":"Gremlin Nob","floor":10,"turns":4},{"damage":10,"enemies":"3 Sentries","floor":13,"turns":6},{"damage":9,"enemies":"Slime Boss","floor":16,"turns":10},{"damage":1,"enemies":"Spheric Guardian","floor":18,"turns":6},{"damage":6,"enemies":"2 Thieves","floor":19,"turns":5},{"damage":14,"enemies":"Centurion and Healer","floor":20,"turns":7},{"damage":1,"enemies":"3 Cultists","floor":22,"turns":6},{"damage":9,"enemies":"Slavers","floor":23,"turns":6},{"damage":6,"enemies":"Sentry and Sphere","floor":25,"turns":7},{"damage":4,"enemies":"Chosen and Byrds","floor":29,"turns":5},{"damage":0,"enemies":"Book of Stabbing","floor":30,"turns":6},{"damage":3,"enemies":"Automaton","floor":33,"turns":9},{"damage":0,"enemies":"Orb Walker","floor":35,"turns":4},{"damage":1,"enemies":"3 Darklings","floor":36,"turns":6},{"damage":0,"enemies":"Jaw Worm Horde","floor":37,"turns":4},{"damage":0,"enemies":"Sphere and 2 Shapes","floor":38,"turns":5},{"damage":8,"enemies":"3 Darklings","floor":39,"turns":5},{"damage":23,"enemies":"Nemesis","floor":40,"turns":7},{"damage":0,"enemies":"Reptomancer","floor":42,"turns":6},{"damage":0,"enemies":"Jaw Worm Horde","floor":44,"turns":5},{"damage":4,"enemies":"Sphere and 2 Shapes","floor":46,"turns":4},{"damage":5,"enemies":"Nemesis","floor":47,"turns":7},{"damage":36,"enemies":"Donu and Deca","floor":50,"turns":9}],"seed_played":"-1566523112528083267","potions_obtained":[{"floor":1,"key":"EntropicBrew"},{"floor":3,"key":"GhostInAJar"},{"floor":4,"key":"Poison Potion"},{"floor":5,"key":"FearPotion"},{"floor":16,"key":"Block Potion"},{"floor":23,"key":"FearPotion"},{"floor":25,"key":"Energy Potion"},{"floor":29,"key":"PowerPotion"},{"floor":30,"key":"Block Potion"},{"floor":39,"key":"Strength Potion"},{"floor":42,"key":"SkillPotion"},{"floor":46,"key":"SkillPotion"}],"is_trial":false,"path_per_floor":["M","?","M","M","M","E","?","R","T","E","?","R","E","$","R","B",null,"M","M","M","$","M","E","R","M","T","?","$","M","E","?","R","B",null,"M","M","M","M","M","E","?","E","T","M","T","M","E","$","R","B",null],"character_chosen":"THE_SILENT","items_purchased":["Lantern","Adrenaline","Vajra","Ornamental Fan","Flash of Steel","Well Laid Plans","Cloak And Dagger+1"],"campfire_rested":3,"item_purchase_floors":[14,14,21,48,48,48,48],"current_hp_per_floor":[63,63,63,58,43,18,18,18,18,13,13,32,22,22,22,13,52,51,45,31,31,30,21,21,15,15,15,15,13,15,15,34,33,57,59,60,62,64,57,36,36,38,38,40,40,38,35,35,62,26],"gold":19,"neow_bonus":"ONE_RARE_RELIC","is_prod":false,"is_daily":false,"chose_seed":false,"campfire_upgraded":3,"win_rate":0,"timestamp":1550127034,"path_taken":["M","?","M","M","M","E","?","R","T","E","?","R","E","$","R","BOSS","M","M","M","$","M","E","R","M","T","?","$","M","E","?","R","BOSS","M","M","M","M","M","E","?","E","T","M","?","M","E","$","R","BOSS"],"build_version":"2019-01-23","purchased_purges":4,"victory":true,"max_hp_per_floor":[70,70,70,70,70,70,65,65,65,65,65,65,65,65,65,65,65,65,65,65,65,65,65,65,65,65,65,65,65,65,65,65,65,65,65,65,65,65,65,65,62,62,62,62,62,62,62,62,62,62],"card_choices":[{"not_picked":["Predator","Dagger Spray"],"picked":"Noxious Fumes","floor":1},{"not_picked":["Dodge and Roll","Backflip"],"picked":"PiercingWail","floor":1},{"not_picked":["Dodge and Roll","Slice"],"picked":"Leg Sweep","floor":3},{"not_picked":["Outmaneuver","Backflip"],"picked":"Predator","floor":3},{"not_picked":["Deflect","Eviscerate"],"picked":"PiercingWail","floor":4},{"not_picked":["Predator","Acrobatics"],"picked":"Dash","floor":4},{"not_picked":["Cloak And Dagger","PiercingWail"],"picked":"Sucker Punch","floor":5},{"not_picked":["Outmaneuver","Poisoned Stab","Deflect"],"picked":"SKIP","floor":5},{"not_picked":["PiercingWail","Flying Knee"],"picked":"Well Laid Plans","floor":6},{"not_picked":["Prepared","Dodge and Roll"],"picked":"Backflip","floor":10},{"not_picked":["Blade Dance","Terror"],"picked":"Backflip","floor":13},{"not_picked":["Adrenaline","Glass Knife"],"picked":"Malaise","floor":16},{"not_picked":["Choke","Slice"],"picked":"Footwork","floor":18},{"not_picked":["Distraction","Concentrate+1"],"picked":"Escape Plan","floor":18},{"not_picked":["PiercingWail","Dash"],"picked":"Flying Knee+1","floor":19},{"not_picked":["Deadly Poison","Blade Dance+1"],"picked":"Adrenaline","floor":19},{"not_picked":["Slice+1","Blade Dance"],"picked":"Dodge and Roll","floor":20},{"not_picked":["Masterful Stab","Outmaneuver","Caltrops"],"picked":"SKIP","floor":20},{"not_picked":["Slice+1","Dodge and Roll+1"],"picked":"Catalyst","floor":22},{"not_picked":["Flechettes","Dagger Throw+1"],"picked":"Footwork","floor":22},{"not_picked":["Reflex","Blade Dance"],"picked":"Calculated Gamble+1","floor":23},{"not_picked":["Dodge and Roll","Calculated Gamble"],"picked":"Noxious Fumes+1","floor":25},{"not_picked":["Dagger Throw","Predator"],"picked":"Bane+1","floor":25},{"not_picked":["Terror+1","Slice"],"picked":"Deadly Poison","floor":29},{"not_picked":["Predator","Quick Slash"],"picked":"Sucker Punch+1","floor":29},{"not_picked":["Eviscerate","Poisoned Stab+1"],"picked":"Calculated Gamble+1","floor":30},{"not_picked":["Glass Knife","Unload"],"picked":"Malaise","floor":33},{"not_picked":["Dodge and Roll","Crippling Poison"],"picked":"Backflip+1","floor":35},{"not_picked":["Cloak And Dagger","Underhanded Strike+1"],"picked":"Deadly Poison","floor":35},{"not_picked":["Deadly Poison","Tactician+1"],"picked":"Blade Dance+1","floor":36},{"not_picked":["Deadly Poison","Sucker Punch+1"],"picked":"Blade Dance+1","floor":36},{"not_picked":["Footwork","Underhanded Strike+1"],"picked":"Blur+1","floor":37},{"not_picked":["Dagger Throw","Heel Hook","Prepared"],"picked":"SKIP","floor":37},{"not_picked":["Dagger Throw","Flechettes"],"picked":"Adrenaline","floor":38},{"not_picked":["Setup+1","Slice","Deadly Poison"],"picked":"SKIP","floor":38},{"not_picked":["Accuracy","Distraction","Poisoned Stab"],"picked":"SKIP","floor":39},{"not_picked":["Flying Knee","Catalyst","Predator"],"picked":"SKIP","floor":39},{"not_picked":["Venomology","Poisoned Stab"],"picked":"Prepared+1","floor":40},{"not_picked":["A Thousand Cuts","Quick Slash"],"picked":"Deadly Poison+1","floor":42},{"not_picked":["Backstab","Choke+1"],"picked":"Well Laid Plans+1","floor":44},{"not_picked":["Dagger Spray+1","Deflect","Backflip"],"picked":"SKIP","floor":44},{"not_picked":["Flying Knee","Masterful Stab+1"],"picked":"Dodge and Roll+1","floor":46},{"not_picked":["Dagger Throw","Backflip","Dodge and Roll+1"],"picked":"SKIP","floor":46},{"not_picked":["Malaise","Blur"],"picked":"Burst","floor":47}],"player_experience":144771,"relics_obtained":[{"floor":6,"key":"Bottled Tornado"},{"floor":9,"key":"Smiling Mask"},{"floor":10,"key":"Whetstone"},{"floor":13,"key":"Pen Nib"},{"floor":23,"key":"Orichalcum"},{"floor":23,"key":"Thread and Needle"},{"floor":26,"key":"Tingsha"},{"floor":30,"key":"Kunai"},{"floor":30,"key":"PreservedInsect"},{"floor":40,"key":"Ginger"},{"floor":40,"key":"Regal Pillow"},{"floor":42,"key":"Ancient Tea Set"},{"floor":42,"key":"Pocketwatch"},{"floor":47,"key":"Toxic Egg 2"},{"floor":47,"key":"Darkstone Periapt"}],"event_choices":[{"damage_healed":0,"gold_gain":175,"player_choice":"AGREE","damage_taken":0,"max_hp_gain":0,"max_hp_loss":0,"event_name":"Liars Game","floor":2,"gold_loss":0,"cards_obtained":["Doubt"]},{"damage_healed":0,"gold_gain":0,"player_choice":"Lose Max HP","damage_taken":0,"relics_obtained":["Golden Idol"],"max_hp_gain":0,"max_hp_loss":5,"event_name":"Golden Idol","floor":7,"gold_loss":0},{"damage_healed":0,"gold_gain":0,"player_choice":"Ignored","damage_taken":0,"max_hp_gain":0,"max_hp_loss":0,"event_name":"Shining Light","floor":11,"gold_loss":0},{"damage_healed":0,"gold_gain":0,"player_choice":"Stole Relic","damage_taken":0,"relics_obtained":["Blood Vial"],"max_hp_gain":0,"max_hp_loss":0,"event_name":"Addict","floor":27,"gold_loss":0,"cards_obtained":["Shame"]},{"damage_healed":0,"gold_gain":0,"cards_transformed":["Strike_G","Strike_G"],"player_choice":"Became Test Subject","damage_taken":0,"max_hp_gain":0,"max_hp_loss":0,"event_name":"Drug Dealer","floor":31,"gold_loss":0,"cards_obtained":["Eviscerate","Finisher"]},{"damage_healed":0,"gold_gain":0,"player_choice":"Max HP","damage_taken":0,"max_hp_gain":0,"max_hp_loss":3,"event_name":"Winding Halls","floor":41,"gold_loss":0}],"is_beta":false,"boss_relics":[{"not_picked":["Tiny House","Eternal Feather"],"picked":"Black Star"},{"not_picked":["Pandora\u0027s Box","Ring of the Serpent"],"picked":"Astrolabe"}],"items_purged_floors":[14,21,28,48],"is_endless":false,"potions_floor_spawned":[1,3,4,5,16,23,25,29,30,39,42,46],"ascension_level":5}