{"gold_per_floor":[115,190,365,365,379,379,379,400,423,446,467,467],"floor_reached":12,"playtime":259,"items_purged":[],"score":119,"play_id":"004e817e-0b0f-4367-b32c-679b506a84d2","local_time":"20181205145729","is_ascension_mode":true,"campfire_choices":[{"data":"Zap","floor":6,"key":"SMITH"}],"neow_cost":"NONE","seed_source_timestamp":121956696827148,"circlet_count":0,"master_deck":["AscendersBane","Strike_B","Strike_B","Strike_B","Strike_B","Defend_B","Defend_B","Defend_B","Defend_B","Zap+1","Dualcast","Seek+1","Beam Cell","Doubt","Loop","Defragment","Leap","Steam"],"relics":["Cracked Core","Golden Idol","Art of War"],"potions_floor_usage":[],"damage_taken":[{"damage":2,"enemies":"Jaw Worm","floor":1,"turns":3},{"damage":8,"enemies":"2 Louse","floor":5,"turns":3},{"damage":8,"enemies":"Small Slimes","floor":8,"turns":4},{"damage":9,"enemies":"Red Slaver","floor":10,"turns":4},{"damage":6,"enemies":"3 Louse","floor":11,"turns":2},{"damage":5,"enemies":"Lots of Slimes","floor":12,"turns":1}],"seed_played":"-2266625875710755161","potions_obtained":[{"floor":10,"key":"Strength Potion"}],"is_trial":false,"path_per_floor":["M","?","?","?","M","R","?","M","T","M","M","M"],"character_chosen":"DEFECT","items_purchased":[],"campfire_rested":0,"item_purchase_floors":[],"current_hp_per_floor":[62,51,51,34,26,26,26,18,18,9,3,0],"gold":467,"neow_bonus":"ONE_RANDOM_RARE_CARD","is_prod":false,"is_daily":false,"chose_seed":false,"campfire_upgraded":1,"win_rate":0,"timestamp":1543989449,"path_taken":["M","?","?","?","M","R","?","?","T","M","M","M"],"build_version":"2018-11-15","purchased_purges":0,"victory":false,"max_hp_per_floor":[71,71,71,71,71,71,71,71,71,71,71,71],"card_choices":[{"not_picked":["Gash","Recycle"],"picked":"Beam Cell","floor":1},{"not_picked":["Leap","Compile Driver"],"picked":"Loop","floor":5},{"not_picked":["Hologram","Loop"],"picked":"Defragment","floor":8},{"not_picked":["Stack","Sweeping Beam"],"picked":"Leap","floor":10},{"not_picked":["Coolheaded","Rebound"],"picked":"Steam","floor":11}],"player_experience":933778,"relics_obtained":[{"floor":9,"key":"Art of War"}],"event_choices":[{"damage_healed":0,"gold_gain":75,"player_choice":"Gather Gold","damage_taken":11,"max_hp_gain":0,"max_hp_loss":0,"event_name":"World of Goop","floor":2,"gold_loss":0},{"damage_healed":0,"gold_gain":175,"player_choice":"AGREE","damage_taken":0,"max_hp_gain":0,"max_hp_loss":0,"event_name":"Liars Game","floor":3,"gold_loss":0,"cards_obtained":["Doubt"]},{"damage_healed":0,"gold_gain":0,"player_choice":"Take Damage","damage_taken":17,"relics_obtained":["Golden Idol"],"max_hp_gain":0,"max_hp_loss":0,"event_name":"Golden Idol","floor":4,"gold_loss":0},{"damage_healed":0,"gold_gain":0,"player_choice":"Forge","damage_taken":0,"max_hp_gain":0,"max_hp_loss":0,"event_name":"Accursed Blacksmith","floor":7,"gold_loss":0,"cards_upgraded":["Seek"]}],"is_beta":false,"boss_relics":[],"items_purged_floors":[],"is_endless":false,"potions_floor_spawned":[10],"killed_by":"Lots of Slimes","ascension_level":14}