{"gold_per_floor":[114,114,289,308,308,308,341,360,360,395,95,95,131,154,154,282,282,295,318,318,593,146,173,173,201,227,227,239,258,278,312,312,416,416,430,448,448,473,573,604,142,177,225,49,49,49,64,64,64,64,64,64,19,51,51],"floor_reached":56,"playtime":3323,"items_purged":["Doubt","Regret","Strike_R","Strike_R"],"score":1487,"play_id":"ae728fd8-9bae-4531-9344-8e19fc768214","local_time":"20181108135859","is_ascension_mode":true,"campfire_choices":[{"data":"Inflame","floor":6,"key":"SMITH"},{"data":"Armaments","floor":12,"key":"SMITH"},{"data":"Anger","floor":15,"key":"SMITH"},{"data":"Bash","floor":24,"key":"SMITH"},{"data":"Feed","floor":32,"key":"SMITH"},{"data":"Headbutt","floor":46,"key":"SMITH"},{"floor":49,"key":"RECALL"},{"data":"Strike_R","floor":52,"key":"SMITH"}],"neow_cost":"TEN_PERCENT_HP_LOSS","seed_source_timestamp":1241639040518872,"circlet_count":0,"master_deck":["Strike_R+1","Defend_R+1","Defend_R+1","Defend_R+1","Bash+1","Anger+1","Inflame+1","Armaments+1","Headbutt+1","True Grit+1","Shrug It Off+1","Limit Break+1","Disarm+1","Limit Break+1","Shrug It Off+1","Bandage Up+1","Feed+1","Cleave+1","Warcry+1","Flex+1","Limit Break+1","Dual Wield+1","Shrug It Off+1","Master of Strategy+1","Brutality+1","Warcry+1","Burning Pact+1","Writhe","Shrug It Off+1","Warcry+1"],"relics":["Burning Blood","Bloody Idol","Champion Belt","Toxic Egg 2","Pocketwatch","ClockworkSouvenir","War Paint","Sozu","DollysMirror","Juzu Bracelet","Sundial","Anchor","Centennial Puzzle","Blood Vial","Runic Cube","Du-Vu Doll","Happy Flower","Oddly Smooth Stone","Strawberry","Ancient Tea Set","Lantern"],"potions_floor_usage":[7,13,55],"damage_taken":[{"damage":0,"enemies":"2 Louse","floor":1,"turns":3},{"damage":6,"enemies":"Jaw Worm","floor":4,"turns":3},{"damage":14,"enemies":"Gremlin Nob","floor":7,"turns":3},{"damage":2,"enemies":"Small Slimes","floor":8,"turns":4},{"damage":13,"enemies":"Lagavulin","floor":10,"turns":6},{"damage":17,"enemies":"3 Sentries","floor":13,"turns":8},{"damage":0,"enemies":"Gremlin Gang","floor":14,"turns":4},{"damage":0,"enemies":"Slime Boss","floor":16,"turns":5},{"damage":0,"enemies":"3 Byrds","floor":18,"turns":5},{"damage":2,"enemies":"Shell Parasite","floor":19,"turns":3},{"damage":10,"enemies":"Book of Stabbing","floor":23,"turns":6},{"damage":33,"enemies":"Slavers","floor":25,"turns":5},{"damage":7,"enemies":"3 Cultists","floor":28,"turns":5},{"damage":4,"enemies":"Snake Plant","floor":29,"turns":6},{"damage":0,"enemies":"Shelled Parasite and Fungi","floor":30,"turns":4},{"damage":7,"enemies":"Gremlin Leader","floor":31,"turns":6},{"damage":14,"enemies":"Champ","floor":33,"turns":5},{"damage":9,"enemies":"3 Darklings","floor":35,"turns":3},{"damage":5,"enemies":"3 Shapes","floor":36,"turns":3},{"damage":0,"enemies":"Mind Bloom Boss Battle","floor":39,"turns":5},{"damage":29,"enemies":"Reptomancer","floor":40,"turns":5},{"damage":11,"enemies":"Nemesis","floor":42,"turns":5},{"damage":5,"enemies":"Transient","floor":47,"turns":4},{"damage":13,"enemies":"Donu and Deca","floor":50,"turns":4},{"damage":9,"enemies":"Shield and Spear","floor":54,"turns":4},{"damage":75,"enemies":"The Heart","floor":55,"turns":7}],"seed_played":"2200824319120729415","potions_obtained":[{"floor":1,"key":"GamblersBrew"},{"floor":7,"key":"Swift Potion"},{"floor":8,"key":"FearPotion"},{"floor":14,"key":"Weak Potion"}],"is_trial":false,"path_per_floor":["M","?","?","M","?","R","E","M","T","E","$","R","E","M","R","B",null,"M","M","?","?","$","E","R","E","T","?","M","M","M","E","R","B",null,"M","M","?","T","?","E","$","E","T","$","?","R","M","?","R","B",null,"R","$","E","B",null],"character_chosen":"IRONCLAD","items_purchased":["True Grit+1","ClockworkSouvenir","DollysMirror","Juzu Bracelet","Master of Strategy+1","Oddly Smooth Stone","Warcry+1","Shrug It Off+1"],"campfire_rested":0,"item_purchase_floors":[11,11,22,22,41,41,44,53],"current_hp_per_floor":[72,65,65,65,65,65,57,61,61,54,54,54,43,49,49,55,67,67,67,67,67,67,67,67,45,50,50,63,73,76,80,80,84,84,88,92,92,92,96,84,84,103,107,107,107,107,111,111,111,114,115,115,115,119,56],"gold":51,"neow_bonus":"REMOVE_TWO","is_prod":false,"is_daily":false,"chose_seed":false,"campfire_upgraded":7,"win_rate":0,"timestamp":1541703539,"path_taken":["M","?","?","M","?","R","E","M","T","E","$","R","E","M","R","BOSS","M","M","?","?","$","E","R","E","T","?","M","M","M","E","R","BOSS","M","M","?","?","?","E","?","E","T","$","?","R","M","?","R","BOSS","R","$","E","BOSS"],"build_version":"2018-11-07","purchased_purges":4,"victory":true,"max_hp_per_floor":[72,72,72,72,67,67,67,67,67,67,67,67,67,67,67,67,67,67,67,67,67,67,67,67,67,67,67,70,73,76,80,80,84,84,88,92,92,92,96,96,96,107,107,107,107,107,111,111,111,115,115,115,115,119,119],"card_choices":[{"not_picked":["Rage","Intimidate"],"picked":"Anger","floor":1},{"not_picked":["Combust","Hemokinesis"],"picked":"Inflame","floor":4},{"not_picked":["Anger","Blood for Blood"],"picked":"Armaments","floor":7},{"not_picked":["Dropkick","Perfected Strike"],"picked":"Headbutt","floor":8},{"not_picked":["Dark Embrace","Armaments+1","Intimidate+1"],"picked":"SKIP","floor":10},{"not_picked":["Flex+1","Headbutt"],"picked":"Shrug It Off+1","floor":13},{"not_picked":["Sever Soul","Reckless Charge","Wild Strike"],"picked":"SKIP","floor":14},{"not_picked":["Reaper","Feed"],"picked":"Limit Break+1","floor":16},{"not_picked":["Dropkick","Blood for Blood","Carnage"],"picked":"SKIP","floor":18},{"not_picked":["Cleave+1","Shockwave+1"],"picked":"Disarm+1","floor":19},{"not_picked":["Heavy Blade","Dropkick","Carnage+1"],"picked":"SKIP","floor":23},{"not_picked":["Uppercut","Corruption+1"],"picked":"Shrug It Off+1","floor":25},{"not_picked":["Sword Boomerang","Disarm+1"],"picked":"Cleave+1","floor":28},{"not_picked":["Thunderclap","Anger"],"picked":"Warcry+1","floor":29},{"not_picked":["Iron Wave","Carnage","Disarm+1"],"picked":"SKIP","floor":30},{"not_picked":["Entrench+1","Flame Barrier+1"],"picked":"Flex+1","floor":31},{"not_picked":["Impervious+1","Exhume+1"],"picked":"Limit Break+1","floor":33},{"not_picked":["Seeing Red+1","Thunderclap"],"picked":"Dual Wield+1","floor":35},{"not_picked":["Corruption+1","Intimidate+1","Twin Strike+1"],"picked":"SKIP","floor":36},{"not_picked":["Rage+1","Headbutt+1"],"picked":"Shrug It Off+1","floor":39},{"not_picked":["Metallicize","Rage+1","Iron Wave"],"picked":"SKIP","floor":40},{"not_picked":["Ghostly Armor+1","Rage+1"],"picked":"Brutality","floor":42},{"not_picked":["Clash+1","Seeing Red+1"],"picked":"Burning Pact+1","floor":47},{"not_picked":["Demon Form","Clash"],"picked":"Warcry+1","floor":54}],"player_experience":3347549,"relics_obtained":[{"floor":7,"key":"Champion Belt"},{"floor":9,"key":"Toxic Egg 2"},{"floor":10,"key":"Pocketwatch"},{"floor":13,"key":"War Paint"},{"floor":23,"key":"Sundial"},{"floor":25,"key":"Anchor"},{"floor":26,"key":"Centennial Puzzle"},{"floor":31,"key":"Blood Vial"},{"floor":39,"key":"Du-Vu Doll"},{"floor":40,"key":"Happy Flower"},{"floor":42,"key":"Strawberry"},{"floor":43,"key":"Ancient Tea Set"},{"floor":54,"key":"Lantern"}],"event_choices":[{"cards_removed":["Strike_R"],"damage_healed":0,"gold_gain":0,"player_choice":"Card Removal","damage_taken":7,"max_hp_gain":0,"max_hp_loss":0,"event_name":"Golden Wing","floor":2,"gold_loss":0},{"damage_healed":0,"gold_gain":175,"player_choice":"AGREE","damage_taken":0,"max_hp_gain":0,"max_hp_loss":0,"event_name":"Liars Game","floor":3,"gold_loss":0,"cards_obtained":["Doubt"]},{"damage_healed":0,"gold_gain":0,"player_choice":"Lose Max HP","damage_taken":0,"relics_obtained":["Golden Idol"],"max_hp_gain":0,"max_hp_loss":5,"event_name":"Golden Idol","floor":5,"gold_loss":0},{"damage_healed":0,"gold_gain":0,"player_choice":"Gave Idol","damage_taken":0,"relics_obtained":["Bloody Idol"],"max_hp_gain":0,"max_hp_loss":0,"event_name":"Forgotten Altar","floor":20,"relics_lost":["Golden Idol"],"gold_loss":0},{"damage_healed":0,"gold_gain":275,"player_choice":"Desecrate","damage_taken":0,"max_hp_gain":0,"max_hp_loss":0,"event_name":"Golden Shrine","floor":21,"gold_loss":0,"cards_obtained":["Regret"]},{"damage_healed":0,"gold_gain":0,"player_choice":"2 cards matched","damage_taken":0,"max_hp_gain":0,"max_hp_loss":0,"event_name":"Match and Keep!","floor":27,"gold_loss":0,"cards_obtained":["Bandage Up","Feed"]},{"damage_healed":0,"gold_gain":0,"player_choice":"Upgraded","damage_taken":0,"max_hp_gain":0,"max_hp_loss":0,"event_name":"Upgrade Shrine","floor":37,"gold_loss":0,"cards_upgraded":["Defend_R"]},{"damage_healed":0,"gold_gain":0,"player_choice":"Fight","damage_taken":0,"max_hp_gain":0,"max_hp_loss":0,"event_name":"MindBloom","floor":39,"gold_loss":0},{"damage_healed":0,"gold_gain":0,"player_choice":"Forge","damage_taken":0,"max_hp_gain":0,"max_hp_loss":0,"event_name":"Accursed Blacksmith","floor":45,"gold_loss":0,"cards_upgraded":["Brutality"]},{"damage_healed":28,"gold_gain":0,"player_choice":"Writhe","damage_taken":0,"max_hp_gain":0,"max_hp_loss":0,"event_name":"Winding Halls","floor":48,"gold_loss":0,"cards_obtained":["Writhe"]}],"is_beta":true,"boss_relics":[{"not_picked":["White Beast Statue","Mark of Pain"],"picked":"Sozu"},{"not_picked":["Orrery","Black Blood"],"picked":"Runic Cube"}],"items_purged_floors":[11,22,41,44],"is_endless":false,"potions_floor_spawned":[1,7,8,14,19,25,33,39,42],"ascension_level":1}