{"gold_per_floor":[368,368,384,384,384,384,415,427,439,467,517,36,60,84,84,215,215,239,50,63,6,20,20,20,33,114,114,134,161,205,225,225,350,350,373,373,706,724,741,741,775,788,811,811,842,842,942,297,297,297,297,297,8,43,43],"floor_reached":55,"playtime":4853,"items_purged":["Doubt"],"score":817,"play_id":"1307691a-ea06-45a3-85b9-72a695c3e493","local_time":"20190202181839","is_ascension_mode":true,"campfire_choices":[{"data":"Crippling Poison","floor":6,"key":"SMITH"},{"floor":8,"key":"REST"},{"data":"Bouncing Flask","floor":15,"key":"SMITH"},{"data":"Apotheosis","floor":23,"key":"SMITH"},{"floor":27,"key":"REST"},{"data":"Tools of the Trade","floor":32,"key":"SMITH"},{"data":"Malaise","floor":40,"key":"SMITH"},{"floor":46,"key":"RECALL"},{"floor":49,"key":"REST"},{"data":"Neutralize","floor":52,"key":"SMITH"}],"neow_cost":"TEN_PERCENT_HP_LOSS","seed_source_timestamp":4168009818016573,"circlet_count":0,"master_deck":["Defend_G","Defend_G","Defend_G","Defend_G","Strike_G","Strike_G","Strike_G","Survivor","Neutralize+1","Backflip","Crippling Poison+1","Predator","Tools of the Trade+1","Well Laid Plans+1","Dagger Spray","Dash","Bouncing Flask+1","Malaise+1","Deflect+1","Apotheosis+1","Outmaneuver","Leg Sweep+1","Deflect","Poisoned Stab","Bane+1","Corpse Explosion+1","Dodge and Roll+1","Leg Sweep+1","Underhanded Strike+1","Wraith Form v2+1","Backflip+1","Poisoned Stab+1","Mayhem+1","Well Laid Plans+1","Sadistic Nature+1","Prepared+1"],"relics":["Ring of the Snake","MawBank","The Specimen","Frozen Egg 2","Empty Cage","Singing Bowl","Pear","Smiling Mask","Centennial Puzzle","Cursed Key","War Paint","Potion Belt","Ancient Tea Set","Du-Vu Doll","Lantern","Snake Skull","Pen Nib"],"potions_floor_usage":[14,16,16,20,25,33,35,41,41,45,54,55,55,55],"damage_taken":[{"damage":0,"enemies":"2 Louse","floor":1,"turns":4},{"damage":0,"enemies":"Cultist","floor":3,"turns":4},{"damage":51,"enemies":"Lagavulin","floor":7,"turns":11},{"damage":0,"enemies":"Small Slimes","floor":10,"turns":5},{"damage":19,"enemies":"3 Sentries","floor":11,"turns":8},{"damage":1,"enemies":"3 Louse","floor":13,"turns":3},{"damage":0,"enemies":"Large Slime","floor":14,"turns":6},{"damage":16,"enemies":"Slime Boss","floor":16,"turns":10},{"damage":5,"enemies":"Spheric Guardian","floor":18,"turns":5},{"damage":0,"enemies":"Chosen","floor":20,"turns":5},{"damage":8,"enemies":"Sentry and Sphere","floor":22,"turns":7},{"damage":4,"enemies":"3 Cultists","floor":25,"turns":6},{"damage":0,"enemies":"Snake Plant","floor":28,"turns":6},{"damage":8,"enemies":"Book of Stabbing","floor":30,"turns":7},{"damage":0,"enemies":"Centurion and Healer","floor":31,"turns":7},{"damage":18,"enemies":"Automaton","floor":33,"turns":16},{"damage":5,"enemies":"3 Shapes","floor":35,"turns":5},{"damage":5,"enemies":"3 Darklings","floor":38,"turns":3},{"damage":0,"enemies":"4 Shapes","floor":39,"turns":6},{"damage":7,"enemies":"Reptomancer","floor":41,"turns":5},{"damage":4,"enemies":"Writhing Mass","floor":42,"turns":7},{"damage":11,"enemies":"Giant Head","floor":45,"turns":12},{"damage":0,"enemies":"Mind Bloom Boss Battle","floor":47,"turns":6},{"damage":25,"enemies":"Donu and Deca","floor":50,"turns":12},{"damage":17,"enemies":"Shield and Spear","floor":54,"turns":11},{"damage":62,"enemies":"The Heart","floor":55,"turns":12}],"seed_played":"-7677973734114090472","potions_obtained":[{"floor":10,"key":"Ancient Potion"},{"floor":13,"key":"Poison Potion"},{"floor":14,"key":"SmokeBomb"},{"floor":16,"key":"SpeedPotion"},{"floor":18,"key":"Ancient Potion"},{"floor":22,"key":"Swift Potion"},{"floor":28,"key":"FearPotion"},{"floor":33,"key":"LiquidBronze"},{"floor":38,"key":"SteroidPotion"},{"floor":39,"key":"Energy Potion"},{"floor":41,"key":"Energy Potion"},{"floor":45,"key":"Strength Potion"}],"is_trial":false,"path_per_floor":["M","?","M","?","?","R","E","R","T","M","E","$","M","M","R","B",null,"M","$","M","?","M","R","?","M","T","R","M","T","E","M","R","B",null,"M","?","?","M","M","R","E","M","T","?","E","R","?","$","R","B",null,"R","$","E","B"],"character_chosen":"THE_SILENT","items_purchased":["Frozen Egg 2","Well Laid Plans+1","GhostInAJar","Regen Potion","Dagger Spray","Apotheosis","Lantern","Snake Skull","Mayhem+1","Well Laid Plans+1","Weak Potion","Sadistic Nature+1","SpeedPotion","Strength Potion"],"campfire_rested":3,"item_purchase_floors":[12,12,12,12,12,19,48,48,48,48,48,53,53,53],"current_hp_per_floor":[63,63,63,68,63,63,12,30,30,30,11,11,10,25,25,9,63,58,58,58,58,50,50,50,46,56,73,75,75,67,67,67,49,75,70,70,70,65,65,65,60,56,56,56,45,45,45,45,68,43,77,77,77,60,0],"gold":43,"neow_bonus":"TWO_FIFTY_GOLD","is_prod":false,"is_daily":false,"chose_seed":false,"campfire_upgraded":6,"win_rate":0,"timestamp":1549149519,"path_taken":["M","?","?","?","?","R","E","R","T","M","E","$","M","M","R","BOSS","M","$","M","?","?","R","?","M","T","R","M","?","E","M","R","BOSS","M","?","?","M","M","R","E","?","T","?","E","R","?","$","R","BOSS","R","$","E","BOSS"],"build_version":"2019-01-23","purchased_purges":1,"victory":false,"max_hp_per_floor":[63,63,63,68,63,63,63,63,63,63,63,63,63,63,63,63,63,63,63,63,63,63,63,63,63,73,73,75,75,75,75,75,75,75,75,75,75,75,75,75,77,77,77,77,77,77,77,77,77,77,77,77,77,77,77],"card_choices":[{"not_picked":["Slice","Deflect"],"picked":"Backflip","floor":1},{"not_picked":["Skewer","Blade Dance"],"picked":"Crippling Poison","floor":3},{"not_picked":["Deflect","Distraction"],"picked":"Predator","floor":7},{"not_picked":["Bane","Quick Slash"],"picked":"Tools of the Trade","floor":10},{"not_picked":["Acrobatics","Doppelganger","Terror"],"picked":"SKIP","floor":11},{"not_picked":["Catalyst","Setup"],"picked":"Dash","floor":13},{"not_picked":["All Out Attack","Quick Slash"],"picked":"Bouncing Flask","floor":14},{"not_picked":["Doppelganger","Venomology"],"picked":"Malaise","floor":16},{"not_picked":["Poisoned Stab","Outmaneuver+1"],"picked":"Deflect+1","floor":18},{"not_picked":["Distraction","Acrobatics"],"picked":"Outmaneuver","floor":20},{"not_picked":["Deflect","Skewer+1"],"picked":"Leg Sweep+1","floor":22},{"not_picked":["Cloak And Dagger","Slice+1"],"picked":"Deflect","floor":25},{"not_picked":["Bane","Dodge and Roll","Reflex"],"picked":"Singing Bowl","floor":28},{"not_picked":["Riddle With Holes","Phantasmal Killer"],"picked":"Poisoned Stab","floor":30},{"not_picked":["Backstab","Prepared+1"],"picked":"Bane+1","floor":31},{"not_picked":["Doppelganger","Venomology"],"picked":"Corpse Explosion","floor":33},{"not_picked":["Concentrate+1","Bane"],"picked":"Dodge and Roll+1","floor":35},{"not_picked":["Heel Hook+1","Underhanded Strike+1"],"picked":"Leg Sweep+1","floor":38},{"not_picked":["Prepared+1","Acrobatics+1"],"picked":"Underhanded Strike+1","floor":39},{"not_picked":["Sucker Punch+1","Blade Dance+1","Bane+1"],"picked":"Singing Bowl","floor":41},{"not_picked":["Cloak And Dagger+1","Blade Dance"],"picked":"Wraith Form v2+1","floor":42},{"not_picked":["Dodge and Roll+1","Deflect"],"picked":"Backflip+1","floor":45},{"not_picked":["Acrobatics","Quick Slash+1"],"picked":"Poisoned Stab+1","floor":47},{"not_picked":["Cloak And Dagger","Die Die Die"],"picked":"Prepared+1","floor":54}],"player_experience":4321856,"relics_obtained":[{"floor":7,"key":"MawBank"},{"floor":11,"key":"The Specimen"},{"floor":26,"key":"Pear"},{"floor":29,"key":"Smiling Mask"},{"floor":30,"key":"Centennial Puzzle"},{"floor":41,"key":"War Paint"},{"floor":43,"key":"Potion Belt"},{"floor":45,"key":"Ancient Tea Set"},{"floor":47,"key":"Du-Vu Doll"},{"floor":54,"key":"Pen Nib"}],"event_choices":[{"damage_healed":0,"gold_gain":0,"player_choice":"Ignored","damage_taken":0,"max_hp_gain":0,"max_hp_loss":0,"event_name":"NoteForYourself","floor":2,"gold_loss":0},{"damage_healed":0,"gold_gain":0,"player_choice":"Donut","damage_taken":0,"max_hp_gain":5,"max_hp_loss":0,"event_name":"Big Fish","floor":4,"gold_loss":0},{"damage_healed":0,"gold_gain":0,"player_choice":"Lose Max HP","damage_taken":0,"relics_obtained":["Golden Idol"],"max_hp_gain":0,"max_hp_loss":5,"event_name":"Golden Idol","floor":5,"gold_loss":0},{"damage_healed":0,"gold_gain":0,"player_choice":"Paid Gold","damage_taken":0,"relics_obtained":["Singing Bowl"],"max_hp_gain":0,"max_hp_loss":0,"event_name":"WeMeetAgain","floor":21,"gold_loss":57},{"damage_healed":0,"gold_gain":0,"player_choice":"Ignored","damage_taken":0,"max_hp_gain":0,"max_hp_loss":0,"event_name":"Beggar","floor":24,"gold_loss":0},{"damage_healed":0,"gold_gain":0,"player_choice":"Ignored","damage_taken":0,"max_hp_gain":0,"max_hp_loss":0,"event_name":"Tomb of Lord Red Mask","floor":36,"gold_loss":0},{"damage_healed":0,"gold_gain":333,"player_choice":"Gave Idol","damage_taken":0,"max_hp_gain":0,"max_hp_loss":0,"event_name":"The Moai Head","floor":37,"relics_lost":["Golden Idol"],"gold_loss":0},{"cards_removed":["Defend_G"],"damage_healed":0,"gold_gain":0,"player_choice":"Removed Skill","damage_taken":0,"max_hp_gain":0,"max_hp_loss":0,"event_name":"Falling","floor":44,"gold_loss":0},{"damage_healed":0,"gold_gain":0,"player_choice":"Fight","damage_taken":0,"max_hp_gain":0,"max_hp_loss":0,"event_name":"MindBloom","floor":47,"gold_loss":0}],"is_beta":true,"boss_relics":[{"not_picked":["Ring of the Serpent","Calling Bell"],"picked":"Empty Cage"},{"not_picked":["Lizard Tail","Busted Crown"],"picked":"Cursed Key"}],"items_purged_floors":[48],"is_endless":false,"potions_floor_spawned":[10,13,14,16,18,22,28,33,38,39,41,45],"killed_by":"The Heart","ascension_level":1}