{"gold_per_floor":[364,380,395,67,67,93,103,103,103,129,142,168,186,204,204,308,308,319,329,340,340,358,391,391,391],"floor_reached":25,"playtime":2290,"items_purged":[],"score":321,"play_id":"ffa80aad-2159-414a-95cc-2c659feeb394","local_time":"20190211221911","is_ascension_mode":true,"campfire_choices":[{"data":"Searing Blow","floor":8.0,"key":"SMITH"},{"floor":15,"key":"REST"},{"data":"Apotheosis","floor":24,"key":"SMITH"}],"neow_cost":"TEN_PERCENT_HP_LOSS","seed_source_timestamp":0,"circlet_count":0,"master_deck":["Defend_R","Defend_R","Defend_R","Defend_R","Bash","Power Through","Cleave","Cleave","Apotheosis+1","Demon Form","Bludgeon","Searing Blow+1","Inflame","Feel No Pain","Metallicize","Reaper","Sword Boomerang+1","Flex+1","Seeing Red","Bite","Bite","Bite","Bite","Bite","Shrug It Off","Reaper"],"special_seed":0,"relics":["Burning Blood","Paper Frog","Dodecahedron","Self Forming Clay","Boot","Coffee Dripper","Bag of Preparation"],"potions_floor_usage":[14,16,16,23,23,23],"damage_taken":[{"damage":15.0,"enemies":"Cultist","floor":1.0,"turns":5.0},{"damage":12.0,"enemies":"Jaw Worm","floor":2.0,"turns":3.0},{"damage":2.0,"enemies":"Small Slimes","floor":3.0,"turns":4.0},{"damage":32.0,"enemies":"3 Sentries","floor":6.0,"turns":5.0},{"damage":5.0,"enemies":"Blue Slaver","floor":7.0,"turns":5.0},{"damage":2.0,"enemies":"Lagavulin","floor":10.0,"turns":7.0},{"damage":5.0,"enemies":"2 Fungi Beasts","floor":11.0,"turns":3.0},{"damage":29.0,"enemies":"3 Sentries","floor":12.0,"turns":7.0},{"damage":11.0,"enemies":"Looter","floor":13.0,"turns":3.0},{"damage":0,"enemies":"Lots of Slimes","floor":14,"turns":1},{"damage":13,"enemies":"The Guardian","floor":16,"turns":8},{"damage":8,"enemies":"Spheric Guardian","floor":18,"turns":4},{"damage":17,"enemies":"2 Thieves","floor":19,"turns":5},{"damage":35,"enemies":"Shelled Parasite and Fungi","floor":20,"turns":4},{"damage":39,"enemies":"Chosen and Byrds","floor":22,"turns":7},{"damage":21,"enemies":"Gremlin Leader","floor":23,"turns":5},{"damage":40,"enemies":"Book of Stabbing","floor":25,"turns":4}],"seed_played":"-4050040309941501154","potions_obtained":[{"floor":2.0,"key":"LiquidBronze"},{"floor":7.0,"key":"SkillPotion"},{"floor":12.0,"key":"Explosive Potion"},{"floor":13.0,"key":"AttackPotion"},{"floor":14,"key":"Dexterity Potion"},{"floor":18,"key":"Energy Potion"},{"floor":20,"key":"Block Potion"},{"floor":22,"key":"GamblersBrew"}],"is_trial":false,"path_per_floor":["M","M","M","$","?","E","M","R","T","E","M","E","M","M","R","B",null,"M","M","M","?","M","E","R","E"],"character_chosen":"IRONCLAD","items_purchased":["Apotheosis","Demon Form"],"campfire_rested":1,"item_purchase_floors":[4,4],"current_hp_per_floor":[63,57,61,61,61,35,36,36,36,40,41,18,13,19,40,33,72,70,67,38,38,22,26,26,0],"gold":391,"neow_bonus":"TWO_FIFTY_GOLD","is_prod":false,"is_daily":false,"chose_seed":false,"campfire_upgraded":2,"win_rate":0,"timestamp":1549952351,"path_taken":["M","M","M","$","?","E","M","R","T","E","M","E","M","M","R","BOSS","M","M","M","?","M","E","R","E"],"build_version":"2019-01-23","purchased_purges":0,"victory":false,"max_hp_per_floor":[72,72,72,72,72,72,72,72,72,72,72,72,72,72,72,72,72,72,72,72,50,50,50,50,50],"card_choices":[{"not_picked":["Anger","Havoc"],"picked":"Power Through","floor":1.0},{"not_picked":["Iron Wave","Headbutt"],"picked":"Cleave","floor":2.0},{"not_picked":["Heavy Blade","Warcry"],"picked":"Cleave","floor":3.0},{"not_picked":["Pommel Strike","Brutality"],"picked":"Bludgeon","floor":6.0},{"not_picked":["Reckless Charge","Sword Boomerang"],"picked":"Searing Blow","floor":7.0},{"not_picked":["True Grit","Perfected Strike","Entrench"],"picked":"SKIP","floor":10.0},{"not_picked":["Heavy Blade","Armaments"],"picked":"Inflame","floor":11.0},{"not_picked":["Pommel Strike","Fiend Fire"],"picked":"Feel No Pain","floor":12.0},{"not_picked":["Thunderclap","Clash"],"picked":"Metallicize","floor":13.0},{"not_picked":["Clash","Uppercut","Rampage"],"picked":"SKIP","floor":14},{"not_picked":["Brutality","Demon Form"],"picked":"Reaper","floor":16},{"not_picked":["Perfected Strike","Armaments"],"picked":"Sword Boomerang+1","floor":18},{"not_picked":["Heavy Blade","True Grit"],"picked":"Flex+1","floor":19},{"not_picked":["Heavy Blade","Perfected Strike"],"picked":"Seeing Red","floor":20},{"not_picked":["Ghostly Armor","Pummel"],"picked":"Shrug It Off","floor":22},{"not_picked":["Armaments+1","Pommel Strike"],"picked":"Reaper","floor":23}],"player_experience":158812,"relics_obtained":[{"floor":6.0,"key":"Paper Frog"},{"floor":9.0,"key":"Dodecahedron"},{"floor":10.0,"key":"Self Forming Clay"},{"floor":12.0,"key":"Boot"},{"floor":23,"key":"Bag of Preparation"}],"event_choices":[{"damage_healed":0.0,"max_hp_gain":0.0,"max_hp_loss":0.0,"gold_gain":0.0,"event_name":"Liars Game","player_choice":"Ignored","floor":5.0,"gold_loss":0.0,"damage_taken":0.0},{"damage_healed":0,"gold_gain":0,"player_choice":"Became a vampire","damage_taken":0,"max_hp_gain":0,"max_hp_loss":22,"event_name":"Vampires","floor":21,"gold_loss":0,"cards_obtained":["Bite","Bite","Bite","Bite","Bite"]}],"is_beta":false,"boss_relics":[{"not_picked":["White Beast Statue","Orrery"],"picked":"Coffee Dripper"}],"items_purged_floors":[],"is_endless":false,"potions_floor_spawned":[2,7,12,13,14,18,20,22],"killed_by":"Book of Stabbing","ascension_level":4}