{"gold_per_floor":[112,112,123,133,145,173,189,224,251,284,284,301,301,301,301,404,404,418,333,231,245,262,262,4,34,57,57,57,89,89,121,121,121],"floor_reached":33,"playtime":3082,"items_purged":["Strike_R"],"score":364,"play_id":"ef9657f5-ee08-44c3-a9ab-0b99e18c665c","local_time":"20190201170055","is_ascension_mode":true,"campfire_choices":[{"floor":11.0,"key":"REST"},{"data":"Armaments","floor":15.0,"key":"SMITH"},{"data":"Heavy Blade","floor":23.0,"key":"SMITH"},{"floor":30.0,"key":"REST"},{"data":"Whirlwind","floor":32.0,"key":"SMITH"}],"neow_cost":"NONE","seed_source_timestamp":0,"circlet_count":0,"master_deck":["Strike_R","Strike_R","Strike_R","Defend_R","Defend_R","Defend_R+1","Defend_R","Bash+1","Armaments+1","Clothesline+1","Spot Weakness","Flex","Carnage","Flex+1","Heavy Blade+1","Disarm","Pummel","Feed","Shrug It Off","Flex","Whirlwind+1","Warcry+1"],"special_seed":0,"relics":["Burning Blood","Singing Bowl","WingedGreaves","Smiling Mask","Ancient Tea Set","Sozu","Omamori","Bottled Lightning","Juzu Bracelet","War Paint","Whetstone","Orichalcum"],"potions_floor_usage":[],"damage_taken":[{"damage":8.0,"enemies":"Jaw Worm","floor":1.0,"turns":3.0},{"damage":1.0,"enemies":"Cultist","floor":3.0,"turns":3.0},{"damage":0.0,"enemies":"2 Louse","floor":4.0,"turns":2.0},{"damage":22.0,"enemies":"Large Slime","floor":5.0,"turns":6.0},{"damage":27.0,"enemies":"3 Sentries","floor":6.0,"turns":7.0},{"damage":7.0,"enemies":"Blue Slaver","floor":7.0,"turns":2.0},{"damage":10.0,"enemies":"Gremlin Nob","floor":8.0,"turns":3.0},{"damage":19.0,"enemies":"3 Sentries","floor":10.0,"turns":6.0},{"damage":2.0,"enemies":"Looter","floor":12.0,"turns":2.0},{"damage":41.0,"enemies":"The Guardian","floor":16.0,"turns":9.0},{"damage":0.0,"enemies":"Chosen","floor":18.0,"turns":3.0},{"damage":29.0,"enemies":"3 Byrds","floor":21.0,"turns":6.0},{"damage":27.0,"enemies":"Sentry and Sphere","floor":22.0,"turns":4.0},{"damage":20.0,"enemies":"Slavers","floor":25.0,"turns":5.0},{"damage":19.0,"enemies":"Book of Stabbing","floor":29.0,"turns":4.0},{"damage":12.0,"enemies":"Gremlin Leader","floor":31.0,"turns":5.0},{"damage":68,"enemies":"Automaton","floor":33,"turns":6}],"seed_played":"9010631378622482742","potions_obtained":[{"floor":2.0,"key":"EntropicBrew"},{"floor":2.0,"key":"SpeedPotion"},{"floor":2.0,"key":"AttackPotion"},{"floor":3.0,"key":"EssenceOfSteel"},{"floor":5.0,"key":"Fire Potion"},{"floor":10.0,"key":"Ancient Potion"}],"is_trial":false,"path_per_floor":["M","?","M","M","M","E","M","E","T","E","R","M","?","?","R","B",null,"M","?","$","M","M","R","$","E","T","?","?","E","R","E","R","B"],"character_chosen":"IRONCLAD","items_purchased":["Flex","Bottled Lightning"],"campfire_rested":2,"item_purchase_floors":[20,24],"current_hp_per_floor":[78,78,80,80,64,43,42,38,38,27,51,55,55,48,48,13,82,85,85,85,68,49,49,49,40,40,40,40,29,59,53,53,0],"gold":121,"neow_bonus":"THREE_CARDS","is_prod":false,"is_daily":false,"chose_seed":false,"campfire_upgraded":3,"win_rate":0,"timestamp":1549062055,"path_taken":["M","?","M","M","?","E","M","E","T","E","R","?","?","?","R","BOSS","M","?","$","M","M","R","$","E","T","?","?","E","R","E","R","BOSS"],"build_version":"2018-11-15","purchased_purges":1,"victory":false,"max_hp_per_floor":[80,80,80,80,80,80,80,80,80,82,82,82,82,82,82,82,82,85,85,85,91,93,93,93,98,98,98,98,100,100,100,100,100],"card_choices":[{"not_picked":["Havoc","Anger"],"picked":"Armaments","floor":0.0},{"not_picked":["Body Slam","Armaments"],"picked":"Clothesline","floor":1.0},{"not_picked":["Burning Pact","Shockwave"],"picked":"Spot Weakness","floor":3.0},{"not_picked":["Body Slam","Twin Strike"],"picked":"Flex","floor":4.0},{"not_picked":["Wild Strike","Clash"],"picked":"Carnage","floor":5.0},{"not_picked":["Battle Trance","True Grit"],"picked":"Flex","floor":6.0},{"not_picked":["Iron Wave","Havoc"],"picked":"Heavy Blade","floor":7.0},{"not_picked":["True Grit","Hemokinesis"],"picked":"Disarm","floor":8.0},{"not_picked":["Sentinel","Feel No Pain","Bludgeon"],"picked":"Singing Bowl","floor":10.0},{"not_picked":["True Grit","Armaments"],"picked":"Pummel","floor":12.0},{"not_picked":["Demon Form","Berserk"],"picked":"Feed","floor":16.0},{"not_picked":["Iron Wave","Twin Strike"],"picked":"Shrug It Off","floor":18.0},{"not_picked":["Second Wind","Sword Boomerang","Heavy Blade"],"picked":"Singing Bowl","floor":21.0},{"not_picked":["Dual Wield","True Grit","Body Slam"],"picked":"Singing Bowl","floor":22.0},{"not_picked":["Pommel Strike","Combust","Flex"],"picked":"Singing Bowl","floor":25.0},{"not_picked":["Cleave","Power Through","Intimidate+1"],"picked":"Singing Bowl","floor":29.0},{"not_picked":["Brutality","Carnage+1"],"picked":"Warcry+1","floor":31.0}],"player_experience":311346,"relics_obtained":[{"floor":6.0,"key":"Singing Bowl"},{"floor":8.0,"key":"WingedGreaves"},{"floor":9.0,"key":"Smiling Mask"},{"floor":10.0,"key":"Ancient Tea Set"},{"floor":25.0,"key":"Juzu Bracelet"},{"floor":26.0,"key":"War Paint"},{"floor":29.0,"key":"Whetstone"},{"floor":31.0,"key":"Orichalcum"}],"event_choices":[{"damage_healed":0.0,"max_hp_gain":0.0,"max_hp_loss":0.0,"gold_gain":0.0,"event_name":"Lab","player_choice":"Got Potions","floor":2.0,"gold_loss":0.0,"damage_taken":0.0},{"damage_healed":0.0,"max_hp_gain":0.0,"max_hp_loss":0.0,"gold_gain":0.0,"event_name":"Liars Game","player_choice":"Ignored","floor":13.0,"gold_loss":0.0,"damage_taken":0.0},{"cards_removed":["Strike_R"],"damage_healed":0.0,"max_hp_gain":0.0,"max_hp_loss":0.0,"gold_gain":0.0,"event_name":"Golden Wing","player_choice":"Card Removal","floor":14.0,"gold_loss":0.0,"damage_taken":7.0},{"damage_healed":0.0,"max_hp_gain":0.0,"max_hp_loss":0.0,"gold_gain":0.0,"event_name":"Addict","player_choice":"Obtained Relic","floor":19.0,"gold_loss":85.0,"damage_taken":0.0,"relics_obtained":["Omamori"]},{"damage_healed":0.0,"max_hp_gain":0.0,"max_hp_loss":0.0,"gold_gain":0.0,"event_name":"Beggar","player_choice":"Ignored","floor":27.0,"gold_loss":0.0,"damage_taken":0.0},{"damage_healed":0.0,"max_hp_gain":0.0,"max_hp_loss":0.0,"gold_gain":0.0,"event_name":"The Library","player_choice":"Read","floor":28.0,"gold_loss":0.0,"damage_taken":0.0,"cards_obtained":["Whirlwind"]}],"is_beta":false,"boss_relics":[{"not_picked":["Black Star","Eternal Feather"],"picked":"Sozu"}],"items_purged_floors":[20],"is_endless":false,"potions_floor_spawned":[3,5,6,10,18,25,31],"killed_by":"Automaton","ascension_level":1}