{"gold_per_floor":[113,188,204,214,226,226,288,288,288,322,337,337,387,421,421,493,493,510,526,545,561,578,578,593,626,674,705,705,705,734,734,734,734],"floor_reached":33,"playtime":1019,"items_purged":[],"score":579,"play_id":"cc5a1809-d5f5-4675-bba8-2194ec3665da","local_time":"20190102165850","is_ascension_mode":true,"campfire_choices":[{"data":"Defragment","floor":6.0,"key":"SMITH"},{"floor":8.0,"key":"REST"},{"data":"Electrodynamics","floor":12.0,"key":"SMITH"},{"data":"Zap","floor":15.0,"key":"SMITH"},{"data":"Self Repair","floor":23.0,"key":"SMITH"},{"data":"Redo","floor":28.0,"key":"SMITH"},{"floor":32,"key":"REST"}],"neow_cost":"NONE","seed_source_timestamp":0,"circlet_count":0,"master_deck":["AscendersBane","Strike_B","Strike_B","Defend_B","Defend_B","Defend_B","Defend_B","Zap+1","Dualcast","Electrodynamics+1","Defragment+1","Stack","Redo+1","Rebound","Reinforced Body+1","Ball Lightning+1","Rainbow+1","Melter+1","Reboot+1","Self Repair+1","Conserve Battery+1","Auto Shields+1","Ball Lightning+1","Core Surge+1","Force Field+1","Steam+1","Conserve Battery+1","Redo+1","Writhe"],"special_seed":0,"relics":["Cracked Core","Toxic Egg 2","Meat on the Bone","Molten Egg 2","Potion Belt","Empty Cage","Turnip","Smiling Mask","Red Mask","MutagenicStrength","Orichalcum","Vajra"],"potions_floor_usage":[30,30,30],"damage_taken":[{"damage":0.0,"enemies":"2 Louse","floor":1.0,"turns":1.0},{"damage":0.0,"enemies":"Small Slimes","floor":3.0,"turns":2.0},{"damage":0.0,"enemies":"Cultist","floor":4.0,"turns":3.0},{"damage":7.0,"enemies":"Looter","floor":5.0,"turns":4.0},{"damage":32.0,"enemies":"Gremlin Nob","floor":7.0,"turns":4.0},{"damage":7.0,"enemies":"3 Sentries","floor":10.0,"turns":4.0},{"damage":10.0,"enemies":"3 Louse","floor":11.0,"turns":2.0},{"damage":2.0,"enemies":"Gremlin Nob","floor":14.0,"turns":3.0},{"damage":5.0,"enemies":"The Guardian","floor":16.0,"turns":7.0},{"damage":31.0,"enemies":"Shell Parasite","floor":18.0,"turns":4.0},{"damage":0.0,"enemies":"Spheric Guardian","floor":19.0,"turns":1.0},{"damage":19.0,"enemies":"Snecko","floor":20.0,"turns":5.0},{"damage":25.0,"enemies":"Snake Plant","floor":21.0,"turns":5.0},{"damage":0.0,"enemies":"3 Cultists","floor":22.0,"turns":3.0},{"damage":12.0,"enemies":"Snecko","floor":24.0,"turns":5.0},{"damage":27.0,"enemies":"Slavers","floor":25.0,"turns":3.0},{"damage":4.0,"enemies":"Masked Bandits","floor":27.0,"turns":2.0},{"damage":60,"enemies":"Book of Stabbing","floor":30,"turns":6},{"damage":80,"enemies":"Champ","floor":33,"turns":12}],"seed_played":"-4439691656214256391","potions_obtained":[{"floor":1.0,"key":"SneckoOil"},{"floor":7.0,"key":"SneckoOil"},{"floor":11.0,"key":"PowerPotion"},{"floor":16.0,"key":"SpeedPotion"},{"floor":20.0,"key":"Explosive Potion"},{"floor":21.0,"key":"Regen Potion"},{"floor":22.0,"key":"Swift Potion"},{"floor":25.0,"key":"Explosive Potion"},{"floor":27.0,"key":"Regen Potion"}],"is_trial":false,"path_per_floor":["M","?","M","M","M","R","?","R","T","E","M","R","?","E","R","B",null,"M","M","M","M","M","R","M","E","T","?","R","?","E","?","R","B"],"character_chosen":"DEFECT","items_purchased":[],"campfire_rested":2,"item_purchase_floors":[],"current_hp_per_floor":[64,53,53,53,46,46,14,35,35,40,42,42,42,40,40,47,65,46,46,46,40,40,40,50,35,35,43,43,43,45,45,66,0],"gold":734,"neow_bonus":"ONE_RANDOM_RARE_CARD","is_prod":false,"is_daily":false,"chose_seed":false,"campfire_upgraded":5,"win_rate":0,"timestamp":1546415930,"path_taken":["M","?","M","M","M","R","?","R","T","E","M","R","?","E","R","BOSS","M","?","M","M","M","R","M","E","T","?","R","?","E","?","R","BOSS"],"build_version":"2018-12-20","purchased_purges":0,"victory":false,"max_hp_per_floor":[71,71,71,71,71,71,71,71,71,71,71,71,71,71,71,71,71,71,71,71,71,71,71,71,71,71,71,71,71,71,71,71,71],"card_choices":[{"not_picked":["Turbo","Barrage"],"picked":"Defragment","floor":1.0},{"not_picked":["Sweeping Beam","Redo"],"picked":"Stack","floor":3.0},{"not_picked":["Leap","Tempest"],"picked":"Redo","floor":4.0},{"not_picked":["Barrage","Stack"],"picked":"Rebound","floor":5.0},{"not_picked":["Leap","Gash"],"picked":"Reinforced Body","floor":7.0},{"not_picked":["Sweeping Beam","Hologram+1"],"picked":"Ball Lightning","floor":10.0},{"not_picked":["Go for the Eyes+1","Conserve Battery+1"],"picked":"Rainbow+1","floor":11.0},{"not_picked":["Go for the Eyes+1","Gash+1"],"picked":"Melter+1","floor":14.0},{"not_picked":["Machine Learning","Hyperbeam+1"],"picked":"Reboot+1","floor":16.0},{"not_picked":["Coolheaded+1","Leap+1"],"picked":"Self Repair","floor":18.0},{"not_picked":["Glacier+1","Heatsinks"],"picked":"Conserve Battery+1","floor":19.0},{"not_picked":["Double Energy+1","Defragment"],"picked":"Auto Shields+1","floor":20.0},{"not_picked":["Stack+1","Hologram+1"],"picked":"Ball Lightning+1","floor":21.0},{"not_picked":["Consume+1","Redo+1"],"picked":"Core Surge+1","floor":22.0},{"not_picked":["Melter+1","Doom and Gloom+1"],"picked":"Force Field+1","floor":24.0},{"not_picked":["Glacier+1","Tempest+1"],"picked":"Steam+1","floor":25.0},{"not_picked":["Cold Snap+1","Hologram+1"],"picked":"Conserve Battery+1","floor":27.0},{"not_picked":["Reprogram+1","Rip and Tear+1"],"picked":"Redo+1","floor":30}],"player_experience":998292,"relics_obtained":[{"floor":7.0,"key":"Toxic Egg 2"},{"floor":9.0,"key":"Meat on the Bone"},{"floor":10.0,"key":"Molten Egg 2"},{"floor":14.0,"key":"Potion Belt"},{"floor":25.0,"key":"Turnip"},{"floor":26.0,"key":"Smiling Mask"},{"floor":27.0,"key":"Red Mask"},{"floor":30,"key":"Orichalcum"}],"event_choices":[{"damage_healed":0.0,"max_hp_gain":0.0,"max_hp_loss":0.0,"gold_gain":75.0,"event_name":"World of Goop","player_choice":"Gather Gold","floor":2.0,"gold_loss":0.0,"damage_taken":11.0},{"damage_healed":0.0,"max_hp_gain":0.0,"max_hp_loss":0.0,"gold_gain":0.0,"event_name":"Dead Adventurer","player_choice":"Searched \u00272\u0027 times","floor":7.0,"gold_loss":0.0,"damage_taken":0.0},{"damage_healed":0.0,"max_hp_gain":0.0,"max_hp_loss":0.0,"gold_gain":50.0,"event_name":"Golden Shrine","player_choice":"Pray","floor":13.0,"gold_loss":0.0,"damage_taken":0.0},{"damage_healed":0.0,"max_hp_gain":0.0,"max_hp_loss":0.0,"gold_gain":0.0,"event_name":"Masked Bandits","player_choice":"Fought Bandits","floor":27.0,"gold_loss":0.0,"damage_taken":0.0},{"damage_healed":0.0,"max_hp_gain":0.0,"max_hp_loss":0.0,"gold_gain":0.0,"event_name":"Drug Dealer","player_choice":"Inject Mutagens","floor":29.0,"gold_loss":0.0,"damage_taken":0.0,"relics_obtained":["MutagenicStrength"]},{"damage_healed":0,"gold_gain":0,"player_choice":"Opened","damage_taken":0,"relics_obtained":["Vajra"],"max_hp_gain":0,"max_hp_loss":0,"event_name":"The Mausoleum","floor":31,"gold_loss":0,"cards_obtained":["Writhe"]}],"is_beta":false,"boss_relics":[{"not_picked":["Snecko Eye","Ectoplasm"],"picked":"Empty Cage"}],"items_purged_floors":[],"is_endless":false,"potions_floor_spawned":[1,7,11,16,20,21,22,25,27],"killed_by":"Champ","ascension_level":19}