{"gold_per_floor":[110,123,198,198,4,34,46,58,94,117,129,171,183,212,224,340,352,345,357,380,226,240,240,251,251,274,301,301,28,42,42,42,42],"floor_reached":33,"playtime":1913,"items_purged":[],"score":447,"play_id":"291d37cd-f803-4994-bfed-7f788b3e8f7b","local_time":"20190216105447","is_ascension_mode":true,"campfire_choices":[{"data":"Predator","floor":11,"key":"SMITH"},{"floor":15,"key":"REST"},{"data":"Wraith Form v2","floor":23,"key":"SMITH"},{"floor":25,"key":"REST"},{"data":"Malaise","floor":32,"key":"SMITH"}],"neow_cost":"NONE","seed_source_timestamp":319273807747125,"circlet_count":0,"master_deck":["AscendersBane","Survivor","Neutralize","PiercingWail","Leg Sweep","Predator+1","Dodge and Roll","Quick Slash","Dagger Throw","Wraith Form v2+1","Well Laid Plans","Backflip","Glass Knife","Storm of Steel","Dagger Throw","Backstab","Backflip","A Thousand Cuts","Corpse Explosion","Poisoned Stab","Deadly Poison+1","All Out Attack","Well Laid Plans","Sucker Punch+1","Calculated Gamble+1","Catalyst","Malaise+1","Shame"],"relics":["Ring of the Snake","NeowsBlessing","Membership Card","MawBank","Pantograph","Potion Belt","Smiling Mask","Pandora\u0027s Box","Ornamental Fan","Juzu Bracelet","Happy Flower","Snake Skull","FossilizedHelix","Boot"],"potions_floor_usage":[12,12,16,22,24,24,30,33,33],"damage_taken":[{"damage":0,"enemies":"2 Louse","floor":1,"turns":1},{"damage":0,"enemies":"Small Slimes","floor":2,"turns":1},{"damage":0,"enemies":"Lagavulin","floor":6,"turns":1},{"damage":1,"enemies":"Jaw Worm","floor":10,"turns":5},{"damage":33,"enemies":"3 Sentries","floor":12,"turns":12},{"damage":2,"enemies":"Blue Slaver","floor":14,"turns":6},{"damage":17,"enemies":"The Guardian","floor":16,"turns":17},{"damage":13,"enemies":"2 Thieves","floor":18,"turns":4},{"damage":13,"enemies":"Spheric Guardian","floor":20,"turns":9},{"damage":7,"enemies":"Snake Plant","floor":22,"turns":5},{"damage":19,"enemies":"Centurion and Healer","floor":24,"turns":5},{"damage":20,"enemies":"Gremlin Leader","floor":27,"turns":8},{"damage":0,"enemies":"Snecko","floor":30,"turns":4},{"damage":58,"enemies":"Automaton","floor":33,"turns":10}],"seed_played":"-3835724007264546843","potions_obtained":[{"floor":2,"key":"Regen Potion"},{"floor":10,"key":"Swift Potion"},{"floor":12,"key":"Strength Potion"},{"floor":19,"key":"Fruit Juice"},{"floor":19,"key":"FearPotion"},{"floor":19,"key":"AttackPotion"},{"floor":20,"key":"AttackPotion"},{"floor":22,"key":"Fire Potion"}],"is_trial":false,"path_per_floor":["M","M","?","?","$","E","T","$","T","M","R","E","$","M","R","B",null,"M","?","M","$","M","R","M","R","T","E","?","$","M","?","R","B"],"character_chosen":"THE_SILENT","items_purchased":["Membership Card","Ornamental Fan","Well Laid Plans","FossilizedHelix","Catalyst","Malaise","Regen Potion"],"campfire_rested":2,"item_purchase_floors":[5,21,21,29,29,29,29],"current_hp_per_floor":[63,63,52,38,38,38,38,38,38,37,37,19,19,17,38,46,64,51,51,38,38,31,31,17,39,39,19,19,19,28,28,28,0],"gold":42,"neow_bonus":"THREE_ENEMY_KILL","is_prod":false,"is_daily":false,"chose_seed":false,"campfire_upgraded":3,"win_rate":0,"timestamp":1550343287,"path_taken":["M","M","?","?","$","E","?","?","T","?","R","E","$","M","R","BOSS","M","?","M","$","M","R","M","R","T","E","?","$","M","?","R","BOSS"],"build_version":"2019-01-23","purchased_purges":0,"victory":false,"max_hp_per_floor":[70,70,70,70,70,70,70,70,70,70,70,70,70,70,70,70,70,70,70,70,70,70,70,75,75,75,75,75,75,75,75,75,75],"card_choices":[{"not_picked":["Prepared","Flying Knee"],"picked":"PiercingWail","floor":1},{"not_picked":["Blur","Prepared"],"picked":"Leg Sweep","floor":2},{"not_picked":["Riddle With Holes","Dodge and Roll"],"picked":"Predator","floor":6},{"not_picked":["Heel Hook","Bane"],"picked":"Dodge and Roll","floor":10},{"not_picked":["Prepared","Cloak And Dagger"],"picked":"Quick Slash","floor":12},{"not_picked":["Dagger Spray","Cloak And Dagger"],"picked":"Dagger Throw","floor":14},{"not_picked":["A Thousand Cuts","Phantasmal Killer"],"picked":"Wraith Form v2","floor":16},{"not_picked":["Acrobatics","Sucker Punch+1"],"picked":"Deadly Poison+1","floor":18},{"not_picked":["Poisoned Stab+1","Quick Slash"],"picked":"All Out Attack","floor":20},{"not_picked":["Backflip","Eviscerate+1","Outmaneuver"],"picked":"SKIP","floor":22},{"not_picked":["Poisoned Stab","Deflect"],"picked":"Sucker Punch+1","floor":24},{"not_picked":["Eviscerate+1","Outmaneuver"],"picked":"Calculated Gamble+1","floor":27},{"not_picked":["Dagger Spray","Blade Dance","Heel Hook"],"picked":"SKIP","floor":30}],"player_experience":181738,"relics_obtained":[{"floor":6,"key":"MawBank"},{"floor":7,"key":"Pantograph"},{"floor":9,"key":"Potion Belt"},{"floor":12,"key":"Smiling Mask"},{"floor":26,"key":"Juzu Bracelet"},{"floor":27,"key":"Happy Flower"}],"event_choices":[{"damage_healed":0,"gold_gain":75,"player_choice":"Gather Gold","damage_taken":11,"max_hp_gain":0,"max_hp_loss":0,"event_name":"World of Goop","floor":3,"gold_loss":0},{"damage_healed":0,"gold_gain":0,"player_choice":"Entered Light","damage_taken":14,"max_hp_gain":0,"max_hp_loss":0,"event_name":"Shining Light","floor":4,"gold_loss":0,"cards_upgraded":["Defend_G","Strike_G"]},{"damage_healed":0,"gold_gain":0,"player_choice":"Got Potions","damage_taken":0,"max_hp_gain":0,"max_hp_loss":0,"event_name":"Lab","floor":19,"gold_loss":0},{"damage_healed":0,"gold_gain":0,"player_choice":"Opened","damage_taken":0,"relics_obtained":["Snake Skull"],"max_hp_gain":0,"max_hp_loss":0,"event_name":"The Mausoleum","floor":28,"gold_loss":0},{"damage_healed":0,"gold_gain":0,"player_choice":"Stole Relic","damage_taken":0,"relics_obtained":["Boot"],"max_hp_gain":0,"max_hp_loss":0,"event_name":"Addict","floor":31,"gold_loss":0,"cards_obtained":["Shame"]}],"is_beta":false,"boss_relics":[{"not_picked":["Eternal Feather","Lizard Tail"],"picked":"Pandora\u0027s Box"}],"items_purged_floors":[],"is_endless":false,"potions_floor_spawned":[2,10,12,20,22],"killed_by":"Automaton","ascension_level":10}