{"gold_per_floor":[118,43,63,63,73,73,91,91,160,26,26,42,42,57,57,157,157,174,174,174,100,111,111,125,141,193,193,222,222,239,249,249,349,349,360,379,379,389,389,389,389,399,399,82,109,109,109,109,109,109,109,109,31,31],"floor_reached":54,"playtime":6262,"items_purged":["Defend_R","Strike_R","Defend_R"],"score":757,"play_id":"c79ec86d-5dab-4946-bef2-1b4cbfa0ca19","local_time":"20190222224052","is_ascension_mode":false,"campfire_choices":[{"data":"Shrug It Off","floor":6,"key":"SMITH"},{"data":"Shrug It Off","floor":8,"key":"SMITH"},{"data":"Uppercut","floor":11,"key":"SMITH"},{"floor":15,"key":"REST"},{"data":"Limit Break","floor":23,"key":"SMITH"},{"data":"Demon Form","floor":27,"key":"SMITH"},{"data":"Shrug It Off","floor":29,"key":"SMITH"},{"data":"Heavy Blade","floor":32,"key":"SMITH"},{"floor":41,"key":"REST"},{"floor":47,"key":"RECALL"},{"data":"Heavy Blade","floor":49,"key":"SMITH"},{"data":"Shrug It Off","floor":52,"key":"SMITH"}],"neow_cost":"PERCENT_DAMAGE","seed_source_timestamp":192955649281923,"circlet_count":0,"master_deck":["Strike_R","Defend_R","Demon Form+1","Shrug It Off+1","Heavy Blade+1","Limit Break+1","Flex","Shrug It Off+1","Uppercut+1","Heavy Blade+1","Feed","Shrug It Off+1","Inflame","Spot Weakness","Metallicize","Shrug It Off+1","Reaper","Demon Form","Shockwave","Dark Shackles"],"relics":["Black Blood","Mummified Hand","Boot","Vajra","Happy Flower","Empty Cage","Dodecahedron","Lee\u0027s Waffle","Dead Branch","Letter Opener"],"potions_floor_usage":[16,28,33,38,40,45,45,50,54],"damage_taken":[{"damage":8,"enemies":"2 Louse","floor":1,"turns":3},{"damage":2,"enemies":"Cultist","floor":3,"turns":4},{"damage":6,"enemies":"Jaw Worm","floor":5,"turns":4},{"damage":10,"enemies":"Looter","floor":7,"turns":3},{"damage":6,"enemies":"Exordium Wildlife","floor":12,"turns":4},{"damage":11,"enemies":"Lots of Slimes","floor":14,"turns":5},{"damage":44,"enemies":"Hexaghost","floor":16,"turns":10},{"damage":2,"enemies":"Shell Parasite","floor":18,"turns":5},{"damage":26,"enemies":"2 Thieves","floor":22,"turns":5},{"damage":26,"enemies":"Snake Plant","floor":24,"turns":6},{"damage":6,"enemies":"Centurion and Healer","floor":25,"turns":8},{"damage":13,"enemies":"Slavers","floor":28,"turns":6},{"damage":0,"enemies":"Snecko","floor":30,"turns":4},{"damage":10,"enemies":"Snake Plant","floor":31,"turns":3},{"damage":42,"enemies":"Automaton","floor":33,"turns":8},{"damage":47,"enemies":"3 Darklings","floor":35,"turns":6},{"damage":30,"enemies":"3 Shapes","floor":36,"turns":5},{"damage":63,"enemies":"Transient","floor":38,"turns":5},{"damage":49,"enemies":"Reptomancer","floor":40,"turns":3},{"damage":51,"enemies":"Jaw Worm Horde","floor":42,"turns":5},{"damage":47,"enemies":"Nemesis","floor":45,"turns":7},{"damage":70,"enemies":"Awakened One","floor":50,"turns":9},{"damage":102,"enemies":"Shield and Spear","floor":54,"turns":5}],"seed_played":"-863684110165026009","potions_obtained":[{"floor":1,"key":"FairyPotion"},{"floor":3,"key":"Poison Potion"},{"floor":12,"key":"Strength Potion"},{"floor":25,"key":"AttackPotion"},{"floor":30,"key":"Fire Potion"},{"floor":33,"key":"Swift Potion"},{"floor":36,"key":"SteroidPotion"},{"floor":38,"key":"SmokeBomb"},{"floor":45,"key":"SteroidPotion"}],"is_trial":false,"path_per_floor":["M","$","M","?","M","R","M","R","T","$","R","M","?","M","R","B",null,"M","?","?","$","M","R","M","M","T","R","E","R","M","M","R","B",null,"M","M","T","M","?","E","R","M","T","$","E","?","R","T","R","B",null,"R","$","E"],"character_chosen":"IRONCLAD","items_purchased":["Uppercut","Inflame","Lee\u0027s Waffle","LiquidBronze"],"campfire_rested":2,"item_purchase_floors":[10,21,44,53],"current_hp_per_floor":[54,54,58,58,58,58,54,54,54,54,54,54,47,42,66,28,80,80,80,80,80,64,64,48,52,52,52,52,52,62,65,65,33,86,77,89,89,36,36,18,44,25,25,96,96,96,96,96,96,36,96,96,96,0],"gold":31,"neow_bonus":"THREE_RARE_CARDS","is_prod":false,"is_daily":false,"chose_seed":false,"campfire_upgraded":9,"win_rate":0,"timestamp":1550893252,"path_taken":["M","$","M","?","M","R","?","R","T","$","R","?","?","M","R","BOSS","M","?","?","$","?","R","?","M","T","R","E","R","M","M","R","BOSS","M","?","?","M","?","E","R","M","T","$","E","?","R","?","R","BOSS","R","$","E"],"build_version":"2019-01-23","purchased_purges":3,"victory":false,"max_hp_per_floor":[80,80,80,80,80,80,80,80,80,80,80,80,80,80,80,80,80,80,80,80,80,80,80,80,80,80,80,83,83,83,86,86,86,86,86,89,89,89,89,89,89,89,89,96,96,96,96,96,96,96,96,96,96,96],"card_choices":[{"not_picked":["Offering","Reaper"],"picked":"Demon Form","floor":0},{"not_picked":["Headbutt","Bloodletting"],"picked":"Shrug It Off","floor":1},{"not_picked":["Pommel Strike","Disarm"],"picked":"Heavy Blade","floor":3},{"not_picked":["Sword Boomerang","Fire Breathing"],"picked":"Flex","floor":5},{"not_picked":["Fiend Fire","Iron Wave"],"picked":"Shrug It Off","floor":7},{"not_picked":["Pommel Strike","Wild Strike"],"picked":"Heavy Blade","floor":12},{"not_picked":["Body Slam","Burning Pact","True Grit"],"picked":"SKIP","floor":14},{"not_picked":["Offering","Impervious"],"picked":"Feed","floor":16},{"not_picked":["Rupture","Corruption"],"picked":"Shrug It Off","floor":18},{"not_picked":["Entrench","Sentinel"],"picked":"Spot Weakness","floor":22},{"not_picked":["Headbutt+1","Body Slam"],"picked":"Metallicize","floor":24},{"not_picked":["Carnage+1","Body Slam+1"],"picked":"Shrug It Off","floor":25},{"not_picked":["Cleave+1","True Grit","Anger"],"picked":"SKIP","floor":28},{"not_picked":["Blood for Blood","Thunderclap","Anger"],"picked":"SKIP","floor":30},{"not_picked":["Barricade","Power Through","Second Wind+1"],"picked":"SKIP","floor":31},{"not_picked":["Exhume","Dark Embrace"],"picked":"Reaper","floor":33},{"not_picked":["Thunderclap+1","Dual Wield","Iron Wave+1"],"picked":"SKIP","floor":35},{"not_picked":["Combust","Cleave+1"],"picked":"Demon Form","floor":36},{"not_picked":["Fire Breathing","Spot Weakness+1","Clash+1"],"picked":"SKIP","floor":38},{"not_picked":["Dropkick+1","Seeing Red+1"],"picked":"Shockwave","floor":42},{"not_picked":["Shrug It Off","Havoc","Shockwave"],"picked":"SKIP","floor":45},{"not_picked":["Violence","Bandage Up"],"picked":"Dark Shackles","floor":46}],"player_experience":171658,"relics_obtained":[{"floor":9,"key":"Mummified Hand"},{"floor":26,"key":"Vajra"},{"floor":28,"key":"Happy Flower"},{"floor":43,"key":"Dodecahedron"},{"floor":45,"key":"Dead Branch"},{"floor":48,"key":"Letter Opener"}],"event_choices":[{"damage_healed":0,"gold_gain":0,"cards_transformed":["Strike_R"],"player_choice":"Transformed","damage_taken":0,"max_hp_gain":0,"max_hp_loss":0,"event_name":"Transmorgrifier","floor":4,"gold_loss":0,"cards_obtained":["Limit Break"]},{"cards_removed":["Strike_R"],"damage_healed":0,"gold_gain":0,"player_choice":"Card Removal","damage_taken":7,"max_hp_gain":0,"max_hp_loss":0,"event_name":"Golden Wing","floor":13,"gold_loss":0},{"damage_healed":0,"gold_gain":0,"player_choice":"Ignored","damage_taken":0,"max_hp_gain":0,"max_hp_loss":0,"event_name":"Ghosts","floor":19,"gold_loss":0},{"damage_healed":0,"gold_gain":0,"player_choice":"Gave Potion","damage_taken":0,"relics_obtained":["Boot"],"max_hp_gain":0,"max_hp_loss":0,"event_name":"WeMeetAgain","floor":20,"gold_loss":0},{"cards_removed":["Bash"],"damage_healed":0,"gold_gain":0,"player_choice":"Removed Attack","damage_taken":0,"max_hp_gain":0,"max_hp_loss":0,"event_name":"Falling","floor":39,"gold_loss":0},{"damage_healed":0,"gold_gain":0,"player_choice":"Memory 1","damage_taken":0,"max_hp_gain":0,"max_hp_loss":0,"event_name":"SensoryStone","floor":46,"gold_loss":0}],"is_beta":false,"boss_relics":[{"not_picked":["Eternal Feather","Tiny House"],"picked":"Black Blood"},{"not_picked":["Runic Pyramid","Lizard Tail"],"picked":"Empty Cage"}],"items_purged_floors":[2,10,44],"is_endless":false,"potions_floor_spawned":[1,3,12,25,30,33,36,38,40,45],"killed_by":"Shield and Spear","ascension_level":0}