{"gold_per_floor":[115,128,139,139,13,13,41,5,5,20,20,48,62,88,88,166,166,180,194,194,221,237,271,291,307,352,352,368,383,383,395,395,395],"floor_reached":33,"playtime":2773,"items_purged":[],"score":582,"play_id":"2cfacb01-e385-4210-a616-7d282d0c6af1","local_time":"20190131224907","is_ascension_mode":true,"campfire_choices":[{"data":"Neutralize","floor":6,"key":"SMITH"},{"floor":11,"key":"REST"},{"data":"Footwork","floor":15,"key":"SMITH"},{"floor":27,"key":"REST"},{"floor":30,"key":"REST"},{"data":"Deadly Poison","floor":32,"key":"SMITH"}],"neow_cost":"NONE","seed_source_timestamp":1861138604062616,"circlet_count":0,"master_deck":["AscendersBane","Defend_G","Defend_G","Defend_G","Defend_G","Defend_G+1","Strike_G","Strike_G","Strike_G","Strike_G","Strike_G","Survivor","Neutralize+1","Blur","PiercingWail+1","Heel Hook","Footwork+1","Predator","Leg Sweep","Crippling Poison","Dash","Dodge and Roll","Dagger Spray","Deadly Poison+1","Malaise","Concentrate","PiercingWail","Outmaneuver","Prepared","Backflip","PiercingWail","Burst","Sucker Punch","Flying Knee"],"relics":["Ring of the Snake","NeowsBlessing","The Courier","Bag of Preparation","Lantern","War Paint","Letter Opener","Runic Pyramid","Red Mask","Paper Crane","Vajra"],"potions_floor_usage":[7,12,16,18,21,23,25,29,33],"damage_taken":[{"damage":0,"enemies":"Small Slimes","floor":1,"turns":1},{"damage":0,"enemies":"Cultist","floor":2,"turns":1},{"damage":0,"enemies":"2 Louse","floor":3,"turns":1},{"damage":26,"enemies":"3 Sentries","floor":7,"turns":9},{"damage":2,"enemies":"Blue Slaver","floor":10,"turns":5},{"damage":26,"enemies":"Gremlin Nob","floor":12,"turns":6},{"damage":0,"enemies":"Large Slime","floor":13,"turns":11},{"damage":14,"enemies":"3 Sentries","floor":14,"turns":7},{"damage":3,"enemies":"The Guardian","floor":16,"turns":15},{"damage":2,"enemies":"Chosen","floor":18,"turns":8},{"damage":0,"enemies":"3 Byrds","floor":19,"turns":6},{"damage":7,"enemies":"Colosseum Slavers","floor":20,"turns":7},{"damage":14,"enemies":"Masked Bandits","floor":21,"turns":8},{"damage":10,"enemies":"Snake Plant","floor":22,"turns":6},{"damage":5,"enemies":"Book of Stabbing","floor":23,"turns":12},{"damage":0,"enemies":"Centurion and Healer","floor":24,"turns":12},{"damage":2,"enemies":"Chosen and Byrds","floor":25,"turns":7},{"damage":5,"enemies":"Cultist and Chosen","floor":28,"turns":9},{"damage":9,"enemies":"Centurion and Healer","floor":29,"turns":17},{"damage":8,"enemies":"Shelled Parasite and Fungi","floor":31,"turns":8},{"damage":30,"enemies":"Champ","floor":33,"turns":22}],"seed_played":"3394240410921921234","potions_obtained":[{"floor":2,"key":"Explosive Potion"},{"floor":3,"key":"FearPotion"},{"floor":7,"key":"Energy Potion"},{"floor":12,"key":"GhostInAJar"},{"floor":14,"key":"Ancient Potion"},{"floor":18,"key":"Dexterity Potion"},{"floor":22,"key":"AttackPotion"},{"floor":23,"key":"LiquidBronze"},{"floor":25,"key":"FearPotion"},{"floor":28,"key":"SteroidPotion"},{"floor":29,"key":"AttackPotion"}],"is_trial":false,"path_per_floor":["M","M","M","?","$","R","E","$","T","M","R","E","M","E","R","B",null,"M","M","?","?","M","E","M","M","T","R","M","M","R","M","R","B"],"character_chosen":"THE_SILENT","items_purchased":["Footwork","Predator","Crippling Poison"],"campfire_rested":3,"item_purchase_floors":[5,5,8],"current_hp_per_floor":[59,59,59,59,59,59,33,33,33,31,50,24,24,10,10,7,51,49,49,42,28,18,13,13,11,11,30,25,16,35,27,27,0],"gold":395,"neow_bonus":"THREE_ENEMY_KILL","is_prod":false,"is_daily":false,"chose_seed":false,"campfire_upgraded":3,"win_rate":0,"timestamp":1548992947,"path_taken":["M","M","M","?","$","R","E","?","T","M","R","E","M","E","R","BOSS","M","M","?","?","M","E","M","M","T","R","M","M","R","M","R","BOSS"],"build_version":"2019-01-23","purchased_purges":0,"victory":false,"max_hp_per_floor":[66,66,66,66,66,66,66,66,66,66,66,66,66,66,66,66,66,66,66,66,66,66,66,66,66,66,66,66,66,66,66,66,66],"card_choices":[{"not_picked":["Underhanded Strike","Acrobatics"],"picked":"Blur","floor":1},{"not_picked":["Underhanded Strike","Quick Slash"],"picked":"PiercingWail","floor":2},{"not_picked":["Underhanded Strike","Dagger Throw"],"picked":"Heel Hook","floor":3},{"not_picked":["Flechettes","Backflip"],"picked":"Leg Sweep","floor":7},{"not_picked":["Blade Dance","Flechettes"],"picked":"Dash","floor":10},{"not_picked":["Envenom","Slice"],"picked":"Dodge and Roll","floor":12},{"not_picked":["Distraction","Riddle With Holes"],"picked":"Dagger Spray","floor":13},{"not_picked":["Caltrops","Dagger Spray"],"picked":"Deadly Poison","floor":14},{"not_picked":["A Thousand Cuts","Glass Knife"],"picked":"Malaise","floor":16},{"not_picked":["Dagger Spray","Tactician"],"picked":"Concentrate","floor":18},{"not_picked":["Acrobatics","Tactician"],"picked":"PiercingWail","floor":19},{"not_picked":["Choke+1","Riddle With Holes+1"],"picked":"Outmaneuver","floor":21},{"not_picked":["Backstab","Deflect"],"picked":"Prepared","floor":22},{"not_picked":["Storm of Steel","Dagger Spray"],"picked":"Backflip","floor":23},{"not_picked":["Dagger Spray","Distraction"],"picked":"PiercingWail","floor":24},{"not_picked":["Dagger Throw","Deflect"],"picked":"Burst","floor":25},{"not_picked":["Slice","Concentrate","Accuracy"],"picked":"SKIP","floor":28},{"not_picked":["Backflip","Terror"],"picked":"Sucker Punch","floor":29},{"not_picked":["Reflex","Cloak And Dagger"],"picked":"Flying Knee","floor":31}],"player_experience":846853,"relics_obtained":[{"floor":7,"key":"Bag of Preparation"},{"floor":9,"key":"Lantern"},{"floor":12,"key":"War Paint"},{"floor":14,"key":"Letter Opener"},{"floor":21,"key":"Red Mask"},{"floor":23,"key":"Paper Crane"},{"floor":26,"key":"Vajra"}],"event_choices":[{"damage_healed":0,"gold_gain":0,"player_choice":"Gave Potion","damage_taken":0,"relics_obtained":["The Courier"],"max_hp_gain":0,"max_hp_loss":0,"event_name":"WeMeetAgain","floor":4,"gold_loss":0},{"damage_healed":0,"gold_gain":0,"player_choice":"Fight","damage_taken":0,"max_hp_gain":0,"max_hp_loss":0,"event_name":"Colosseum","floor":20,"gold_loss":0},{"damage_healed":0,"gold_gain":0,"player_choice":"Fled From Nobs","damage_taken":0,"max_hp_gain":0,"max_hp_loss":0,"event_name":"Colosseum","floor":20,"gold_loss":0},{"damage_healed":0,"gold_gain":0,"player_choice":"Fought Bandits","damage_taken":0,"max_hp_gain":0,"max_hp_loss":0,"event_name":"Masked Bandits","floor":21,"gold_loss":0}],"is_beta":false,"boss_relics":[{"not_picked":["White Beast Statue","Lizard Tail"],"picked":"Runic Pyramid"}],"items_purged_floors":[],"is_endless":false,"potions_floor_spawned":[2,3,7,12,14,18,22,23,25,28,29],"killed_by":"Champ","ascension_level":20}