{"gold_per_floor":[110,110,59,234,252,252,270,295,295,308,258,258,273,300,300,300],"floor_reached":16,"playtime":418,"items_purged":[],"score":170,"play_id":"02d4133c-18b1-454d-879f-9311ef7b2221","local_time":"20181205174438","is_ascension_mode":true,"campfire_choices":[{"data":"Zap","floor":6.0,"key":"SMITH"},{"data":"Beam Cell","floor":12.0,"key":"SMITH"},{"data":"Barrage","floor":15,"key":"SMITH"}],"neow_cost":"NONE","seed_source_timestamp":0,"circlet_count":0,"master_deck":["AscendersBane","Strike_B","Strike_B","Strike_B","Strike_B","Defend_B","Defend_B","Zap+1","Dualcast","Conserve Battery","Doubt","Beam Cell+1","Conserve Battery","Barrage+1","Self Repair","Electrodynamics"],"special_seed":0,"relics":["Cracked Core","Bag of Marbles","Question Card","Sundial"],"potions_floor_usage":[14,14],"damage_taken":[{"damage":2.0,"enemies":"Jaw Worm","floor":1.0,"turns":4.0},{"damage":0.0,"enemies":"Small Slimes","floor":5.0,"turns":3.0},{"damage":0.0,"enemies":"2 Louse","floor":7.0,"turns":2.0},{"damage":8.0,"enemies":"Lots of Slimes","floor":10.0,"turns":5.0},{"damage":6.0,"enemies":"Looter","floor":13.0,"turns":2.0},{"damage":19,"enemies":"Lagavulin","floor":14,"turns":6},{"damage":45,"enemies":"Hexaghost","floor":16,"turns":8}],"seed_played":"-3818607093070987520","potions_obtained":[{"floor":10.0,"key":"Fruit Juice"}],"is_trial":false,"path_per_floor":["M","?","$","?","M","R","M","T","T","M","?","R","M","E","R","B"],"character_chosen":"DEFECT","items_purchased":["PowerPotion"],"campfire_rested":0,"item_purchase_floors":[3],"current_hp_per_floor":[69,62,62,62,62,62,62,62,62,54,54,54,48,41,41,0],"gold":300,"neow_bonus":"TEN_PERCENT_HP_BONUS","is_prod":false,"is_daily":false,"chose_seed":false,"campfire_upgraded":3,"win_rate":0,"timestamp":1543999478,"path_taken":["M","?","?","?","M","R","M","?","T","?","?","R","M","E","R","BOSS"],"build_version":"2018-11-15","purchased_purges":0,"victory":false,"max_hp_per_floor":[78,78,78,78,78,78,78,78,78,78,78,78,78,83,83,83],"card_choices":[{"not_picked":["Heatsinks","Sweeping Beam"],"picked":"Conserve Battery","floor":1.0},{"not_picked":["Heatsinks","Turbo"],"picked":"Beam Cell","floor":5.0},{"not_picked":["Beam Cell","Go for the Eyes"],"picked":"Conserve Battery","floor":7.0},{"not_picked":["Glacier","Chill","Blizzard"],"picked":"Barrage","floor":10.0},{"not_picked":["Redo","Go for the Eyes","Turbo"],"picked":"Self Repair","floor":13.0},{"not_picked":["Auto Shields","Tempest","Leap"],"picked":"Electrodynamics","floor":14}],"player_experience":937046,"relics_obtained":[{"floor":8.0,"key":"Bag of Marbles"},{"floor":9.0,"key":"Question Card"},{"floor":14,"key":"Sundial"}],"event_choices":[{"cards_removed":["Defend_B"],"damage_healed":0.0,"max_hp_gain":0.0,"max_hp_loss":0.0,"gold_gain":0.0,"event_name":"Golden Wing","player_choice":"Card Removal","floor":2.0,"gold_loss":0.0,"damage_taken":7.0},{"damage_healed":0.0,"max_hp_gain":0.0,"max_hp_loss":0.0,"gold_gain":175.0,"event_name":"Liars Game","player_choice":"AGREE","floor":4.0,"gold_loss":0.0,"damage_taken":0.0,"cards_obtained":["Doubt"]},{"cards_removed":["Defend_B"],"damage_healed":0.0,"max_hp_gain":0.0,"max_hp_loss":0.0,"gold_gain":0.0,"event_name":"The Cleric","player_choice":"Card Removal","floor":11.0,"gold_loss":50.0,"damage_taken":0.0}],"is_beta":false,"boss_relics":[],"items_purged_floors":[],"is_endless":false,"potions_floor_spawned":[10],"killed_by":"Hexaghost","ascension_level":14}