{"gold_per_floor":[367,367,383,226,238,265,265,283,283,283,315,315,315,16,16,137,137,156,177,177,177,28,28,42,42,96,96,110,110,124,158,158,287,287,303,326,345,363,363,363,399,399,468,493,493,151,151,194,194,194,194,194,23,57,57],"floor_reached":55,"playtime":5233,"items_purged":["Injury"],"score":954,"play_id":"0abb0429-746d-466f-a122-0dd9173c871f","local_time":"20190215224915","is_ascension_mode":true,"campfire_choices":[{"floor":7.0,"key":"REST"},{"data":"Zap","floor":10.0,"key":"SMITH"},{"data":"Dualcast","floor":13.0,"key":"SMITH"},{"data":"Loop","floor":15.0,"key":"SMITH"},{"data":"Glacier","floor":23.0,"key":"SMITH"},{"data":"Consume","floor":25.0,"key":"SMITH"},{"data":"Capacitor","floor":27.0,"key":"SMITH"},{"data":"Capacitor","floor":32.0,"key":"SMITH"},{"data":"Defragment","floor":40.0,"key":"SMITH"},{"data":"Hologram","floor":42.0,"key":"SMITH"},{"data":"Biased Cognition","floor":45.0,"key":"SMITH"},{"data":"Defragment","floor":47.0,"key":"SMITH"},{"floor":49.0,"key":"RECALL"},{"data":"Redo","floor":52.0,"key":"SMITH"}],"neow_cost":"PERCENT_DAMAGE","seed_source_timestamp":0,"circlet_count":0,"master_deck":["Defend_B","Defend_B","Defend_B","Zap+1","Dualcast+1","Cold Snap","Blizzard","Loop+1","Glacier+1","Sweeping Beam","Ball Lightning","Biased Cognition+1","Capacitor+1","Cold Snap","Hologram+1","Consume+1","Leap","Capacitor+1","Bite","Bite","Bite","Bite","Bite","Skim+1","Redo+1","Echo Form","Defragment+1","Blizzard","Deep Breath","Self Repair+1","Defragment+1","Apotheosis","Ball Lightning","Coolheaded","Defragment","Lockon+1"],"special_seed":0,"relics":["Cracked Core","Tiny Chest","Bag of Preparation","Centennial Puzzle","Sundial","Golden Idol","Lantern","Happy Flower","Orrery","MutagenicStrength","Bag of Marbles","Anchor","Oddly Smooth Stone","Coffee Dripper","Strawberry","Ancient Tea Set","Du-Vu Doll"],"potions_floor_usage":[55],"damage_taken":[{"damage":4.0,"enemies":"Small Slimes","floor":1.0,"turns":3.0},{"damage":0.0,"enemies":"Cultist","floor":3.0,"turns":3.0},{"damage":7.0,"enemies":"Jaw Worm","floor":5.0,"turns":4.0},{"damage":34.0,"enemies":"Gremlin Nob","floor":6.0,"turns":6.0},{"damage":0.0,"enemies":"Exordium Wildlife","floor":8.0,"turns":4.0},{"damage":11.0,"enemies":"3 Sentries","floor":11.0,"turns":6.0},{"damage":14.0,"enemies":"Hexaghost","floor":16.0,"turns":11.0},{"damage":1.0,"enemies":"2 Thieves","floor":18.0,"turns":4.0},{"damage":2.0,"enemies":"Shell Parasite","floor":19.0,"turns":5.0},{"damage":3.0,"enemies":"3 Cultists","floor":24.0,"turns":3.0},{"damage":14.0,"enemies":"Shelled Parasite and Fungi","floor":28.0,"turns":9.0},{"damage":13.0,"enemies":"Snecko","floor":30.0,"turns":4.0},{"damage":9.0,"enemies":"Book of Stabbing","floor":31.0,"turns":10.0},{"damage":24.0,"enemies":"Collector","floor":33.0,"turns":9.0},{"damage":0.0,"enemies":"3 Shapes","floor":35.0,"turns":3.0},{"damage":18.0,"enemies":"3 Darklings","floor":36.0,"turns":10.0},{"damage":5.0,"enemies":"Sphere and 2 Shapes","floor":37.0,"turns":5.0},{"damage":28.0,"enemies":"Transient","floor":38.0,"turns":5.0},{"damage":9.0,"enemies":"Reptomancer","floor":41.0,"turns":7.0},{"damage":18.0,"enemies":"Maw","floor":44.0,"turns":9.0},{"damage":4.0,"enemies":"Giant Head","floor":48.0,"turns":9.0},{"damage":30.0,"enemies":"Time Eater","floor":50.0,"turns":15.0},{"damage":63.0,"enemies":"Shield and Spear","floor":54.0,"turns":14.0},{"damage":60,"enemies":"The Heart","floor":55,"turns":3}],"seed_played":"4472636059316566650","potions_obtained":[{"floor":3.0,"key":"Energy Potion"},{"floor":6.0,"key":"Energy Potion"},{"floor":8.0,"key":"Weak Potion"},{"floor":16.0,"key":"FocusPotion"},{"floor":18.0,"key":"Explosive Potion"},{"floor":19.0,"key":"Explosive Potion"},{"floor":30.0,"key":"Energy Potion"},{"floor":31.0,"key":"FearPotion"},{"floor":36.0,"key":"PowerPotion"},{"floor":41.0,"key":"Explosive Potion"}],"is_trial":false,"path_per_floor":["M","?","M","$","M","E","R","M","T","R","E","?","R","$","R","B",null,"M","M","?","?","$","R","M","R","T","R","M","?","M","E","R","B",null,"M","M","M","M","?","R","E","R","T","M","R","$","R","E","R","B",null,"R","$","E","B"],"character_chosen":"DEFECT","items_purchased":["Loop","Tiny Chest","Lantern","Happy Flower","Bag of Marbles","Defragment","Apotheosis","Ball Lightning","Coolheaded","Defragment"],"campfire_rested":1,"item_purchase_floors":[4,4,14,14,22,46,46,53,53,53],"current_hp_per_floor":[50,50,50,50,43,9,31,31,31,31,20,20,20,20,20,6,58,57,55,52,52,52,52,52,52,52,52,50,42,37,46,46,34,51,57,57,57,31,31,31,39,39,39,57,57,57,57,64,64,64,64,64,64,54,0],"gold":57,"neow_bonus":"TWO_FIFTY_GOLD","is_prod":false,"is_daily":false,"chose_seed":false,"campfire_upgraded":12,"win_rate":0,"timestamp":1550267355,"path_taken":["M","?","?","$","?","E","R","M","T","R","E","?","R","?","R","BOSS","M","M","?","?","?","R","M","R","T","R","?","?","M","E","R","BOSS","M","M","M","M","?","R","E","R","T","M","R","$","R","E","R","BOSS","R","$","E","BOSS"],"build_version":"2019-01-23","purchased_purges":1,"victory":false,"max_hp_per_floor":[75,75,75,75,75,75,75,75,75,75,75,75,75,75,75,75,75,75,75,52,52,52,52,52,52,52,52,52,57,57,57,57,57,57,57,57,57,57,57,57,64,64,64,64,64,64,64,64,64,64,64,64,64,64,64],"card_choices":[{"not_picked":["Reprogram","Stack"],"picked":"Cold Snap","floor":1.0},{"not_picked":["Compile Driver","Rebound"],"picked":"Blizzard","floor":3.0},{"not_picked":["Leap","Chill"],"picked":"Glacier","floor":5.0},{"not_picked":["Multi-Cast","Storm","Beam Cell"],"picked":"SKIP","floor":6.0},{"not_picked":["Aggregate","Barrage"],"picked":"Sweeping Beam","floor":8.0},{"not_picked":["Meteor Strike","Leap"],"picked":"Ball Lightning","floor":11.0},{"not_picked":["Reboot","Amplify"],"picked":"Biased Cognition","floor":16.0},{"not_picked":["Chill","Undo"],"picked":"Capacitor","floor":17.0},{"not_picked":["Tempest","Stack"],"picked":"Cold Snap","floor":17.0},{"not_picked":["Consume","Conserve Battery"],"picked":"Hologram","floor":17.0},{"not_picked":["Turbo","Streamline"],"picked":"Consume","floor":17.0},{"not_picked":["Stack","Rebound"],"picked":"Leap","floor":17.0},{"not_picked":["Streamline","Heatsinks"],"picked":"Capacitor","floor":18.0},{"not_picked":["Consume","Turbo","Streamline"],"picked":"SKIP","floor":19.0},{"not_picked":["Sweeping Beam","Scrape","Double Energy"],"picked":"SKIP","floor":24.0},{"not_picked":["Beam Cell","Scrape","Compile Driver+1"],"picked":"SKIP","floor":28.0},{"not_picked":["Static Discharge","Consume"],"picked":"Skim+1","floor":30.0},{"not_picked":["Force Field","Double Energy"],"picked":"Redo","floor":31.0},{"not_picked":["Creative AI","Machine Learning"],"picked":"Echo Form","floor":33.0},{"not_picked":["Beam Cell","Redo"],"picked":"Defragment","floor":35.0},{"not_picked":["Melter","Stack","Conserve Battery"],"picked":"SKIP","floor":36.0},{"not_picked":["Rebound+1","Coolheaded"],"picked":"Blizzard","floor":37.0},{"not_picked":["Sweeping Beam","Gash","Steam+1"],"picked":"SKIP","floor":38.0},{"not_picked":["Mayhem","Madness"],"picked":"Deep Breath","floor":39.0},{"not_picked":["White Noise+1","Heatsinks"],"picked":"Self Repair+1","floor":41.0},{"not_picked":["Gash+1","Barrage","Storm+1"],"picked":"SKIP","floor":44.0},{"not_picked":["Beam Cell+1","Gash","Rebound+1"],"picked":"SKIP","floor":48.0},{"not_picked":["Compile Driver","Reinforced Body"],"picked":"Lockon+1","floor":54.0}],"player_experience":194509,"relics_obtained":[{"floor":6.0,"key":"Bag of Preparation"},{"floor":9.0,"key":"Centennial Puzzle"},{"floor":11.0,"key":"Sundial"},{"floor":26.0,"key":"Anchor"},{"floor":31.0,"key":"Oddly Smooth Stone"},{"floor":41.0,"key":"Strawberry"},{"floor":48.0,"key":"Ancient Tea Set"},{"floor":54.0,"key":"Du-Vu Doll"}],"event_choices":[{"cards_removed":["Defend_B"],"damage_healed":0.0,"max_hp_gain":0.0,"max_hp_loss":0.0,"gold_gain":0.0,"event_name":"Bonfire Elementals","player_choice":"Offered Basic","floor":2.0,"gold_loss":0.0,"damage_taken":0.0},{"damage_healed":0.0,"max_hp_gain":0.0,"max_hp_loss":0.0,"gold_gain":0.0,"event_name":"Golden Idol","player_choice":"Take Wound","floor":12.0,"gold_loss":0.0,"damage_taken":0.0,"relics_obtained":["Golden Idol"],"cards_obtained":["Injury"]},{"damage_healed":0.0,"max_hp_gain":0.0,"max_hp_loss":23.0,"gold_gain":0.0,"event_name":"Vampires","player_choice":"Became a vampire","floor":20.0,"gold_loss":0.0,"damage_taken":0.0,"cards_obtained":["Bite","Bite","Bite","Bite","Bite"]},{"damage_healed":0.0,"max_hp_gain":0.0,"max_hp_loss":0.0,"gold_gain":0.0,"event_name":"Drug Dealer","player_choice":"Inject Mutagens","floor":21.0,"gold_loss":0.0,"damage_taken":0.0,"relics_obtained":["MutagenicStrength"]},{"damage_healed":0.0,"max_hp_gain":5.0,"max_hp_loss":0.0,"gold_gain":0.0,"event_name":"Forgotten Altar","player_choice":"Shed Blood","floor":29.0,"gold_loss":0.0,"damage_taken":13.0},{"damage_healed":0.0,"max_hp_gain":0.0,"max_hp_loss":0.0,"gold_gain":0.0,"event_name":"SensoryStone","player_choice":"Memory 1","floor":39.0,"gold_loss":0.0,"damage_taken":0.0}],"is_beta":false,"boss_relics":[{"not_picked":["Eternal Feather","White Beast Statue"],"picked":"Orrery"},{"not_picked":["Inserter","Nuclear Battery"],"picked":"Coffee Dripper"}],"items_purged_floors":[46],"is_endless":false,"potions_floor_spawned":[3,6,8,16,18,19,30,31,36,41,48],"killed_by":"The Heart","ascension_level":5}