{"gold_per_floor":[110,5,15,33,33,33,98,98,98,126,142,142,143,175,175,247,247,247,247,247,247,247,247,247,247,247,28,28,28,28,5,5,5],"floor_reached":33,"playtime":1411,"items_purged":["Strike_G"],"score":586,"play_id":"f52c2c0c-2231-4521-9f5e-46f3fda12042","local_time":"20190221024000","is_ascension_mode":true,"campfire_choices":[{"data":"Deadly Poison","floor":6.0,"key":"SMITH"},{"data":"Skewer","floor":8.0,"key":"SMITH"},{"floor":12.0,"key":"REST"},{"floor":15.0,"key":"REST"},{"floor":23.0,"key":"REST"},{"floor":28.0,"key":"REST"},{"data":"Catalyst","floor":32,"key":"SMITH"}],"neow_cost":"NONE","seed_source_timestamp":62062225671889,"circlet_count":0,"master_deck":["AscendersBane","Defend_G","Defend_G","Defend_G","Defend_G","Defend_G","Strike_G+1","Strike_G","Survivor","Neutralize+1","Deadly Poison","Deadly Poison+1","Skewer+1","Dagger Spray","Escape Plan","Dagger Throw","Cloak And Dagger","After Image","After Image","Quick Slash","Poisoned Stab+1","Predator+1","Backflip","Dash+1","Catalyst+1","Crippling Poison+1","Prepared+1","PiercingWail+1"],"special_seed":0,"relics":["Ring of the Snake","SsserpentHead","The Courier","Ice Cream","Letter Opener","Ectoplasm","Whetstone","Prayer Wheel","Happy Flower","Toxic Egg 2","Juzu Bracelet"],"potions_floor_usage":[29],"damage_taken":[{"damage":2.0,"enemies":"2 Louse","floor":1.0,"turns":3.0},{"damage":0.0,"enemies":"Cultist","floor":3.0,"turns":3.0},{"damage":1.0,"enemies":"Small Slimes","floor":4.0,"turns":4.0},{"damage":25.0,"enemies":"Exordium Wildlife","floor":7.0,"turns":5.0},{"damage":27.0,"enemies":"Lagavulin","floor":10.0,"turns":5.0},{"damage":1.0,"enemies":"Blue Slaver","floor":11.0,"turns":3.0},{"damage":20.0,"enemies":"Gremlin Nob","floor":14.0,"turns":4.0},{"damage":13.0,"enemies":"Hexaghost","floor":16.0,"turns":10.0},{"damage":1.0,"enemies":"3 Byrds","floor":18.0,"turns":4.0},{"damage":16.0,"enemies":"Chosen","floor":19.0,"turns":5.0},{"damage":13.0,"enemies":"Centurion and Healer","floor":20.0,"turns":7.0},{"damage":17.0,"enemies":"Slavers","floor":25.0,"turns":5.0},{"damage":18,"enemies":"Gremlin Leader","floor":29,"turns":7},{"damage":0,"enemies":"3 Cultists","floor":30,"turns":5},{"damage":31,"enemies":"Collector","floor":33,"turns":8}],"seed_played":"3326488453748387608","potions_obtained":[{"floor":4.0,"key":"Ancient Potion"},{"floor":7.0,"key":"Strength Potion"},{"floor":10.0,"key":"FearPotion"},{"floor":16.0,"key":"AttackPotion"},{"floor":19.0,"key":"FearPotion"},{"floor":20.0,"key":"Explosive Potion"},{"floor":25.0,"key":"PowerPotion"}],"is_trial":false,"path_per_floor":["M","$","M","M","?","R","M","R","T","E","M","R","?","E","R","B",null,"M","M","M","?","?","R","T","E","T","$","R","E","M","$","R","B"],"character_chosen":"THE_SILENT","items_purchased":["Deadly Poison","Toxic Egg 2","PiercingWail+1"],"campfire_rested":4,"item_purchase_floors":[2,27,31],"current_hp_per_floor":[57,57,57,56,56,56,31,31,31,4,3,22,22,2,21,8,52,51,35,22,22,22,41,41,24,24,24,43,25,25,25,25,0],"gold":5,"neow_bonus":"UPGRADE_CARD","is_prod":false,"is_daily":false,"chose_seed":false,"campfire_upgraded":3,"win_rate":0,"timestamp":1550734800,"path_taken":["M","$","M","M","?","R","?","R","T","E","M","R","?","E","R","BOSS","M","M","M","?","?","R","?","E","T","$","R","E","M","?","R","BOSS"],"build_version":"2019-01-23","purchased_purges":1,"victory":false,"max_hp_per_floor":[66,66,66,66,66,66,66,66,66,66,66,66,66,66,66,66,66,66,66,66,66,66,66,66,66,66,66,66,66,66,66,66,66],"card_choices":[{"not_picked":["Outmaneuver","Dagger Throw"],"picked":"Deadly Poison","floor":1.0},{"not_picked":["Accuracy","Finisher"],"picked":"Skewer","floor":3.0},{"not_picked":["Acrobatics","Cloak And Dagger"],"picked":"Dagger Spray","floor":4.0},{"not_picked":["Bane","Concentrate"],"picked":"Escape Plan","floor":7.0},{"not_picked":["Accuracy","Setup"],"picked":"Dagger Throw","floor":10.0},{"not_picked":["Dagger Throw","Prepared"],"picked":"Cloak And Dagger","floor":11.0},{"not_picked":["Caltrops","Distraction"],"picked":"After Image","floor":14.0},{"not_picked":["Adrenaline","Die Die Die"],"picked":"After Image","floor":16.0},{"not_picked":["Deadly Poison","Sucker Punch"],"picked":"Quick Slash","floor":18.0},{"not_picked":["Masterful Stab","Slice"],"picked":"Poisoned Stab+1","floor":19.0},{"not_picked":["Backflip","Doppelganger"],"picked":"Predator+1","floor":20.0},{"not_picked":["Acrobatics","Caltrops+1"],"picked":"Catalyst","floor":25.0},{"not_picked":["Outmaneuver+1","Poisoned Stab","Eviscerate"],"picked":"SKIP","floor":29},{"not_picked":["All Out Attack","Backstab"],"picked":"Crippling Poison+1","floor":30},{"not_picked":["Underhanded Strike","Riddle With Holes"],"picked":"Prepared+1","floor":30}],"player_experience":972783,"relics_obtained":[{"floor":9.0,"key":"The Courier"},{"floor":10.0,"key":"Ice Cream"},{"floor":14.0,"key":"Letter Opener"},{"floor":24.0,"key":"Whetstone"},{"floor":25.0,"key":"Prayer Wheel"},{"floor":26.0,"key":"Happy Flower"},{"floor":29,"key":"Juzu Bracelet"}],"event_choices":[{"damage_healed":0.0,"max_hp_gain":0.0,"max_hp_loss":0.0,"gold_gain":0.0,"event_name":"FaceTrader","player_choice":"Trade","floor":5.0,"gold_loss":0.0,"damage_taken":0.0,"relics_obtained":["SsserpentHead"]},{"damage_healed":0.0,"max_hp_gain":0.0,"max_hp_loss":0.0,"gold_gain":0.0,"event_name":"World of Goop","player_choice":"Left Gold","floor":13.0,"gold_loss":49.0,"damage_taken":0.0},{"damage_healed":0.0,"max_hp_gain":0.0,"max_hp_loss":0.0,"gold_gain":0.0,"event_name":"Cursed Tome","player_choice":"Ignored","floor":21.0,"gold_loss":0.0,"damage_taken":0.0},{"damage_healed":0.0,"max_hp_gain":0.0,"max_hp_loss":0.0,"gold_gain":0.0,"cards_transformed":["Strike_G","Strike_G"],"event_name":"Drug Dealer","player_choice":"Became Test Subject","floor":22.0,"gold_loss":0.0,"damage_taken":0.0,"cards_obtained":["Backflip","Dash"]}],"is_beta":false,"boss_relics":[{"not_picked":["Eternal Feather","Velvet Choker"],"picked":"Ectoplasm"}],"items_purged_floors":[2],"is_endless":false,"potions_floor_spawned":[4,7,10,16,19,20,25],"killed_by":"Collector","ascension_level":20}