{"gold_per_floor":[112,127,32,32,32,32,57,76,126,52,68,88,12,12],"floor_reached":14,"playtime":876,"items_purged":[],"score":90,"play_id":"1c2af9d1-4e20-43a1-80d0-74e3997c9aa3","local_time":"20190215165226","is_ascension_mode":false,"campfire_choices":[{"data":"Static Discharge","floor":6,"key":"SMITH"}],"neow_cost":"NONE","seed_source_timestamp":177637555220900,"circlet_count":0,"master_deck":["Strike_B","Strike_B","Strike_B","Strike_B","Defend_B","Defend_B","Defend_B","Defend_B","Zap","Dualcast","Forethought","Glacier","Beam Cell","Static Discharge+1","Ball Lightning","Decay","Hello World","Creative AI","Loop","Capacitor","Loop"],"relics":["Cracked Core","Pen Nib","Anchor"],"potions_floor_usage":[],"damage_taken":[{"damage":0,"enemies":"Cultist","floor":1,"turns":3},{"damage":1,"enemies":"Small Slimes","floor":2,"turns":3},{"damage":18,"enemies":"3 Sentries","floor":7,"turns":6},{"damage":11,"enemies":"Jaw Worm","floor":8,"turns":2},{"damage":5,"enemies":"Red Slaver","floor":11,"turns":4},{"damage":19,"enemies":"Exordium Wildlife","floor":12,"turns":5},{"damage":28,"enemies":"Lagavulin","floor":14,"turns":4}],"seed_played":"8369035962145199584","potions_obtained":[{"floor":2,"key":"Fire Potion"},{"floor":11,"key":"Energy Potion"},{"floor":12,"key":"FocusPotion"}],"is_trial":false,"path_per_floor":["M","M","$","?","?","R","E","M","T","$","M","M","$","E"],"character_chosen":"DEFECT","items_purchased":["Static Discharge","Ball Lightning","Loop","Loop"],"campfire_rested":0,"item_purchase_floors":[3,3,10,13],"current_hp_per_floor":[75,74,74,79,79,79,61,50,50,50,45,26,26,0],"gold":12,"neow_bonus":"RANDOM_COLORLESS","is_prod":false,"is_daily":false,"chose_seed":false,"campfire_upgraded":1,"win_rate":0.0,"timestamp":1550267546,"path_taken":["M","M","$","?","?","R","E","M","T","$","?","M","?","E"],"build_version":"2019-01-23","purchased_purges":0,"victory":false,"max_hp_per_floor":[75,75,75,80,80,80,80,80,80,80,80,80,80,80],"card_choices":[{"not_picked":["Storm","Static Discharge"],"picked":"Glacier","floor":1},{"not_picked":["Steam","Coolheaded"],"picked":"Beam Cell","floor":2},{"not_picked":["Hologram","Sweeping Beam"],"picked":"Hello World","floor":7},{"not_picked":["Go for the Eyes","Beam Cell"],"picked":"Creative AI","floor":8},{"not_picked":["Streamline","Sweeping Beam","Redo"],"picked":"SKIP","floor":11},{"not_picked":["Steam Power","Rip and Tear"],"picked":"Capacitor","floor":12}],"player_experience":83308,"relics_obtained":[{"floor":7,"key":"Pen Nib"},{"floor":9,"key":"Anchor"}],"event_choices":[{"damage_healed":0,"gold_gain":0,"player_choice":"Donut","damage_taken":0,"max_hp_gain":5,"max_hp_loss":0,"event_name":"Big Fish","floor":4,"gold_loss":0},{"damage_healed":0,"gold_gain":0,"player_choice":"Cursed","damage_taken":0,"max_hp_gain":0,"max_hp_loss":0,"event_name":"Wheel of Change","floor":5,"gold_loss":0,"cards_obtained":["Decay"]}],"is_beta":false,"boss_relics":[],"items_purged_floors":[],"is_endless":false,"potions_floor_spawned":[2,11,12],"killed_by":"Lagavulin","ascension_level":0}