{"gold_per_floor":[119,99,109,128,43,43,62,62,62,74,101,118,150,166,166,261,261,275,374,387,10,10,10,41,41,41,52,67,67,67,79,79,183,183,196,209,134,145,145,200,200,230,230,130,145,245,245,260,260,260,260,260,9,36,36],"floor_reached":56,"playtime":3580,"items_purged":["Strike_B","Strike_B"],"score":1289,"play_id":"eb75ad4a-8984-4a4e-a6cb-c4b6ee17b3fe","local_time":"20190211183319","is_ascension_mode":false,"campfire_choices":[{"data":"Zap","floor":6,"key":"SMITH"},{"data":"Capacitor","floor":8,"key":"SMITH"},{"floor":15,"key":"REST"},{"data":"Apotheosis","floor":23,"key":"SMITH"},{"data":"Defragment","floor":25,"key":"SMITH"},{"floor":30,"key":"DIG"},{"floor":32,"key":"DIG"},{"floor":41,"key":"DIG"},{"floor":49,"key":"RECALL"},{"floor":52,"key":"DIG"}],"neow_cost":"NONE","seed_source_timestamp":23291415678824,"circlet_count":0,"master_deck":["Strike_B","Strike_B","Defend_B","Defend_B","Defend_B","Defend_B","Zap+1","Dualcast","Streamline","Hologram","Capacitor+1","Ball Lightning","Tempest","Sunder","Defragment","BootSequence","Glacier","Echo Form","Defragment+1","Glacier","Apotheosis+1","Storm","Self Repair","Creative AI","Double Energy","Blizzard+1","Coolheaded","Core Surge"],"relics":["Cracked Core","Question Card","Calipers","Ancient Tea Set","Busted Crown","ClockworkSouvenir","Bag of Preparation","Shovel","Ice Cream","Torii","Omamori","Nuclear Battery","Tiny Chest","Turnip","Oddly Smooth Stone","Strawberry","Pocketwatch","Dead Branch","Dodecahedron","Chemical X","Thread and Needle"],"potions_floor_usage":[10,10,12,16,16,28,38,38,40,55],"damage_taken":[{"damage":0,"enemies":"2 Louse","floor":1,"turns":3},{"damage":4,"enemies":"Cultist","floor":3,"turns":3},{"damage":4,"enemies":"Jaw Worm","floor":4,"turns":4},{"damage":7,"enemies":"2 Fungi Beasts","floor":7,"turns":3},{"damage":10,"enemies":"Lots of Slimes","floor":10,"turns":3},{"damage":26,"enemies":"Lagavulin","floor":11,"turns":5},{"damage":3,"enemies":"Red Slaver","floor":12,"turns":2},{"damage":6,"enemies":"Gremlin Nob","floor":13,"turns":3},{"damage":0,"enemies":"Looter","floor":14,"turns":2},{"damage":1,"enemies":"The Guardian","floor":16,"turns":10},{"damage":0,"enemies":"Spheric Guardian","floor":18,"turns":4},{"damage":0,"enemies":"Chosen","floor":20,"turns":6},{"damage":0,"enemies":"Gremlin Leader","floor":24,"turns":6},{"damage":0,"enemies":"Centurion and Healer","floor":27,"turns":6},{"damage":17,"enemies":"Snake Plant","floor":28,"turns":5},{"damage":0,"enemies":"Shelled Parasite and Fungi","floor":31,"turns":5},{"damage":0,"enemies":"Champ","floor":33,"turns":8},{"damage":12,"enemies":"3 Shapes","floor":35,"turns":5},{"damage":7,"enemies":"3 Darklings","floor":36,"turns":5},{"damage":15,"enemies":"Jaw Worm Horde","floor":38,"turns":5},{"damage":12,"enemies":"Nemesis","floor":40,"turns":9},{"damage":0,"enemies":"Giant Head","floor":42,"turns":8},{"damage":8,"enemies":"Writhing Mass","floor":45,"turns":5},{"damage":1,"enemies":"Mind Bloom Boss Battle","floor":46,"turns":9},{"damage":0,"enemies":"Spire Growth","floor":48,"turns":4},{"damage":16,"enemies":"Time Eater","floor":50,"turns":10},{"damage":35,"enemies":"Shield and Spear","floor":54,"turns":8},{"damage":33,"enemies":"The Heart","floor":55,"turns":10}],"seed_played":"-7317417335859224518","potions_obtained":[{"floor":1,"key":"Swift Potion"},{"floor":2,"key":"SneckoOil"},{"floor":11,"key":"SpeedPotion"},{"floor":13,"key":"SneckoOil"},{"floor":14,"key":"AttackPotion"},{"floor":18,"key":"Swift Potion"},{"floor":28,"key":"Dexterity Potion"},{"floor":31,"key":"Poison Potion"},{"floor":33,"key":"Explosive Potion"},{"floor":35,"key":"Energy Potion"},{"floor":42,"key":"SteroidPotion"}],"is_trial":false,"path_per_floor":["M","?","M","M","$","R","M","R","T","M","E","M","E","M","R","B",null,"M","?","M","$","?","R","E","R","T","M","M","$","R","M","R","B",null,"M","M","$","M","T","E","R","E","T","$","M","?","T","M","R","B",null,"R","$","E","B",null],"character_chosen":"DEFECT","items_purchased":["Capacitor","Ball Lightning","Apotheosis","ClockworkSouvenir","Chemical X","Coolheaded"],"campfire_rested":1,"item_purchase_floors":[5,5,21,21,53,53],"current_hp_per_floor":[75,75,71,67,67,67,60,60,60,50,24,21,15,15,37,36,75,75,75,75,75,75,75,75,75,75,75,58,58,58,58,58,58,75,70,73,73,58,58,66,66,75,82,82,74,82,82,82,82,82,82,82,82,47,14],"gold":36,"neow_bonus":"RANDOM_COLORLESS","is_prod":false,"is_daily":false,"chose_seed":false,"campfire_upgraded":4,"win_rate":0,"timestamp":1549906399,"path_taken":["M","?","?","M","$","R","M","R","T","M","E","M","E","M","R","BOSS","M","?","M","$","?","R","E","R","T","M","M","$","R","M","R","BOSS","M","M","$","?","?","E","R","E","T","$","M","?","?","?","R","BOSS","R","$","E","BOSS"],"build_version":"2019-01-23","purchased_purges":2,"victory":true,"max_hp_per_floor":[75,75,75,75,75,75,75,75,75,75,75,75,75,75,75,75,75,75,75,75,75,75,75,75,75,75,75,75,75,75,75,75,75,75,75,75,75,75,75,75,75,75,82,82,82,82,82,82,82,82,82,82,82,82,82],"card_choices":[{"not_picked":["Sweeping Beam","Compile Driver"],"picked":"Streamline","floor":1},{"not_picked":["Double Energy","Stack"],"picked":"Hologram","floor":3},{"not_picked":["Streamline","Sweeping Beam","Steam"],"picked":"SKIP","floor":4},{"not_picked":["Turbo","Streamline"],"picked":"Tempest","floor":7},{"not_picked":["Force Field","Melter","Go for the Eyes"],"picked":"Sunder","floor":10},{"not_picked":["Loop","Auto Shields","Conserve Battery"],"picked":"Defragment","floor":11},{"not_picked":["Stack","Scrape","Darkness"],"picked":"BootSequence","floor":12},{"not_picked":["Rip and Tear","Rebound","Darkness","Compile Driver"],"picked":"SKIP","floor":13},{"not_picked":["Self Repair","Recycle","Chaos"],"picked":"Glacier","floor":14},{"not_picked":["Meteor Strike","Seek","Multi-Cast"],"picked":"Echo Form","floor":16},{"not_picked":["Hologram"],"picked":"Defragment","floor":18},{"not_picked":["Hologram+1"],"picked":"Glacier","floor":20},{"not_picked":["Gash"],"picked":"Storm","floor":24},{"not_picked":["Rebound+1","Stack"],"picked":"SKIP","floor":27},{"not_picked":["Stack","Capacitor"],"picked":"SKIP","floor":28},{"not_picked":["Auto Shields+1"],"picked":"Self Repair","floor":31},{"not_picked":["All For One"],"picked":"Creative AI","floor":33},{"not_picked":["Genetic Algorithm"],"picked":"Double Energy","floor":35},{"not_picked":["Static Discharge+1","Conserve Battery+1"],"picked":"SKIP","floor":36},{"not_picked":["Steam","Go for the Eyes+1"],"picked":"SKIP","floor":38},{"not_picked":["Steam+1","Go for the Eyes+1"],"picked":"SKIP","floor":40},{"not_picked":["Force Field+1","Steam+1"],"picked":"SKIP","floor":42},{"not_picked":["Go for the Eyes+1","Redo+1"],"picked":"SKIP","floor":45},{"not_picked":["Sweeping Beam+1"],"picked":"Blizzard+1","floor":48},{"not_picked":["Streamline+1"],"picked":"Core Surge","floor":54}],"player_experience":134843,"relics_obtained":[{"floor":9,"key":"Question Card"},{"floor":11,"key":"Calipers"},{"floor":13,"key":"Ancient Tea Set"},{"floor":24,"key":"Shovel"},{"floor":26,"key":"Ice Cream"},{"floor":30,"key":"Torii"},{"floor":32,"key":"Omamori"},{"floor":40,"key":"Tiny Chest"},{"floor":41,"key":"Turnip"},{"floor":42,"key":"Oddly Smooth Stone"},{"floor":43,"key":"Strawberry"},{"floor":46,"key":"Pocketwatch"},{"floor":47,"key":"Dead Branch"},{"floor":52,"key":"Dodecahedron"},{"floor":54,"key":"Thread and Needle"}],"event_choices":[{"damage_healed":0,"gold_gain":0,"player_choice":"Bought 1 Potion","damage_taken":0,"max_hp_gain":0,"max_hp_loss":0,"event_name":"The Woman in Blue","floor":2,"gold_loss":0},{"damage_healed":0,"gold_gain":99,"player_choice":"Stole From Cult","damage_taken":0,"max_hp_gain":0,"max_hp_loss":0,"event_name":"Nest","floor":19,"gold_loss":0},{"cards_removed":["Finesse"],"damage_healed":0,"gold_gain":0,"player_choice":"Gave Card","damage_taken":0,"relics_obtained":["Bag of Preparation"],"max_hp_gain":0,"max_hp_loss":0,"event_name":"WeMeetAgain","floor":22,"gold_loss":0},{"damage_healed":0,"gold_gain":0,"player_choice":"Fight","damage_taken":0,"max_hp_gain":0,"max_hp_loss":0,"event_name":"MindBloom","floor":46,"gold_loss":0}],"is_beta":false,"boss_relics":[{"not_picked":["Eternal Feather","Velvet Choker"],"picked":"Busted Crown"},{"not_picked":["Calling Bell","Tiny House"],"picked":"Nuclear Battery"}],"items_purged_floors":[37,44],"is_endless":false,"potions_floor_spawned":[1,11,13,14,18,28,31,33,35,42],"ascension_level":0}