{"gold_per_floor":[110,125,137,156,168,168,195,28,28,60,88,117,142,154,166,283,295,320,18,18,18,34,62,62,95,95,150,65,65,83,83,83,183,183,200,217,229,239,239,239,12,40,40,67,92,121,131,0,0,0,0,0,0,26,26],"floor_reached":56,"playtime":5149,"items_purged":["Strike_G"],"score":1885,"play_id":"989314a5-757a-4539-a91f-0b8d586cbc1e","local_time":"20190215212303","is_ascension_mode":true,"campfire_choices":[{"data":"Skewer","floor":6,"key":"SMITH"},{"floor":15,"key":"REST"},{"floor":24,"key":"REST"},{"floor":29,"key":"REST"},{"data":"Doppelganger","floor":32,"key":"SMITH"},{"data":"Backflip","floor":40,"key":"SMITH"},{"floor":49,"key":"RECALL"},{"data":"Dash","floor":52,"key":"SMITH"}],"neow_cost":"NONE","seed_source_timestamp":5353414813992,"circlet_count":0,"master_deck":["Defend_G+1","Defend_G+1","Defend_G+1","Defend_G+1","Strike_G+1","Strike_G+1","Survivor","Neutralize","Doppelganger+1","Sucker Punch","Blade Dance","Dash+1","Skewer+1","Flying Knee","Cloak And Dagger","Dagger Throw","Corpse Explosion","Backflip+1","A Thousand Cuts+1","Leg Sweep+1","Tactician+1","Bullet Time+1","Dagger Spray+1","Burst+1","Well Laid Plans+1","Acrobatics+1","Malaise+1","Footwork+1","Poisoned Stab","Acrobatics+1","Blur+1","Footwork+1","Cloak And Dagger+1","Malaise+1","Crippling Poison+1","Catalyst+1"],"relics":["Ring of the Serpent","Pear","Oddly Smooth Stone","Lantern","MawBank","Frozen Egg 2","Toxic Egg 2","Mummified Hand","Blood Vial","Pantograph","Tiny Chest","Busted Crown","Vajra","Dodecahedron","Juzu Bracelet","Boot","Red Mask","Snake Skull"],"potions_floor_usage":[5,11,22,23,23,27,33,33,42,55,55],"damage_taken":[{"damage":6,"enemies":"Cultist","floor":1,"turns":5},{"damage":1,"enemies":"Small Slimes","floor":2,"turns":4},{"damage":0,"enemies":"Jaw Worm","floor":3,"turns":4},{"damage":0,"enemies":"Looter","floor":4,"turns":4},{"damage":10,"enemies":"Exordium Wildlife","floor":5,"turns":5},{"damage":15,"enemies":"Lagavulin","floor":7,"turns":7},{"damage":9,"enemies":"Gremlin Nob","floor":10,"turns":4},{"damage":0,"enemies":"3 Louse","floor":11,"turns":1},{"damage":0,"enemies":"Blue Slaver","floor":12,"turns":4},{"damage":0,"enemies":"Exordium Wildlife","floor":13,"turns":3},{"damage":30,"enemies":"Slime Boss","floor":16,"turns":12},{"damage":23,"enemies":"Shell Parasite","floor":18,"turns":7},{"damage":14,"enemies":"3 Byrds","floor":22,"turns":3},{"damage":1,"enemies":"Slavers","floor":23,"turns":3},{"damage":17,"enemies":"Gremlin Leader","floor":25,"turns":6},{"damage":9,"enemies":"Book of Stabbing","floor":27,"turns":6},{"damage":0,"enemies":"Centurion and Healer","floor":30,"turns":4},{"damage":21,"enemies":"Collector","floor":33,"turns":7},{"damage":0,"enemies":"3 Shapes","floor":35,"turns":1},{"damage":22,"enemies":"3 Darklings","floor":36,"turns":5},{"damage":0,"enemies":"Maw","floor":37,"turns":8},{"damage":3,"enemies":"4 Shapes","floor":38,"turns":2},{"damage":0,"enemies":"Reptomancer","floor":42,"turns":7},{"damage":0,"enemies":"Nemesis","floor":44,"turns":11},{"damage":0,"enemies":"Giant Head","floor":46,"turns":6},{"damage":0,"enemies":"Jaw Worm Horde","floor":47,"turns":4},{"damage":0,"enemies":"Donu and Deca","floor":50,"turns":6},{"damage":7,"enemies":"Shield and Spear","floor":54,"turns":5},{"damage":78,"enemies":"The Heart","floor":55,"turns":12}],"seed_played":"2885389359273175887","potions_obtained":[{"floor":1,"key":"Explosive Potion"},{"floor":2,"key":"Fire Potion"},{"floor":3,"key":"Ancient Potion"},{"floor":10,"key":"Swift Potion"},{"floor":16,"key":"Explosive Potion"},{"floor":18,"key":"LiquidBronze"},{"floor":25,"key":"AttackPotion"},{"floor":30,"key":"SkillPotion"},{"floor":36,"key":"SneckoOil"},{"floor":37,"key":"PowerPotion"},{"floor":44,"key":"GamblersBrew"}],"is_trial":false,"path_per_floor":["M","M","M","M","M","R","E","$","T","E","M","M","M","?","R","B",null,"M","$","?","?","M","E","R","E","T","E","$","R","M","?","R","B",null,"M","M","M","M","?","R","$","E","T","E","T","E","M","?","R","B",null,"R","$","E","B",null],"character_chosen":"THE_SILENT","items_purchased":["Oddly Smooth Stone","Cloak And Dagger","Toxic Egg 2","Well Laid Plans+1","Dexterity Potion","Footwork+1","Cloak And Dagger+1","Malaise+1"],"campfire_rested":3,"item_purchase_floors":[8,8,19,28,28,41,41,41],"current_hp_per_floor":[57,56,56,56,46,46,41,41,41,32,32,32,32,7,31,1,60,37,37,22,22,8,7,32,15,15,8,8,33,35,35,35,41,74,76,56,58,57,57,57,57,59,59,61,61,63,65,65,65,85,85,85,85,78,7],"gold":26,"neow_bonus":"ONE_RANDOM_RARE_CARD","is_prod":false,"is_daily":false,"chose_seed":false,"campfire_upgraded":4,"win_rate":0,"timestamp":1550294583,"path_taken":["M","M","M","M","M","R","E","$","T","E","?","M","M","?","R","BOSS","M","$","?","?","M","E","R","E","T","E","?","R","M","?","R","BOSS","M","M","M","M","?","R","$","E","T","E","?","E","M","?","R","BOSS","R","$","E","BOSS"],"build_version":"2019-01-23","purchased_purges":1,"victory":true,"max_hp_per_floor":[70,70,70,70,70,70,80,80,80,80,80,80,80,80,80,80,80,80,80,85,85,85,85,85,85,85,85,85,85,85,85,85,85,85,85,85,85,85,85,85,85,85,85,85,85,85,85,85,85,85,85,85,85,85,85],"card_choices":[{"not_picked":["Bane","Slice"],"picked":"Sucker Punch","floor":1},{"not_picked":["Concentrate","Finisher"],"picked":"Blade Dance","floor":2},{"not_picked":["Backflip","Blur"],"picked":"Dash","floor":3},{"not_picked":["Flying Knee","Sucker Punch"],"picked":"Skewer","floor":4},{"not_picked":["All Out Attack","Sucker Punch"],"picked":"Flying Knee","floor":5},{"not_picked":["Deflect","Flying Knee","Predator"],"picked":"SKIP","floor":7},{"not_picked":["Bane","Reflex"],"picked":"Dagger Throw","floor":10},{"not_picked":["Masterful Stab","Sucker Punch","Outmaneuver"],"picked":"SKIP","floor":11},{"not_picked":["Bouncing Flask","Cloak And Dagger"],"picked":"Corpse Explosion","floor":12},{"not_picked":["Flying Knee","Dagger Throw"],"picked":"Backflip","floor":13},{"not_picked":["Night Terror","Unload"],"picked":"A Thousand Cuts+1","floor":16},{"not_picked":["Backflip","Flying Knee"],"picked":"Leg Sweep+1","floor":18},{"not_picked":["Prepared+1","Poisoned Stab+1"],"picked":"Dagger Spray+1","floor":22},{"not_picked":["Bane","Skewer","Underhanded Strike"],"picked":"SKIP","floor":23},{"not_picked":["Distraction+1","Flechettes+1"],"picked":"Burst+1","floor":25},{"not_picked":["Outmaneuver+1","Heel Hook","Dagger Throw"],"picked":"SKIP","floor":27},{"not_picked":["Deadly Poison+1","Deflect+1"],"picked":"Acrobatics+1","floor":30},{"not_picked":["Corpse Explosion+1","Die Die Die"],"picked":"Malaise+1","floor":33},{"not_picked":[],"picked":"Footwork+1","floor":35},{"not_picked":[],"picked":"Poisoned Stab","floor":36},{"not_picked":[],"picked":"Acrobatics+1","floor":37},{"not_picked":[],"picked":"Blur+1","floor":38},{"not_picked":[],"picked":"Crippling Poison+1","floor":42},{"not_picked":[],"picked":"Catalyst+1","floor":44},{"not_picked":["Flying Knee"],"picked":"SKIP","floor":46},{"not_picked":["Heel Hook"],"picked":"SKIP","floor":47},{"not_picked":["Finisher"],"picked":"SKIP","floor":54}],"player_experience":172129,"relics_obtained":[{"floor":7,"key":"Pear"},{"floor":9,"key":"Lantern"},{"floor":10,"key":"MawBank"},{"floor":23,"key":"Mummified Hand"},{"floor":25,"key":"Blood Vial"},{"floor":26,"key":"Pantograph"},{"floor":27,"key":"Tiny Chest"},{"floor":42,"key":"Vajra"},{"floor":44,"key":"Dodecahedron"},{"floor":45,"key":"Juzu Bracelet"},{"floor":46,"key":"Boot"},{"floor":54,"key":"Snake Skull"}],"event_choices":[{"damage_healed":0,"gold_gain":0,"player_choice":"Success","damage_taken":25,"relics_obtained":["Frozen Egg 2"],"max_hp_gain":0,"max_hp_loss":0,"event_name":"Scrap Ooze","floor":14,"gold_loss":0},{"damage_healed":0,"gold_gain":0,"player_choice":"Shed Blood","damage_taken":20,"max_hp_gain":5,"max_hp_loss":0,"event_name":"Forgotten Altar","floor":20,"gold_loss":0},{"damage_healed":0,"gold_gain":0,"cards_transformed":["Strike_G","Strike_G"],"player_choice":"Became Test Subject","damage_taken":0,"max_hp_gain":0,"max_hp_loss":0,"event_name":"Drug Dealer","floor":21,"gold_loss":0,"cards_obtained":["Tactician","Bullet Time"]},{"damage_healed":0,"gold_gain":0,"player_choice":"Simplicity","damage_taken":0,"max_hp_gain":0,"max_hp_loss":0,"event_name":"Back to Basics","floor":31,"gold_loss":0,"cards_upgraded":["Defend_G","Defend_G","Defend_G","Defend_G","Defend_G","Strike_G","Strike_G"]},{"cards_removed":["Defend_G"],"damage_healed":0,"gold_gain":0,"player_choice":"Removed Skill","damage_taken":0,"max_hp_gain":0,"max_hp_loss":0,"event_name":"Falling","floor":39,"gold_loss":0},{"damage_healed":0,"gold_gain":0,"player_choice":"Paid","damage_taken":0,"relics_obtained":["Red Mask"],"max_hp_gain":0,"max_hp_loss":0,"event_name":"Tomb of Lord Red Mask","floor":48,"gold_loss":131}],"is_beta":false,"boss_relics":[{"not_picked":["Pandora\u0027s Box","Fusion Hammer"],"picked":"Ring of the Serpent"},{"not_picked":["White Beast Statue","Calling Bell"],"picked":"Busted Crown"}],"items_purged_floors":[19],"is_endless":false,"potions_floor_spawned":[1,2,3,10,16,18,25,30,36,37,44],"ascension_level":8}