{"gold_per_floor":[119,81,81,91,106,106,132,132,205,224,242,36,50,50,50,147,147,160,180,95,110,110,110,141,141,222,241,241,257,0,11,11,115,115,125,139,29,29,129,129,147,147,147,157,167,182,200,210,210,210],"floor_reached":51,"playtime":3550,"items_purged":["Strike_B"],"score":775,"play_id":"412cdf69-a81d-4de0-8e36-b12c77764b64","local_time":"20190223071220","is_ascension_mode":false,"campfire_choices":[{"data":"Genetic Algorithm","floor":6,"key":"SMITH"},{"data":"Redo","floor":8,"key":"SMITH"},{"data":"Coolheaded","floor":15,"key":"SMITH"},{"floor":23,"key":"REST"},{"data":"Consume","floor":32,"key":"SMITH"},{"data":"Apotheosis","floor":40,"key":"SMITH"},{"data":"Strike_B","floor":42,"key":"PURGE"},{"floor":49,"key":"REST"}],"neow_cost":"NONE","seed_source_timestamp":0,"circlet_count":0,"master_deck":["Strike_B","Strike_B","Defend_B","Defend_B","Defend_B","Defend_B","Zap","Dualcast","Coolheaded+1","Redo+1","Recycle","Genetic Algorithm+1","Cold Snap","Capacitor","Hologram","Seek","Burst","Power Through","Armaments+1","Leap","Ball Lightning","Go for the Eyes","Conserve Battery","Consume+1","Reboot","Headbutt","PiercingWail+1","Chill","Apotheosis+1","Prepared+1","Stack+1","Mind Blast+1","Shrug It Off","Bullet Time","After Image"],"relics":["Cracked Core","Bag of Preparation","Bottled Lightning","PrismaticShard","Calipers","Nilry\u0027s Codex","Peace Pipe","Oddly Smooth Stone","Bottled Flame","Nloth\u0027s Gift","Lee\u0027s Waffle","Philosopher\u0027s Stone","Thread and Needle","Blue Candle"],"potions_floor_usage":[18,24,24,31,41,50,50],"damage_taken":[{"damage":0,"enemies":"Small Slimes","floor":1,"turns":3},{"damage":1,"enemies":"Cultist","floor":4,"turns":3},{"damage":6,"enemies":"Jaw Worm","floor":5,"turns":3},{"damage":31,"enemies":"Lagavulin","floor":7,"turns":9},{"damage":2,"enemies":"Looter","floor":10,"turns":3},{"damage":1,"enemies":"Large Slime","floor":11,"turns":6},{"damage":3,"enemies":"Blue Slaver","floor":13,"turns":4},{"damage":11,"enemies":"The Guardian","floor":16,"turns":18},{"damage":21,"enemies":"Spheric Guardian","floor":18,"turns":6},{"damage":20,"enemies":"3 Byrds","floor":19,"turns":7},{"damage":23,"enemies":"Sentry and Sphere","floor":21,"turns":12},{"damage":42,"enemies":"Slavers","floor":24,"turns":10},{"damage":0,"enemies":"Centurion and Healer","floor":27,"turns":13},{"damage":22,"enemies":"Chosen and Byrds","floor":29,"turns":10},{"damage":5,"enemies":"3 Cultists","floor":31,"turns":9},{"damage":54,"enemies":"Automaton","floor":33,"turns":19},{"damage":23,"enemies":"3 Darklings","floor":35,"turns":6},{"damage":0,"enemies":"3 Shapes","floor":36,"turns":7},{"damage":0,"enemies":"Mind Bloom Boss Battle","floor":39,"turns":8},{"damage":19,"enemies":"Spire Growth","floor":41,"turns":7},{"damage":0,"enemies":"Sphere and 2 Shapes","floor":44,"turns":8},{"damage":0,"enemies":"Transient","floor":45,"turns":5},{"damage":8,"enemies":"Jaw Worm Horde","floor":46,"turns":7},{"damage":0,"enemies":"Spire Growth","floor":47,"turns":7},{"damage":0,"enemies":"Maw","floor":48,"turns":8},{"damage":25,"enemies":"Awakened One","floor":50,"turns":19}],"seed_played":"-7554730940685468872","potions_obtained":[{"floor":1,"key":"Regen Potion"},{"floor":7,"key":"Swift Potion"},{"floor":21,"key":"FocusPotion"},{"floor":27,"key":"PowerPotion"},{"floor":29,"key":"FearPotion"},{"floor":31,"key":"GamblersBrew"},{"floor":33,"key":"FearPotion"},{"floor":44,"key":"Regen Potion"}],"is_trial":false,"path_per_floor":["M","$","?","M","M","R","E","R","T","M","M","$","M","?","R","B",null,"M","M","?","M","?","R","E","?","T","M","?","M","$","M","R","B",null,"M","M","$","?","?","R","M","R","T","M","M","M","M","M","R","B",null],"character_chosen":"DEFECT","items_purchased":["Recycle","PrismaticShard","Lee\u0027s Waffle","Conserve Battery","Chill"],"campfire_rested":2,"item_purchase_floors":[2,12,30,30,37],"current_hp_per_floor":[75,75,75,74,68,68,37,37,37,35,34,34,31,56,56,45,75,63,43,43,20,4,26,37,37,37,37,37,15,82,77,77,23,82,59,59,59,59,59,59,40,40,40,40,40,32,32,32,56,46],"gold":210,"neow_bonus":"THREE_CARDS","is_prod":false,"is_daily":false,"chose_seed":true,"campfire_upgraded":5,"win_rate":0,"timestamp":1550873540,"path_taken":["M","$","?","M","M","R","E","R","T","?","M","$","M","?","R","BOSS","M","M","?","M","?","R","E","?","T","?","?","M","$","M","R","BOSS","M","M","$","?","?","R","M","R","T","?","M","M","M","M","R","BOSS"],"build_version":"2019-01-23","purchased_purges":1,"victory":true,"max_hp_per_floor":[75,75,75,75,75,75,75,75,75,75,75,75,75,75,75,75,75,75,75,75,75,75,75,75,75,75,75,75,75,82,82,82,82,82,82,82,82,82,82,82,82,82,82,82,82,82,82,82,82,82],"card_choices":[{"not_picked":["Barrage","Leap"],"picked":"Coolheaded","floor":0},{"not_picked":["Rebound","FTL"],"picked":"Redo","floor":1},{"not_picked":["Ball Lightning","Steam Power"],"picked":"Genetic Algorithm","floor":4},{"not_picked":["Go for the Eyes","Rebound"],"picked":"Cold Snap","floor":5},{"not_picked":["Gash","Beam Cell"],"picked":"Capacitor","floor":7},{"not_picked":["Stack","Force Field","Rip and Tear"],"picked":"SKIP","floor":10},{"not_picked":["Chaos","Rebound"],"picked":"Hologram","floor":11},{"not_picked":["Lockon","Glacier"],"picked":"Seek","floor":13},{"not_picked":["Brutality","Core Surge"],"picked":"Burst","floor":16},{"not_picked":["Sword Boomerang","Body Slam+1"],"picked":"Power Through","floor":18},{"not_picked":["Perfected Strike","Sunder"],"picked":"Armaments+1","floor":19},{"not_picked":["Turbo+1","Blade Dance"],"picked":"Leap","floor":21},{"not_picked":["Cloak And Dagger","Clothesline"],"picked":"Ball Lightning","floor":24},{"not_picked":["Dark Shackles+1","Sword Boomerang","Compile Driver"],"picked":"SKIP","floor":27},{"not_picked":["Thunder Strike","Acrobatics"],"picked":"Go for the Eyes","floor":29},{"not_picked":["Headbutt","Rage"],"picked":"Consume","floor":31},{"not_picked":["Fission","Night Terror"],"picked":"Reboot","floor":33},{"not_picked":["Fire Breathing+1","Force Field"],"picked":"Headbutt","floor":35},{"not_picked":["Heavy Blade+1","Blade Dance+1"],"picked":"PiercingWail+1","floor":36},{"not_picked":["Secret Technique","Discovery"],"picked":"Apotheosis","floor":38},{"not_picked":["Headbutt","Cleave+1"],"picked":"Prepared+1","floor":39},{"not_picked":["Backflip","Gash"],"picked":"Stack+1","floor":41},{"not_picked":["Bane","Heavy Blade+1","Backstab"],"picked":"SKIP","floor":44},{"not_picked":["Ghostly Armor+1","Melter"],"picked":"Mind Blast+1","floor":45},{"not_picked":["All For One","Dagger Throw+1"],"picked":"Shrug It Off","floor":46},{"not_picked":["Backstab","Beam Cell+1"],"picked":"Bullet Time","floor":47},{"not_picked":["Chrysalis","Sweeping Beam+1"],"picked":"After Image","floor":48}],"player_experience":216878,"relics_obtained":[{"floor":7,"key":"Bag of Preparation"},{"floor":9,"key":"Bottled Lightning"},{"floor":22,"key":"Nilry\u0027s Codex"},{"floor":24,"key":"Peace Pipe"},{"floor":26,"key":"Bottled Flame"},{"floor":39,"key":"Thread and Needle"},{"floor":43,"key":"Blue Candle"}],"event_choices":[{"damage_healed":0,"gold_gain":0,"player_choice":"Bought 0 Potions","damage_taken":0,"max_hp_gain":0,"max_hp_loss":0,"event_name":"The Woman in Blue","floor":3,"gold_loss":0},{"damage_healed":25,"gold_gain":0,"player_choice":"Banana","damage_taken":0,"max_hp_gain":0,"max_hp_loss":0,"event_name":"Big Fish","floor":14,"gold_loss":0},{"damage_healed":0,"gold_gain":0,"player_choice":"Obtained Relic","damage_taken":0,"relics_obtained":["Calipers"],"max_hp_gain":0,"max_hp_loss":0,"event_name":"Addict","floor":20,"gold_loss":85},{"damage_healed":0,"gold_gain":0,"player_choice":"Obtained Book","damage_taken":16,"max_hp_gain":0,"max_hp_loss":0,"event_name":"Cursed Tome","floor":22,"gold_loss":0},{"damage_healed":0,"gold_gain":0,"player_choice":"Opened","damage_taken":0,"relics_obtained":["Oddly Smooth Stone"],"max_hp_gain":0,"max_hp_loss":0,"event_name":"The Mausoleum","floor":25,"gold_loss":0},{"damage_healed":0,"gold_gain":0,"player_choice":"Traded Relic","damage_taken":0,"relics_obtained":["Nloth\u0027s Gift"],"max_hp_gain":0,"max_hp_loss":0,"event_name":"N\u0027loth","floor":28,"relics_lost":["Lizard Tail"],"gold_loss":0},{"damage_healed":0,"gold_gain":0,"player_choice":"Memory 1","damage_taken":0,"max_hp_gain":0,"max_hp_loss":0,"event_name":"SensoryStone","floor":38,"gold_loss":0},{"damage_healed":0,"gold_gain":0,"player_choice":"Fight","damage_taken":0,"max_hp_gain":0,"max_hp_loss":0,"event_name":"MindBloom","floor":39,"gold_loss":0}],"is_beta":false,"boss_relics":[{"not_picked":["White Beast Statue","Fusion Hammer"],"picked":"Lizard Tail"},{"not_picked":["Runic Dome","Tiny House"],"picked":"Philosopher\u0027s Stone"}],"items_purged_floors":[37],"is_endless":false,"potions_floor_spawned":[1,7,21,27,29,31,33,35,44,46,47],"ascension_level":0}