{"gold_per_floor":[362,381,381,395,40,68,68,102,102,102,116,291,338,338,338,436,436,450,450,470,484,81,109,119,150,225,253,264,278,307,321,321,418,418,431,431,431,443,456,456,485,485,510,542,561,561,590,57,57,57,57,57,57,84,84],"floor_reached":56,"playtime":4282,"items_purged":["Strike_G","Strike_G"],"score":1746,"play_id":"0add86ed-5977-433d-b523-761b2e7a5b5f","local_time":"20181215082824","is_ascension_mode":true,"campfire_choices":[{"data":"Footwork","floor":7,"key":"SMITH"},{"data":"Discovery","floor":10,"key":"SMITH"},{"data":"Bouncing Flask","floor":15,"key":"SMITH"},{"data":"Sucker Punch","floor":32,"key":"SMITH"},{"floor":40,"key":"RECALL"},{"data":"Tactician","floor":42,"key":"SMITH"},{"data":"Sucker Punch","floor":49,"key":"SMITH"},{"data":"Deadly Poison","floor":52,"key":"SMITH"}],"neow_cost":"TEN_PERCENT_HP_LOSS","seed_source_timestamp":219840300034412,"circlet_count":0,"master_deck":["Defend_G","Defend_G","Defend_G","Defend_G+1","Defend_G","Strike_G","Survivor","Neutralize+1","Backflip","Crippling Poison","Deadly Poison","Footwork+1","Discovery+1","Dash","Dagger Spray","Outmaneuver","Deadly Poison","Bouncing Flask+1","Corpse Explosion","Tactician+1","Dodge and Roll","Escape Plan","After Image","Poisoned Stab","Envenom","Backflip+1","Deflect","Concentrate","Sucker Punch+1","Bullet Time","Deflect+1","Bane","Backflip+1","Deadly Poison+1","After Image","Backflip","Deadly Poison+1","Prepared+1","After Image","Escape Plan","Sucker Punch+1","Blur+1"],"relics":["Ring of the Snake","Ornamental Fan","Letter Opener","Question Card","Happy Flower","Runic Pyramid","Spirit Poop","Mummified Hand","Juzu Bracelet","Paper Crane","Vajra","Oddly Smooth Stone","White Beast Statue","The Courier","Girya","Lantern","Tingsha","PreservedInsect","Pantograph","Bottled Lightning"],"potions_floor_usage":[5,6,16,23,25,39,47,55,55,55],"damage_taken":[{"damage":0,"enemies":"2 Louse","floor":1,"turns":4},{"damage":0,"enemies":"Small Slimes","floor":2,"turns":4},{"damage":0,"enemies":"Jaw Worm","floor":4,"turns":4},{"damage":14,"enemies":"Gremlin Nob","floor":6,"turns":4},{"damage":2,"enemies":"Lagavulin","floor":8,"turns":9},{"damage":0,"enemies":"Looter","floor":11,"turns":4},{"damage":5,"enemies":"Slime Boss","floor":16,"turns":9},{"damage":0,"enemies":"Shell Parasite","floor":18,"turns":6},{"damage":0,"enemies":"Chosen","floor":20,"turns":5},{"damage":1,"enemies":"Snake Plant","floor":21,"turns":5},{"damage":1,"enemies":"Book of Stabbing","floor":23,"turns":7},{"damage":0,"enemies":"Centurion and Healer","floor":24,"turns":5},{"damage":0,"enemies":"Gremlin Leader","floor":25,"turns":8},{"damage":0,"enemies":"Book of Stabbing","floor":27,"turns":6},{"damage":17,"enemies":"Shelled Parasite and Fungi","floor":28,"turns":6},{"damage":0,"enemies":"Sentry and Sphere","floor":29,"turns":5},{"damage":0,"enemies":"Gremlin Leader","floor":30,"turns":7},{"damage":0,"enemies":"Cultist and Chosen","floor":31,"turns":7},{"damage":0,"enemies":"Collector","floor":33,"turns":9},{"damage":0,"enemies":"3 Shapes","floor":35,"turns":4},{"damage":0,"enemies":"Orb Walker","floor":38,"turns":4},{"damage":0,"enemies":"4 Shapes","floor":39,"turns":4},{"damage":0,"enemies":"Nemesis","floor":41,"turns":9},{"damage":0,"enemies":"Reptomancer","floor":44,"turns":7},{"damage":0,"enemies":"Maw","floor":45,"turns":8},{"damage":0,"enemies":"Nemesis","floor":47,"turns":7},{"damage":0,"enemies":"Awakened One","floor":50,"turns":18},{"damage":0,"enemies":"Shield and Spear","floor":54,"turns":6},{"damage":11,"enemies":"The Heart","floor":55,"turns":15}],"seed_played":"-2296607971904566092","potions_obtained":[{"floor":1,"key":"AttackPotion"},{"floor":4,"key":"PowerPotion"},{"floor":11,"key":"Strength Potion"},{"floor":18,"key":"Energy Potion"},{"floor":25,"key":"AttackPotion"},{"floor":27,"key":"AttackPotion"},{"floor":30,"key":"EssenceOfSteel"},{"floor":33,"key":"Dexterity Potion"},{"floor":39,"key":"Energy Potion"},{"floor":47,"key":"Strength Potion"}],"is_trial":false,"path_per_floor":["M","M","?","M","$","E","R","E","T","R","M","?","T","?","R","B",null,"M","?","M","M","$","E","M","E","T","E","M","M","E","M","R","B",null,"M","T","?","M","M","R","E","R","T","E","M","?","E","$","R","B",null,"R","$","E","B",null],"character_chosen":"THE_SILENT","items_purchased":["Footwork","Discovery","Fruit Juice","Dash","Dagger Spray","Mummified Hand","Escape Plan","After Image","Escape Plan","Pantograph","GhostInAJar","PowerPotion","Sucker Punch"],"campfire_rested":0,"item_purchase_floors":[5,5,5,5,5,22,22,48,48,48,48,48,48],"current_hp_per_floor":[63,63,50,50,55,41,41,39,39,39,39,39,39,39,39,34,68,68,68,68,67,67,66,66,66,66,66,49,49,49,49,49,49,68,68,68,68,68,68,68,68,68,68,68,68,68,68,68,68,68,68,68,68,68,57],"gold":84,"neow_bonus":"TWO_FIFTY_GOLD","is_prod":false,"is_daily":false,"chose_seed":false,"campfire_upgraded":7,"win_rate":0,"timestamp":1544880504,"path_taken":["M","M","?","M","$","E","R","E","T","R","M","?","?","?","R","BOSS","M","?","M","M","$","E","M","E","T","E","M","M","E","M","R","BOSS","M","?","?","M","M","R","E","R","T","E","M","?","E","?","R","BOSS","R","$","E","BOSS"],"build_version":"2018-12-13","purchased_purges":2,"victory":true,"max_hp_per_floor":[63,63,63,63,68,68,68,68,68,68,68,68,68,68,68,68,68,68,68,68,68,68,68,68,68,68,68,68,68,68,68,68,68,68,68,68,68,68,68,68,68,68,68,68,68,68,68,68,68,68,68,68,68,68,68],"card_choices":[{"not_picked":["Acrobatics","Dodge and Roll"],"picked":"Backflip","floor":1},{"not_picked":["Bane","Concentrate"],"picked":"Crippling Poison","floor":2},{"not_picked":["Venomology","Cloak And Dagger"],"picked":"Deadly Poison","floor":4},{"not_picked":["Prepared","Blade Dance"],"picked":"Outmaneuver","floor":6},{"not_picked":["Bane","Acrobatics"],"picked":"Deadly Poison","floor":8},{"not_picked":["Doppelganger","Deadly Poison","Cloak And Dagger"],"picked":"Bouncing Flask","floor":11},{"not_picked":["Wraith Form v2","Night Terror","Bullet Time"],"picked":"Corpse Explosion","floor":16},{"not_picked":["Backstab","Poisoned Stab","Expertise"],"picked":"Tactician","floor":18},{"not_picked":["Tactician","Finisher","Outmaneuver"],"picked":"Dodge and Roll","floor":20},{"not_picked":["Dagger Spray+1","Well Laid Plans","Quick Slash","Outmaneuver"],"picked":"SKIP","floor":21},{"not_picked":["Well Laid Plans+1","Setup","Quick Slash","Deadly Poison"],"picked":"SKIP","floor":23},{"not_picked":["Caltrops","Slice+1","Acrobatics"],"picked":"After Image","floor":24},{"not_picked":["Dagger Spray+1","Corpse Explosion","Bane+1"],"picked":"Poisoned Stab","floor":25},{"not_picked":["Outmaneuver","PiercingWail","Cloak And Dagger"],"picked":"Envenom","floor":27},{"not_picked":["Dodge and Roll","Finisher","Flechettes"],"picked":"Backflip+1","floor":28},{"not_picked":["Sucker Punch","Endless Agony","Terror"],"picked":"Deflect","floor":29},{"not_picked":["Finisher","Distraction","Flechettes+1"],"picked":"Concentrate","floor":30},{"not_picked":["Dodge and Roll","Bane+1","Deadly Poison+1"],"picked":"Sucker Punch","floor":31},{"not_picked":["Unload","Corpse Explosion","Doppelganger"],"picked":"Bullet Time","floor":33},{"not_picked":["Blur","Bane+1","Quick Slash+1"],"picked":"Deflect+1","floor":35},{"not_picked":["Poisoned Stab","PiercingWail+1","Outmaneuver+1"],"picked":"Backflip+1","floor":38},{"not_picked":["Terror","Riddle With Holes","Expertise+1"],"picked":"Deadly Poison+1","floor":39},{"not_picked":["Prepared","Choke+1","Dagger Throw"],"picked":"After Image","floor":41},{"not_picked":["Underhanded Strike","Endless Agony","Acrobatics+1"],"picked":"Backflip","floor":44},{"not_picked":["Masterful Stab","Quick Slash","Skewer+1"],"picked":"Deadly Poison","floor":45},{"not_picked":["Accuracy","Dagger Spray","Deflect"],"picked":"Prepared+1","floor":47},{"not_picked":["Backflip+1","Reflex","Flechettes+1"],"picked":"Blur+1","floor":54}],"player_experience":3815459,"relics_obtained":[{"floor":6,"key":"Ornamental Fan"},{"floor":8,"key":"Letter Opener"},{"floor":9,"key":"Question Card"},{"floor":13,"key":"Happy Flower"},{"floor":23,"key":"Juzu Bracelet"},{"floor":25,"key":"Paper Crane"},{"floor":27,"key":"Vajra"},{"floor":30,"key":"Oddly Smooth Stone"},{"floor":36,"key":"The Courier"},{"floor":41,"key":"Girya"},{"floor":43,"key":"Lantern"},{"floor":44,"key":"Tingsha"},{"floor":47,"key":"PreservedInsect"},{"floor":54,"key":"Bottled Lightning"}],"event_choices":[{"damage_healed":0,"gold_gain":0,"player_choice":"Entered Light","damage_taken":13,"max_hp_gain":0,"max_hp_loss":0,"event_name":"Shining Light","floor":3,"gold_loss":0,"cards_upgraded":["Neutralize","Defend_G"]},{"damage_healed":0,"gold_gain":175,"player_choice":"AGREE","damage_taken":0,"max_hp_gain":0,"max_hp_loss":0,"event_name":"Liars Game","floor":12,"gold_loss":0,"cards_obtained":["Doubt"]},{"damage_healed":0,"gold_gain":0,"player_choice":"Bought 0 Potions","damage_taken":0,"max_hp_gain":0,"max_hp_loss":0,"event_name":"The Woman in Blue","floor":14,"gold_loss":0},{"cards_removed":["Doubt"],"damage_healed":0,"gold_gain":0,"player_choice":"Offered Curse","damage_taken":0,"relics_obtained":["Spirit Poop"],"max_hp_gain":0,"max_hp_loss":0,"event_name":"Bonfire Elementals","floor":19,"gold_loss":0},{"damage_healed":0,"gold_gain":0,"cards_transformed":["Strike_G"],"player_choice":"Transformed","damage_taken":0,"max_hp_gain":0,"max_hp_loss":0,"event_name":"Transmorgrifier","floor":37,"gold_loss":0,"cards_obtained":["Bane"]},{"cards_removed":["Strike_G"],"damage_healed":0,"gold_gain":0,"player_choice":"Purged","damage_taken":0,"max_hp_gain":0,"max_hp_loss":0,"event_name":"Purifier","floor":46,"gold_loss":0}],"is_beta":true,"boss_relics":[{"not_picked":["Astrolabe","Empty Cage"],"picked":"Runic Pyramid"},{"not_picked":["WristBlade","Lizard Tail"],"picked":"White Beast Statue"}],"items_purged_floors":[22,48],"is_endless":false,"potions_floor_spawned":[1,4,11,18,25,27,30,31,33,35,38,39,41,44,45,47,54],"ascension_level":1}