{"gold_per_floor":[113,113,127,143,143,143,176,189,242,256,266,284,346,361,361,434,434,448,448,373,48,58,58,76,76,76,87,119,132,132,47,47,47],"floor_reached":33,"playtime":1241,"items_purged":["Strike_G"],"score":567,"play_id":"9d001f8b-e12a-43e2-8cd3-cb2085812215","local_time":"20190220010327","is_ascension_mode":true,"campfire_choices":[{"data":"Neutralize","floor":6.0,"key":"SMITH"},{"floor":15.0,"key":"REST"},{"data":"Glass Knife","floor":23.0,"key":"SMITH"},{"data":"Malaise","floor":25.0,"key":"SMITH"},{"data":"Cloak And Dagger","floor":30,"key":"SMITH"},{"data":"Blade Dance","floor":32,"key":"SMITH"}],"neow_cost":"NONE","seed_source_timestamp":85991427248800,"circlet_count":0,"master_deck":["AscendersBane","Defend_G","Defend_G","Defend_G","Defend_G","Defend_G","Strike_G","Strike_G","Strike_G","Survivor","Neutralize+1","Blade Dance","Dash","All Out Attack","Cloak And Dagger+1","Malaise+1","Blade Dance+1","Glass Knife+1","Terror","Footwork","Dash","Deflect+1"],"special_seed":0,"relics":["Ring of the Snake","Singing Bowl","Happy Flower","Ancient Tea Set","Busted Crown","Sling","Ice Cream","Question Card","Boot"],"potions_floor_usage":[28,33],"damage_taken":[{"damage":0.0,"enemies":"Small Slimes","floor":1.0,"turns":6.0},{"damage":3.0,"enemies":"Cultist","floor":3.0,"turns":5.0},{"damage":0.0,"enemies":"2 Louse","floor":4.0,"turns":4.0},{"damage":49.0,"enemies":"3 Sentries","floor":7.0,"turns":15.0},{"damage":14.0,"enemies":"Large Slime","floor":8.0,"turns":8.0},{"damage":0.0,"enemies":"Exordium Wildlife","floor":10.0,"turns":3.0},{"damage":0.0,"enemies":"3 Louse","floor":11.0,"turns":4.0},{"damage":1.0,"enemies":"Large Slime","floor":12.0,"turns":6.0},{"damage":0.0,"enemies":"3 Sentries","floor":13.0,"turns":7.0},{"damage":0.0,"enemies":"2 Fungi Beasts","floor":14.0,"turns":3.0},{"damage":32.0,"enemies":"The Guardian","floor":16.0,"turns":15.0},{"damage":11.0,"enemies":"2 Thieves","floor":18.0,"turns":3.0},{"damage":0.0,"enemies":"3 Byrds","floor":22.0,"turns":6.0},{"damage":12.0,"enemies":"Centurion and Healer","floor":24.0,"turns":7.0},{"damage":0.0,"enemies":"Snecko","floor":27.0,"turns":2.0},{"damage":7,"enemies":"Slavers","floor":28,"turns":4},{"damage":0,"enemies":"Snake Plant","floor":29,"turns":5},{"damage":51,"enemies":"Collector","floor":33,"turns":6}],"seed_played":"2059600338236475664","potions_obtained":[{"floor":2.0,"key":"EssenceOfSteel"},{"floor":2.0,"key":"SpeedPotion"},{"floor":8.0,"key":"PowerPotion"},{"floor":10.0,"key":"Energy Potion"},{"floor":14.0,"key":"PowerPotion"},{"floor":16.0,"key":"AttackPotion"},{"floor":18.0,"key":"SteroidPotion"},{"floor":29,"key":"FearPotion"}],"is_trial":false,"path_per_floor":["M","?","M","M","?","R","E","M","T","M","M","M","?","M","R","B",null,"M","?","?","$","M","R","M","R","T","M","E","M","R","?","R","B"],"character_chosen":"THE_SILENT","items_purchased":["Sling","Footwork"],"campfire_rested":1,"item_purchase_floors":[21,21],"current_hp_per_floor":[65,65,62,62,67,67,20,8,8,10,12,11,11,11,36,4,65,54,54,54,54,56,56,44,44,44,46,41,41,41,41,41,0],"gold":47,"neow_bonus":"TEN_PERCENT_HP_BONUS","is_prod":false,"is_daily":false,"chose_seed":false,"campfire_upgraded":5,"win_rate":0,"timestamp":1550592207,"path_taken":["M","?","?","M","?","R","E","M","T","M","M","M","?","M","R","BOSS","M","?","?","?","M","R","M","R","T","M","E","M","R","?","R","BOSS"],"build_version":"2019-01-23","purchased_purges":1,"victory":false,"max_hp_per_floor":[72,72,72,72,77,77,79,81,81,83,85,85,85,85,85,85,85,85,85,85,85,87,87,87,87,87,89,91,91,91,91,91,91],"card_choices":[{"not_picked":["Prepared","Acrobatics"],"picked":"Blade Dance","floor":1.0},{"not_picked":["Blade Dance","Poisoned Stab"],"picked":"Dash","floor":3.0},{"not_picked":["Backflip","Reflex"],"picked":"All Out Attack","floor":4.0},{"not_picked":["Backflip","Flechettes","Outmaneuver"],"picked":"Singing Bowl","floor":7.0},{"not_picked":["Caltrops","Noxious Fumes","Slice"],"picked":"Singing Bowl","floor":8.0},{"not_picked":["Sucker Punch","Outmaneuver","Bane"],"picked":"Singing Bowl","floor":10.0},{"not_picked":["Outmaneuver","Poisoned Stab","Dagger Throw"],"picked":"Singing Bowl","floor":11.0},{"not_picked":["Outmaneuver","Dagger Spray"],"picked":"Cloak And Dagger","floor":12.0},{"not_picked":["Poisoned Stab","Bane"],"picked":"Malaise","floor":13.0},{"not_picked":["Deadly Poison","Prepared"],"picked":"Blade Dance","floor":14.0},{"not_picked":["Grand Finale","Doppelganger"],"picked":"Glass Knife","floor":16.0},{"not_picked":[],"picked":"Terror","floor":18.0},{"not_picked":["Poisoned Stab"],"picked":"Singing Bowl","floor":22.0},{"not_picked":[],"picked":"Dash","floor":24.0},{"not_picked":["Bane+1"],"picked":"Singing Bowl","floor":27.0},{"not_picked":["Riddle With Holes"],"picked":"Singing Bowl","floor":28},{"not_picked":["Dagger Throw"],"picked":"Deflect+1","floor":29}],"player_experience":1140589,"relics_obtained":[{"floor":7.0,"key":"Singing Bowl"},{"floor":9.0,"key":"Happy Flower"},{"floor":13.0,"key":"Ancient Tea Set"},{"floor":26.0,"key":"Ice Cream"},{"floor":28,"key":"Question Card"}],"event_choices":[{"damage_healed":0.0,"max_hp_gain":0.0,"max_hp_loss":0.0,"gold_gain":0.0,"event_name":"Lab","player_choice":"Got Potions","floor":2.0,"gold_loss":0.0,"damage_taken":0.0},{"damage_healed":0.0,"max_hp_gain":5.0,"max_hp_loss":0.0,"gold_gain":0.0,"event_name":"Big Fish","player_choice":"Donut","floor":5.0,"gold_loss":0.0,"damage_taken":0.0},{"damage_healed":0.0,"max_hp_gain":0.0,"max_hp_loss":0.0,"gold_gain":30.0,"event_name":"Dead Adventurer","player_choice":"Searched \u00272\u0027 times","floor":13.0,"gold_loss":0.0,"damage_taken":0.0},{"damage_healed":0.0,"max_hp_gain":0.0,"max_hp_loss":0.0,"gold_gain":0.0,"event_name":"Vampires","player_choice":"Ignored","floor":19.0,"gold_loss":0.0,"damage_taken":0.0},{"cards_removed":["Strike_G"],"damage_healed":0.0,"max_hp_gain":0.0,"max_hp_loss":0.0,"gold_gain":0.0,"event_name":"Beggar","player_choice":"Gave Gold","floor":20.0,"gold_loss":75.0,"damage_taken":0.0},{"damage_healed":0,"gold_gain":0,"player_choice":"Obtained Relic","damage_taken":0,"relics_obtained":["Boot"],"max_hp_gain":0,"max_hp_loss":0,"event_name":"Addict","floor":31,"gold_loss":85}],"is_beta":false,"boss_relics":[{"not_picked":["Black Star","Runic Dome"],"picked":"Busted Crown"}],"items_purged_floors":[21],"is_endless":false,"potions_floor_spawned":[3,8,10,11,14,16,18,29],"killed_by":"Collector","ascension_level":20}