{"gold_per_floor":[119,44,44,54,69,69,95,95,168,168,168,68,132,151,151,248,248,266,266,280,155,80,80,93,93,93,93,109,124,151,151,151,255,305,315,334,239,239,239,239,270,270,270,284,284,302,331,349,349,349,349,349,2,27,27],"floor_reached":56,"playtime":2467,"items_purged":["Strike_B","Strike_B","Defend_B","Zap+1"],"score":1498,"play_id":"f710d442-53c3-44ef-9ffe-c8a497c35de7","local_time":"20190223063956","is_ascension_mode":false,"campfire_choices":[{"data":"Genetic Algorithm","floor":6,"key":"SMITH"},{"data":"Gash","floor":8,"key":"SMITH"},{"data":"Dualcast","floor":11,"key":"SMITH"},{"data":"Hologram","floor":15,"key":"SMITH"},{"floor":23,"key":"RECALL"},{"data":"Writhe","floor":32,"key":"PURGE"},{"data":"Defend_R","floor":40,"key":"PURGE"},{"data":"Defend_B","floor":42,"key":"PURGE"},{"data":"Defend_B","floor":49,"key":"PURGE"},{"data":"Defend_B","floor":52,"key":"PURGE"}],"neow_cost":"NONE","seed_source_timestamp":0,"circlet_count":0,"master_deck":["Dualcast+1","FTL","Genetic Algorithm+1","Go for the Eyes","Gash+1","Hologram+1","Coolheaded+1","Echo Form","Steam+1","BootSequence+1","Reinforced Body+1","Streamline+1","Reboot","Seek","Purity","Apotheosis"],"relics":["Cracked Core","NeowsBlessing","Bag of Preparation","Calipers","Fusion Hammer","Bottled Flame","Peace Pipe","Oddly Smooth Stone","Tiny House","Blue Candle","Thread and Needle","DataDisk","Vajra","Pear"],"potions_floor_usage":[13,16,24,29,33,34,41,41,55,55],"damage_taken":[{"damage":0,"enemies":"Small Slimes","floor":1,"turns":1},{"damage":0,"enemies":"Cultist","floor":4,"turns":1},{"damage":0,"enemies":"Jaw Worm","floor":5,"turns":1},{"damage":6,"enemies":"Lagavulin","floor":7,"turns":7},{"damage":20,"enemies":"Gremlin Nob","floor":13,"turns":4},{"damage":0,"enemies":"Looter","floor":14,"turns":2},{"damage":8,"enemies":"The Guardian","floor":16,"turns":10},{"damage":5,"enemies":"Spheric Guardian","floor":18,"turns":3},{"damage":0,"enemies":"3 Byrds","floor":20,"turns":6},{"damage":14,"enemies":"Sentry and Sphere","floor":24,"turns":4},{"damage":0,"enemies":"Centurion and Healer","floor":28,"turns":8},{"damage":0,"enemies":"Chosen and Byrds","floor":29,"turns":5},{"damage":3,"enemies":"Slavers","floor":30,"turns":6},{"damage":0,"enemies":"Automaton","floor":33,"turns":12},{"damage":0,"enemies":"3 Darklings","floor":35,"turns":6},{"damage":0,"enemies":"3 Shapes","floor":36,"turns":6},{"damage":0,"enemies":"Nemesis","floor":41,"turns":11},{"damage":0,"enemies":"Spire Growth","floor":44,"turns":5},{"damage":1,"enemies":"Sphere and 2 Shapes","floor":46,"turns":4},{"damage":0,"enemies":"Giant Head","floor":47,"turns":10},{"damage":0,"enemies":"Transient","floor":48,"turns":5},{"damage":0,"enemies":"Awakened One","floor":50,"turns":15},{"damage":0,"enemies":"Shield and Spear","floor":54,"turns":11},{"damage":1,"enemies":"The Heart","floor":55,"turns":16}],"seed_played":"-7554730940685468872","potions_obtained":[{"floor":1,"key":"Regen Potion"},{"floor":7,"key":"Swift Potion"},{"floor":14,"key":"FocusPotion"},{"floor":18,"key":"PowerPotion"},{"floor":20,"key":"FearPotion"},{"floor":27,"key":"Fire Potion"},{"floor":33,"key":"Block Potion"},{"floor":34,"key":"Fruit Juice"},{"floor":36,"key":"Regen Potion"},{"floor":41,"key":"FocusPotion"},{"floor":47,"key":"SkillPotion"}],"is_trial":false,"path_per_floor":["M","$","?","M","M","R","E","R","T","?","R","$","?","M","R","B",null,"M","?","M","$","?","R","M","$","T","?","M","M","E","?","R","B",null,"M","M","$","?","?","R","E","R","T","M","?","M","E","M","R","B",null,"R","$","E","B",null],"character_chosen":"DEFECT","items_purchased":["Purity","Swift Potion","Vajra"],"campfire_rested":0,"item_purchase_floors":[37,53,53],"current_hp_per_floor":[75,75,75,75,75,75,69,69,69,74,74,74,54,54,54,46,80,75,75,75,75,75,75,61,61,61,61,61,61,58,58,58,73,90,90,90,90,85,85,85,85,85,85,85,85,84,84,84,84,84,85,85,85,95,94],"gold":27,"neow_bonus":"THREE_ENEMY_KILL","is_prod":false,"is_daily":false,"chose_seed":true,"campfire_upgraded":4,"win_rate":0,"timestamp":1550871596,"path_taken":["M","$","?","M","?","R","E","R","T","?","R","$","?","M","R","BOSS","M","?","M","$","?","R","M","?","T","?","?","M","E","?","R","BOSS","M","M","$","?","?","R","E","R","T","?","?","M","E","M","R","BOSS","R","$","E","BOSS"],"build_version":"2019-01-23","purchased_purges":4,"victory":true,"max_hp_per_floor":[75,75,75,75,75,75,75,75,75,80,80,80,80,80,80,80,80,80,80,80,80,80,80,80,80,80,80,80,80,80,80,80,80,90,90,90,90,85,85,85,85,85,85,85,85,85,85,85,85,85,85,85,85,95,95],"card_choices":[{"not_picked":["Rebound","Redo"],"picked":"FTL","floor":1},{"not_picked":["Ball Lightning","Steam Power"],"picked":"Genetic Algorithm","floor":4},{"not_picked":["Rebound","Cold Snap"],"picked":"Go for the Eyes","floor":5},{"not_picked":["Capacitor","Beam Cell"],"picked":"Gash","floor":7},{"not_picked":["Seek","Tempest"],"picked":"Hologram","floor":13},{"not_picked":["Cold Snap","Conserve Battery"],"picked":"Coolheaded","floor":14},{"not_picked":["Thunder Strike","Reboot"],"picked":"Echo Form","floor":16},{"not_picked":["Go for the Eyes+1","Recycle"],"picked":"Steam+1","floor":18},{"not_picked":["Barrage","Cold Snap"],"picked":"BootSequence+1","floor":20},{"not_picked":["Streamline","Defragment+1"],"picked":"Reinforced Body+1","floor":24},{"not_picked":["Hologram","Lockon+1"],"picked":"Streamline+1","floor":28},{"not_picked":["Rebound","Streamline+1"],"picked":"Reboot","floor":29},{"not_picked":["Go for the Eyes","Conserve Battery","Heatsinks"],"picked":"SKIP","floor":30},{"not_picked":["Meteor Strike","Hyperbeam"],"picked":"Seek","floor":33},{"not_picked":["Chaos+1","Melter","Compile Driver"],"picked":"SKIP","floor":35},{"not_picked":["Coolheaded","Redo","Tempest"],"picked":"SKIP","floor":36},{"not_picked":["Steam","Fusion+1","Coolheaded"],"picked":"SKIP","floor":41},{"not_picked":["Cold Snap+1","Blizzard","Steam"],"picked":"SKIP","floor":44},{"not_picked":["Purity","Mayhem"],"picked":"Apotheosis","floor":45},{"not_picked":["Barrage+1","Steam","Loop"],"picked":"SKIP","floor":46},{"not_picked":["Steam+1","Rebound+1","Darkness+1"],"picked":"SKIP","floor":47},{"not_picked":["Streamline","Hologram","Rebound"],"picked":"SKIP","floor":48},{"not_picked":["Turbo+1","Steam+1","Rip and Tear+1"],"picked":"SKIP","floor":54}],"player_experience":492211,"relics_obtained":[{"floor":7,"key":"Bag of Preparation"},{"floor":13,"key":"Calipers"},{"floor":26,"key":"Bottled Flame"},{"floor":30,"key":"Peace Pipe"},{"floor":41,"key":"Blue Candle"},{"floor":43,"key":"Thread and Needle"},{"floor":47,"key":"DataDisk"},{"floor":54,"key":"Pear"}],"event_choices":[{"damage_healed":0,"gold_gain":0,"player_choice":"Upgraded","damage_taken":0,"max_hp_gain":0,"max_hp_loss":0,"event_name":"Upgrade Shrine","floor":3,"gold_loss":0,"cards_upgraded":["Zap"]},{"damage_healed":0,"gold_gain":0,"player_choice":"Donut","damage_taken":0,"max_hp_gain":5,"max_hp_loss":0,"event_name":"Big Fish","floor":10,"gold_loss":0},{"damage_healed":0,"gold_gain":0,"player_choice":"Searched \u00272\u0027 times","damage_taken":0,"max_hp_gain":0,"max_hp_loss":0,"event_name":"Dead Adventurer","floor":13,"gold_loss":0},{"damage_healed":0,"gold_gain":0,"player_choice":"Ignored","damage_taken":0,"max_hp_gain":0,"max_hp_loss":0,"event_name":"Vampires","floor":19,"gold_loss":0},{"cards_removed":["Strike_B"],"damage_healed":0,"gold_gain":0,"player_choice":"Gave Gold","damage_taken":0,"max_hp_gain":0,"max_hp_loss":0,"event_name":"Beggar","floor":22,"gold_loss":75},{"damage_healed":0,"gold_gain":0,"player_choice":"Got Potions","damage_taken":0,"max_hp_gain":0,"max_hp_loss":0,"event_name":"Lab","floor":27,"gold_loss":0},{"damage_healed":0,"gold_gain":0,"player_choice":"Opened","damage_taken":0,"relics_obtained":["Oddly Smooth Stone"],"max_hp_gain":0,"max_hp_loss":0,"event_name":"The Mausoleum","floor":31,"gold_loss":0,"cards_obtained":["Writhe"]},{"damage_healed":0,"gold_gain":0,"player_choice":"Max HP","damage_taken":0,"max_hp_gain":0,"max_hp_loss":5,"event_name":"Winding Halls","floor":38,"gold_loss":0},{"cards_removed":["Strike_B"],"damage_healed":0,"gold_gain":0,"player_choice":"Took Card","damage_taken":0,"max_hp_gain":0,"max_hp_loss":0,"event_name":"NoteForYourself","floor":39,"gold_loss":0,"cards_obtained":["Defend_R"]},{"damage_healed":0,"gold_gain":0,"player_choice":"Memory 1","damage_taken":0,"max_hp_gain":0,"max_hp_loss":0,"event_name":"SensoryStone","floor":45,"gold_loss":0}],"is_beta":false,"boss_relics":[{"not_picked":["White Beast Statue","Lizard Tail"],"picked":"Fusion Hammer"},{"not_picked":["Runic Dome","Philosopher\u0027s Stone"],"picked":"Tiny House"}],"items_purged_floors":[2,12,21,53],"is_endless":false,"potions_floor_spawned":[1,7,14,18,20,33,36,41,47],"ascension_level":0}