{"gold_per_floor":[115,115,115,133,7,21,64,89,138,181,30,69,84,100,100,229,229,245,111,111,111,15,56,76,76,103,147,147,170,170,170,170,291,291,310,325,343,676,776,808,808,837,837,862,862,862,353,353,353,353,353,353,123,149,149],"floor_reached":56,"playtime":2462,"items_purged":["Strike_B","Strike_B","Strike_B"],"score":1497,"play_id":"818b48cf-af0b-4c8e-bb1e-6f759603a539","local_time":"20181126173416","is_ascension_mode":true,"campfire_choices":[{"data":"Thunder Strike","floor":15,"key":"SMITH"},{"data":"Zap","floor":25,"key":"SMITH"},{"data":"Capacitor","floor":28,"key":"SMITH"},{"floor":30,"key":"REST"},{"floor":32,"key":"REST"},{"floor":41,"key":"REST"},{"floor":49,"key":"RECALL"},{"data":"Mind Blast","floor":52,"key":"SMITH"}],"neow_cost":"NONE","seed_source_timestamp":217817697740831,"circlet_count":0,"master_deck":["Strike_B","Defend_B","Defend_B","Defend_B","Defend_B","Zap+1","Dualcast","FTL","Ball Lightning","Ball Lightning","Conserve Battery","Steam","Leap","Ball Lightning","Glacier","Cold Snap","Thunder Strike+1","Buffer+1","Consume+1","Capacitor+1","Zap+1","Mind Blast+1","Impatience","Defragment+1","Ball Lightning","Echo Form+1","Rainbow+1","Coolheaded+1","Cold Snap+1","Steam Power+1","Conserve Battery+1","Capacitor+1","Coolheaded+1","Hologram+1","Finesse+1","Undo+1","Echo Form+1","Buffer+1"],"relics":["Cracked Core","Ancient Tea Set","Sundial","Juzu Bracelet","PreservedInsect","Oddly Smooth Stone","Emotion Chip","Sozu","Frozen Egg 2","DataDisk","Mercury Hourglass","Toxic Egg 2","Runic Dome","WingedGreaves","Dream Catcher","Nunchaku","Kunai","Meat on the Bone","Ice Cream","DollysMirror","Turnip"],"potions_floor_usage":[10,23,55,55],"damage_taken":[{"damage":1,"enemies":"Jaw Worm","floor":1,"turns":4},{"damage":4,"enemies":"2 Louse","floor":4,"turns":2},{"damage":0,"enemies":"Cultist","floor":6,"turns":2},{"damage":16,"enemies":"Gremlin Nob","floor":7,"turns":3},{"damage":1,"enemies":"Red Slaver","floor":8,"turns":2},{"damage":2,"enemies":"Lagavulin","floor":10,"turns":6},{"damage":0,"enemies":"3 Sentries","floor":12,"turns":4},{"damage":2,"enemies":"Exordium Thugs","floor":13,"turns":4},{"damage":0,"enemies":"Blue Slaver","floor":14,"turns":3},{"damage":3,"enemies":"The Guardian","floor":16,"turns":8},{"damage":0,"enemies":"Spheric Guardian","floor":18,"turns":3},{"damage":7,"enemies":"Gremlin Leader","floor":23,"turns":6},{"damage":14,"enemies":"2 Thieves","floor":24,"turns":3},{"damage":8,"enemies":"Slavers","floor":27,"turns":3},{"damage":17,"enemies":"Shelled Parasite and Fungi","floor":29,"turns":3},{"damage":25,"enemies":"Collector","floor":33,"turns":9},{"damage":11,"enemies":"3 Darklings","floor":35,"turns":3},{"damage":0,"enemies":"3 Shapes","floor":36,"turns":5},{"damage":3,"enemies":"3 Darklings","floor":37,"turns":5},{"damage":0,"enemies":"Mind Bloom Boss Battle","floor":39,"turns":6},{"damage":12,"enemies":"Nemesis","floor":40,"turns":5},{"damage":4,"enemies":"Reptomancer","floor":42,"turns":6},{"damage":7,"enemies":"Nemesis","floor":44,"turns":7},{"damage":13,"enemies":"Time Eater","floor":50,"turns":8},{"damage":15,"enemies":"Shield and Spear","floor":54,"turns":5},{"damage":33,"enemies":"The Heart","floor":55,"turns":11}],"seed_played":"-563962871094409690","potions_obtained":[{"floor":4,"key":"Weak Potion"},{"floor":7,"key":"Regen Potion"},{"floor":8,"key":"FocusPotion"},{"floor":14,"key":"Poison Potion"},{"floor":16,"key":"Explosive Potion"}],"is_trial":false,"path_per_floor":["M","?","?","M","$","M","E","M","T","E","$","E","M","M","R","B",null,"M","$","?","?","$","E","M","R","T","E","R","M","R","T","R","B",null,"M","M","M","?","?","E","R","E","T","E","T","?","$","?","R","B",null,"R","$","E","B",null],"character_chosen":"DEFECT","items_purchased":["Ball Lightning","Oddly Smooth Stone","Capacitor","Impatience","Ice Cream","Finesse+1","Undo+1","DollysMirror"],"campfire_rested":3,"item_purchase_floors":[5,11,19,22,47,47,53,53],"current_hp_per_floor":[74,74,69,65,65,65,49,48,48,61,61,61,59,59,59,56,69,69,69,69,69,69,62,48,48,48,40,40,23,43,43,63,38,69,58,58,55,55,55,43,63,59,59,52,52,52,52,52,52,39,66,66,66,51,30],"gold":149,"neow_bonus":"RANDOM_COMMON_RELIC","is_prod":false,"is_daily":false,"chose_seed":false,"campfire_upgraded":4,"win_rate":0,"timestamp":1543271656,"path_taken":["M","?","?","M","?","M","E","M","T","E","$","E","M","M","R","BOSS","M","$","?","?","?","E","M","R","T","E","R","M","R","?","R","BOSS","M","M","M","?","?","E","R","E","T","E","?","?","$","?","R","BOSS","R","$","E","BOSS"],"build_version":"2018-11-15","purchased_purges":3,"victory":true,"max_hp_per_floor":[75,75,69,69,69,69,69,69,69,69,69,69,69,69,69,69,69,69,69,69,69,69,69,69,69,69,69,69,69,69,69,69,69,69,69,69,69,69,69,69,69,69,69,69,69,69,69,66,66,66,66,66,66,66,66],"card_choices":[{"not_picked":["Go for the Eyes","Compile Driver"],"picked":"FTL","floor":1},{"not_picked":["Redo","Beam Cell"],"picked":"Ball Lightning","floor":4},{"not_picked":["Steam Power","Storm"],"picked":"Conserve Battery","floor":6},{"not_picked":["Compile Driver","Chaos"],"picked":"Steam","floor":7},{"not_picked":["Hello World","Redo"],"picked":"Leap","floor":8},{"not_picked":["FTL","Seek"],"picked":"Ball Lightning","floor":10},{"not_picked":["Compile Driver","Go for the Eyes"],"picked":"Glacier","floor":12},{"not_picked":["Turbo","Compile Driver"],"picked":"Cold Snap","floor":13},{"not_picked":["Turbo","Genetic Algorithm"],"picked":"Thunder Strike","floor":14},{"not_picked":["Hyperbeam","Amplify"],"picked":"Buffer","floor":16},{"not_picked":["Steam","Barrage"],"picked":"Consume+1","floor":18},{"not_picked":["Reinforced Body+1","Hologram+1"],"picked":"Defragment","floor":23},{"not_picked":["Go for the Eyes","Skim","Chaos"],"picked":"SKIP","floor":24},{"not_picked":["Reprogram+1","Recycle"],"picked":"Ball Lightning","floor":27},{"not_picked":["Rebound","Conserve Battery"],"picked":"Echo Form+1","floor":29},{"not_picked":["Multi-Cast+1","All For One"],"picked":"Rainbow+1","floor":33},{"not_picked":["Cold Snap","Aggregate+1"],"picked":"Coolheaded+1","floor":35},{"not_picked":["Beam Cell","Gash+1"],"picked":"Cold Snap+1","floor":36},{"not_picked":["Hello World+1","Genetic Algorithm+1"],"picked":"Steam Power+1","floor":37},{"not_picked":["Lockon+1","Compile Driver+1"],"picked":"Conserve Battery+1","floor":39},{"not_picked":["Doom and Gloom+1","Melter+1"],"picked":"Capacitor+1","floor":40},{"not_picked":["Gash+1","Leap+1"],"picked":"Coolheaded+1","floor":42},{"not_picked":["Capacitor+1","Go for the Eyes"],"picked":"Hologram+1","floor":44},{"not_picked":["Reprogram+1","Lockon"],"picked":"Buffer+1","floor":54}],"player_experience":3554370,"relics_obtained":[{"floor":7,"key":"Sundial"},{"floor":9,"key":"Juzu Bracelet"},{"floor":10,"key":"PreservedInsect"},{"floor":12,"key":"Emotion Chip"},{"floor":23,"key":"Frozen Egg 2"},{"floor":26,"key":"DataDisk"},{"floor":27,"key":"Mercury Hourglass"},{"floor":31,"key":"Toxic Egg 2"},{"floor":39,"key":"WingedGreaves"},{"floor":40,"key":"Dream Catcher"},{"floor":42,"key":"Nunchaku"},{"floor":44,"key":"Kunai"},{"floor":45,"key":"Meat on the Bone"},{"floor":54,"key":"Turnip"}],"event_choices":[{"damage_healed":0,"gold_gain":0,"player_choice":"Grow","damage_taken":0,"max_hp_gain":0,"max_hp_loss":0,"event_name":"Living Wall","floor":2,"gold_loss":0,"cards_upgraded":["Zap"]},{"damage_healed":0,"gold_gain":0,"player_choice":"Lose Max HP","damage_taken":0,"relics_obtained":["Golden Idol"],"max_hp_gain":0,"max_hp_loss":6,"event_name":"Golden Idol","floor":3,"gold_loss":0},{"damage_healed":0,"gold_gain":0,"player_choice":"Upgraded","damage_taken":0,"max_hp_gain":0,"max_hp_loss":0,"event_name":"Upgrade Shrine","floor":20,"gold_loss":0,"cards_upgraded":["Buffer"]},{"damage_healed":0,"gold_gain":0,"player_choice":"2 cards matched","damage_taken":0,"max_hp_gain":0,"max_hp_loss":0,"event_name":"Match and Keep!","floor":21,"gold_loss":0,"cards_obtained":["Zap","Mind Blast"]},{"damage_healed":0,"gold_gain":333,"player_choice":"Gave Idol","damage_taken":0,"max_hp_gain":0,"max_hp_loss":0,"event_name":"The Moai Head","floor":38,"relics_lost":["Golden Idol"],"gold_loss":0},{"damage_healed":0,"gold_gain":0,"player_choice":"Fight","damage_taken":0,"max_hp_gain":0,"max_hp_loss":0,"event_name":"MindBloom","floor":39,"gold_loss":0},{"damage_healed":0,"gold_gain":0,"player_choice":"Ignored","damage_taken":0,"max_hp_gain":0,"max_hp_loss":0,"event_name":"Mysterious Sphere","floor":46,"gold_loss":0},{"damage_healed":0,"gold_gain":0,"player_choice":"Max HP","damage_taken":0,"max_hp_gain":0,"max_hp_loss":3,"event_name":"Winding Halls","floor":48,"gold_loss":0}],"is_beta":true,"boss_relics":[{"not_picked":["Coffee Dripper","Busted Crown"],"picked":"Sozu"},{"not_picked":["FrozenCore","Nuclear Battery"],"picked":"Runic Dome"}],"items_purged_floors":[5,19,47],"is_endless":false,"potions_floor_spawned":[4,7,8,14,16,18,23,27,35,39,42],"ascension_level":1}