{"gold_per_floor":[211,211,211,386,336,372,38,61,117,164,164,13,52,65,65,193,193,218,234,149,163,238,278,293,293,317,5,18,54,75,94,94,94],"floor_reached":33,"playtime":2178,"items_purged":["Strike_R"],"score":310,"play_id":"2b7f8115-6a92-4918-9972-c6f6700f8546","local_time":"20181229111842","is_ascension_mode":true,"campfire_choices":[{"data":"Rampage","floor":11,"key":"SMITH"},{"data":"True Grit","floor":15,"key":"SMITH"},{"floor":25,"key":"REST"},{"floor":32,"key":"REST"}],"neow_cost":"NONE","seed_source_timestamp":1121940102829182,"circlet_count":0,"master_deck":["Strike_R+1","Strike_R+1","Strike_R","Strike_R","Defend_R","Defend_R","Defend_R+1","Defend_R","Bash","Rampage+1","Battle Trance+1","Anger","Headbutt","True Grit+1","Feel No Pain","Burning Pact","Flame Barrier","Immolate","Warcry","Inflame","Havoc+1","Evolve","Sentinel","Anger","Ghostly Armor"],"relics":["Burning Blood","Golden Idol","Smiling Mask","Incense Burner","Tiny Chest","War Paint","Matryoshka","Sozu","Bag of Preparation","Centennial Puzzle","Anchor","Kunai","Blue Candle"],"potions_floor_usage":[6,23,33],"damage_taken":[{"damage":6,"enemies":"Jaw Worm","floor":1,"turns":3},{"damage":11,"enemies":"3 Sentries","floor":6,"turns":10},{"damage":5,"enemies":"Small Slimes","floor":8,"turns":3},{"damage":11,"enemies":"Lagavulin","floor":13,"turns":6},{"damage":1,"enemies":"2 Louse","floor":14,"turns":8},{"damage":33,"enemies":"Hexaghost","floor":16,"turns":11},{"damage":1,"enemies":"2 Thieves","floor":18,"turns":3},{"damage":9,"enemies":"3 Byrds","floor":19,"turns":4},{"damage":9,"enemies":"Snake Plant","floor":21,"turns":3},{"damage":19,"enemies":"Slavers","floor":23,"turns":3},{"damage":15,"enemies":"3 Cultists","floor":24,"turns":5},{"damage":2,"enemies":"Centurion and Healer","floor":28,"turns":5},{"damage":14,"enemies":"Gremlin Leader","floor":29,"turns":8},{"damage":17,"enemies":"Sentry and Sphere","floor":30,"turns":4},{"damage":8,"enemies":"Shelled Parasite and Fungi","floor":31,"turns":3},{"damage":82,"enemies":"Champ","floor":33,"turns":14}],"seed_played":"-230197051238168756","potions_obtained":[{"floor":1,"key":"EssenceOfSteel"},{"floor":13,"key":"SpeedPotion"},{"floor":14,"key":"SteroidPotion"}],"is_trial":false,"path_per_floor":["M","?","?","?","?","E","$","M","T","T","R","$","E","M","R","B",null,"M","M","?","M","?","E","M","R","T","$","M","E","M","M","R","B"],"character_chosen":"IRONCLAD","items_purchased":["Battle Trance","Incense Burner","Headbutt","True Grit","Feel No Pain","Kunai"],"campfire_rested":2,"item_purchase_floors":[7,7,12,12,12,27],"current_hp_per_floor":[80,64,64,64,64,59,59,60,60,60,60,60,55,60,60,33,74,74,71,71,68,61,48,39,61,61,61,65,57,46,44,66,0],"gold":94,"neow_bonus":"HUNDRED_GOLD","is_prod":false,"is_daily":false,"chose_seed":false,"campfire_upgraded":2,"win_rate":0,"timestamp":1546100322,"path_taken":["M","?","?","?","?","E","?","M","T","?","R","$","E","M","R","BOSS","M","M","?","M","?","E","M","R","T","$","?","E","M","M","R","BOSS"],"build_version":"2018-12-25","purchased_purges":1,"victory":false,"max_hp_per_floor":[80,80,74,74,74,74,74,74,74,74,74,74,74,74,74,74,74,74,74,74,74,74,74,74,74,74,74,74,74,74,74,74,74],"card_choices":[{"not_picked":["Pommel Strike","Body Slam"],"picked":"Rampage","floor":1},{"not_picked":["Sever Soul","Exhume","Body Slam"],"picked":"SKIP","floor":6},{"not_picked":["Iron Wave","Seeing Red"],"picked":"Anger","floor":8},{"not_picked":["Bloodletting","Immolate"],"picked":"Burning Pact","floor":13},{"not_picked":["Carnage","Combust"],"picked":"Flame Barrier","floor":14},{"not_picked":["Barricade","Exhume"],"picked":"Immolate","floor":16},{"not_picked":["Twin Strike+1","Feel No Pain"],"picked":"Warcry","floor":18},{"not_picked":["Armaments","Fire Breathing"],"picked":"Inflame","floor":19},{"not_picked":["Body Slam","Heavy Blade+1"],"picked":"Havoc+1","floor":21},{"not_picked":["Sever Soul+1","Limit Break"],"picked":"Evolve","floor":23},{"not_picked":["Reckless Charge","Entrench","Sword Boomerang"],"picked":"SKIP","floor":24},{"not_picked":["Blood for Blood","Clothesline+1"],"picked":"Sentinel","floor":28},{"not_picked":["Intimidate","Sword Boomerang"],"picked":"Anger","floor":29},{"not_picked":["Pommel Strike+1","Dual Wield","Juggernaut"],"picked":"SKIP","floor":30},{"not_picked":["Combust","Wild Strike"],"picked":"Ghostly Armor","floor":31}],"player_experience":3926607,"relics_obtained":[{"floor":6,"key":"Smiling Mask"},{"floor":9,"key":"Tiny Chest"},{"floor":10,"key":"War Paint"},{"floor":13,"key":"Matryoshka"},{"floor":23,"key":"Centennial Puzzle"},{"floor":26,"key":"Anchor"},{"floor":29,"key":"Blue Candle"}],"event_choices":[{"damage_healed":0,"gold_gain":0,"player_choice":"Entered Light","damage_taken":16,"max_hp_gain":0,"max_hp_loss":0,"event_name":"Shining Light","floor":2,"gold_loss":0,"cards_upgraded":["Strike_R","Strike_R"]},{"damage_healed":0,"gold_gain":0,"player_choice":"Lose Max HP","damage_taken":0,"relics_obtained":["Golden Idol"],"max_hp_gain":0,"max_hp_loss":6,"event_name":"Golden Idol","floor":3,"gold_loss":0},{"damage_healed":0,"gold_gain":175,"player_choice":"AGREE","damage_taken":0,"max_hp_gain":0,"max_hp_loss":0,"event_name":"Liars Game","floor":4,"gold_loss":0,"cards_obtained":["Doubt"]},{"cards_removed":["Doubt"],"damage_healed":0,"gold_gain":0,"player_choice":"Card Removal","damage_taken":0,"max_hp_gain":0,"max_hp_loss":0,"event_name":"The Cleric","floor":5,"gold_loss":50},{"damage_healed":0,"gold_gain":0,"player_choice":"Obtained Relic","damage_taken":0,"relics_obtained":["Bag of Preparation"],"max_hp_gain":0,"max_hp_loss":0,"event_name":"Addict","floor":20,"gold_loss":85},{"damage_healed":0,"gold_gain":75,"player_choice":"Touch","damage_taken":7,"max_hp_gain":0,"max_hp_loss":0,"event_name":"FaceTrader","floor":22,"gold_loss":0}],"is_beta":true,"boss_relics":[{"not_picked":["Lizard Tail","Ectoplasm"],"picked":"Sozu"}],"items_purged_floors":[27],"is_endless":false,"potions_floor_spawned":[1,13,14,18,24,31],"killed_by":"Champ","ascension_level":1}