{"gold_per_floor":[110,129,129,147,52,52,78,3,3,35,35,35,35,49,49,128,128,68,68,68,68,68,68,68],"floor_reached":24,"playtime":941,"items_purged":["Strike_G"],"score":504,"play_id":"c3632cbc-c4d4-49ae-8b84-8d3928c000de","local_time":"20190204103138","is_ascension_mode":true,"campfire_choices":[{"data":"Neutralize","floor":6,"key":"SMITH"},{"floor":13,"key":"REST"},{"data":"Footwork","floor":15,"key":"SMITH"},{"data":"Adrenaline","floor":23,"key":"SMITH"}],"neow_cost":"NONE","seed_source_timestamp":2164348581528135,"circlet_count":0,"master_deck":["AscendersBane","Defend_G","Defend_G","Defend_G","Defend_G","Defend_G","Strike_G","Strike_G","Strike_G","Survivor","Neutralize+1","Panacea","Sucker Punch","Endless Agony","Footwork+1","Bouncing Flask","Adrenaline+1","Calculated Gamble","Footwork+1","Malaise","Heel Hook","Writhe","Tactician+1","PanicButton"],"relics":["Ring of the Snake","Vajra","Bottled Lightning","Gremlin Horn","Sundial","Ectoplasm","Blood Vial"],"potions_floor_usage":[7,10,18,24],"damage_taken":[{"damage":1,"enemies":"Cultist","floor":1,"turns":5},{"damage":0,"enemies":"2 Louse","floor":2,"turns":3},{"damage":12,"enemies":"Jaw Worm","floor":4,"turns":4},{"damage":19,"enemies":"3 Sentries","floor":7,"turns":14},{"damage":30,"enemies":"Gremlin Nob","floor":10,"turns":5},{"damage":7,"enemies":"3 Louse","floor":14,"turns":3},{"damage":0,"enemies":"The Guardian","floor":16,"turns":9},{"damage":3,"enemies":"2 Thieves","floor":18,"turns":5},{"damage":0,"enemies":"Chosen","floor":21,"turns":5},{"damage":46,"enemies":"Book of Stabbing","floor":24,"turns":11}],"seed_played":"7779697988481247495","potions_obtained":[{"floor":2,"key":"SpeedPotion"},{"floor":7,"key":"Regen Potion"},{"floor":10,"key":"Weak Potion"},{"floor":18,"key":"LiquidBronze"},{"floor":20,"key":"GhostInAJar"}],"is_trial":false,"path_per_floor":["M","M","?","M","$","R","E","$","T","E","T","?","R","M","R","B",null,"M","?","?","M","?","R","E"],"character_chosen":"THE_SILENT","items_purchased":["Bouncing Flask","Fire Potion"],"campfire_rested":1,"item_purchase_floors":[5,5],"current_hp_per_floor":[58,58,58,46,46,46,27,27,27,12,12,12,31,24,24,24,56,53,53,53,55,43,43,0],"gold":68,"neow_bonus":"RANDOM_COLORLESS","is_prod":false,"is_daily":false,"chose_seed":false,"campfire_upgraded":3,"win_rate":0,"timestamp":1549294298,"path_taken":["M","?","?","M","$","R","E","?","T","E","?","?","R","M","R","BOSS","M","?","?","?","?","R","E"],"build_version":"2019-01-23","purchased_purges":1,"victory":false,"max_hp_per_floor":[66,66,66,66,66,66,66,66,66,66,66,66,66,66,66,66,66,66,66,66,66,66,66,66],"card_choices":[{"not_picked":["Acrobatics","Dagger Throw"],"picked":"Sucker Punch","floor":1},{"not_picked":["Dodge and Roll","Sucker Punch"],"picked":"Endless Agony","floor":2},{"not_picked":["Calculated Gamble","Flying Knee"],"picked":"Footwork","floor":4},{"not_picked":["All Out Attack","Reflex"],"picked":"Adrenaline","floor":7},{"not_picked":["Finisher","Underhanded Strike"],"picked":"Calculated Gamble","floor":10},{"not_picked":["Predator","PiercingWail"],"picked":"Footwork","floor":14},{"not_picked":["Phantasmal Killer","Bullet Time"],"picked":"Malaise","floor":16},{"not_picked":["Reflex","Sucker Punch"],"picked":"Heel Hook","floor":18},{"not_picked":["Dagger Spray","Deflect"],"picked":"Tactician+1","floor":21}],"player_experience":870765,"relics_obtained":[{"floor":7,"key":"Vajra"},{"floor":9,"key":"Bottled Lightning"},{"floor":10,"key":"Gremlin Horn"},{"floor":11,"key":"Sundial"}],"event_choices":[{"cards_removed":["Strike_G"],"damage_healed":0,"gold_gain":0,"player_choice":"Card Removal","damage_taken":0,"max_hp_gain":0,"max_hp_loss":0,"event_name":"Wheel of Change","floor":3,"gold_loss":0},{"damage_healed":0,"gold_gain":0,"player_choice":"Grow","damage_taken":0,"max_hp_gain":0,"max_hp_loss":0,"event_name":"Living Wall","floor":12,"gold_loss":0,"cards_upgraded":["Footwork"]},{"damage_healed":0,"gold_gain":0,"player_choice":"Opened","damage_taken":0,"relics_obtained":["Blood Vial"],"max_hp_gain":0,"max_hp_loss":0,"event_name":"The Mausoleum","floor":19,"gold_loss":0,"cards_obtained":["Writhe"]},{"damage_healed":0,"gold_gain":0,"player_choice":"Got Potions","damage_taken":0,"max_hp_gain":0,"max_hp_loss":0,"event_name":"Lab","floor":20,"gold_loss":0},{"damage_healed":0,"gold_gain":0,"player_choice":"CARD ","damage_taken":12,"max_hp_gain":0,"max_hp_loss":0,"event_name":"Knowing Skull","floor":22,"potions_obtained":[],"gold_loss":0,"cards_obtained":["PanicButton"]}],"is_beta":false,"boss_relics":[{"not_picked":["Black Star","Fusion Hammer"],"picked":"Ectoplasm"}],"items_purged_floors":[8],"is_endless":false,"potions_floor_spawned":[2,7,10,18],"killed_by":"Book of Stabbing","ascension_level":20}