{"gold_per_floor":[114,75,25,37,49,83,83,83,83,99,151,166,199,214,214,312,312,324,341,341,193,206,206,236,236,262,273,293,293,293,311,311,416,416,436,454,454,63,63,63,63],"floor_reached":41,"playtime":4979,"items_purged":["Rainbow+1","Self Repair+1"],"score":448,"play_id":"b3b05c88-47c0-4428-bb39-d26b1f8d3e3e","local_time":"20190131231535","is_ascension_mode":false,"campfire_choices":[{"data":"Tempest","floor":7.0,"key":"SMITH"},{"floor":15.0,"key":"REST"},{"data":"Static Discharge","floor":25,"key":"SMITH"},{"floor":30,"key":"REST"},{"floor":32,"key":"REST"},{"floor":40,"key":"REST"}],"neow_cost":"NONE","seed_source_timestamp":0,"circlet_count":0,"master_deck":["Defend_B+1","Defend_B+1","Defend_B+1","Defend_B+1","Zap+1","Redo+1","Tempest+1","Ball Lightning+1","Reinforced Body+1","Leap+1","Thunder Strike+1","Electrodynamics+1","BootSequence+1","Consume+1","Static Discharge+1","Leap+1","Leap+1","Undo+1","Reinforced Body+1","Multi-Cast+1"],"special_seed":0,"relics":["Cracked Core","Question Card","Toxic Egg 2","Ancient Tea Set","Strawberry","Astrolabe","Darkstone Periapt","Anchor","Bag of Marbles","NlothsMask","Empty Cage","Mark of the Bloom","Mango"],"potions_floor_usage":[16,28,33],"damage_taken":[{"damage":0.0,"enemies":"Small Slimes","floor":1.0,"turns":4.0},{"damage":7.0,"enemies":"2 Louse","floor":4.0,"turns":2.0},{"damage":0.0,"enemies":"Cultist","floor":5.0,"turns":3.0},{"damage":35.0,"enemies":"3 Sentries","floor":6.0,"turns":6.0},{"damage":28.0,"enemies":"Exordium Thugs","floor":10.0,"turns":6.0},{"damage":0.0,"enemies":"3 Louse","floor":12.0,"turns":4.0},{"damage":17.0,"enemies":"Lagavulin","floor":13.0,"turns":6.0},{"damage":2.0,"enemies":"2 Fungi Beasts","floor":14.0,"turns":4.0},{"damage":25,"enemies":"Hexaghost","floor":16,"turns":7},{"damage":17,"enemies":"Shell Parasite","floor":18,"turns":4},{"damage":15,"enemies":"Chosen","floor":19,"turns":6},{"damage":9,"enemies":"Centurion and Healer","floor":22,"turns":5},{"damage":50,"enemies":"Book of Stabbing","floor":24,"turns":6},{"damage":20,"enemies":"Shelled Parasite and Fungi","floor":27,"turns":7},{"damage":1,"enemies":"Snake Plant","floor":28,"turns":5},{"damage":12,"enemies":"Centurion and Healer","floor":31,"turns":5},{"damage":40,"enemies":"Automaton","floor":33,"turns":8},{"damage":0,"enemies":"3 Shapes","floor":35,"turns":6},{"damage":12,"enemies":"3 Darklings","floor":36,"turns":2},{"damage":78,"enemies":"Reptomancer","floor":41,"turns":4}],"seed_played":"-750348029171914309","potions_obtained":[{"floor":4.0,"key":"PowerPotion"},{"floor":6.0,"key":"Weak Potion"},{"floor":14.0,"key":"Poison Potion"},{"floor":16,"key":"Swift Potion"},{"floor":18,"key":"FocusPotion"},{"floor":31,"key":"PowerPotion"},{"floor":35,"key":"EntropicBrew"}],"is_trial":false,"path_per_floor":["M","$","?","M","M","E","R","?","T","M","T","M","E","M","R","B",null,"M","M","?","$","M","?","E","R","T","M","M","?","R","M","R","B",null,"M","M","?","$","?","R","E"],"character_chosen":"DEFECT","items_purchased":["Self Repair","Static Discharge","Mango"],"campfire_rested":4,"item_purchase_floors":[2,21,38],"current_hp_per_floor":[82,82,82,82,82,47,47,47,47,26,26,33,30,35,61,36,89,79,71,71,71,69,69,26,26,26,13,19,19,45,40,66,33,89,89,77,77,77,77,77,0],"gold":63,"neow_bonus":"TEN_PERCENT_HP_BONUS","is_prod":false,"is_daily":false,"chose_seed":false,"campfire_upgraded":2,"win_rate":0.0,"timestamp":1549005335,"path_taken":["M","$","?","M","M","E","R","?","T","?","?","M","E","M","R","BOSS","M","M","?","$","M","?","E","R","T","M","M","?","R","?","R","BOSS","M","M","?","$","?","R","E"],"build_version":"2019-01-23","purchased_purges":2,"victory":false,"max_hp_per_floor":[82,82,82,82,82,82,82,82,82,82,82,82,89,89,89,89,89,89,89,89,89,89,89,89,89,89,89,89,89,89,89,89,89,89,89,89,89,103,103,103,103],"card_choices":[{"not_picked":["Hologram","Rebound"],"picked":"Redo","floor":1.0},{"not_picked":["Rebound","Beam Cell"],"picked":"Tempest","floor":4.0},{"not_picked":["Hologram","Defragment"],"picked":"Ball Lightning","floor":5.0},{"not_picked":["Streamline","Steam"],"picked":"Reinforced Body","floor":6.0},{"not_picked":["Doom and Gloom","White Noise+1","Streamline"],"picked":"Leap+1","floor":10.0},{"not_picked":["Go for the Eyes","Coolheaded+1","Beam Cell","Sweeping Beam"],"picked":"SKIP","floor":12.0},{"not_picked":["Heatsinks","Rip and Tear","Double Energy+1","Compile Driver"],"picked":"SKIP","floor":13.0},{"not_picked":["Hello World","Darkness+1","Cold Snap"],"picked":"Thunder Strike","floor":14.0},{"not_picked":["Amplify+1","Thunder Strike","Rainbow+1"],"picked":"Electrodynamics","floor":16},{"not_picked":["Barrage+1","Auto Shields+1","Gash"],"picked":"Consume+1","floor":18},{"not_picked":["Rebound","Sweeping Beam","Barrage","Streamline"],"picked":"SKIP","floor":19},{"not_picked":["Coolheaded+1","Rip and Tear","Chaos+1","Streamline"],"picked":"SKIP","floor":22},{"not_picked":["Coolheaded+1","Rip and Tear","Chaos+1","Streamline"],"picked":"SKIP","floor":22},{"not_picked":["Barrage","Go for the Eyes+1","Creative AI"],"picked":"Leap+1","floor":24},{"not_picked":["Barrage+1","BootSequence+1","Rebound"],"picked":"Leap+1","floor":27},{"not_picked":["Genetic Algorithm+1","Coolheaded+1","Ball Lightning"],"picked":"Undo+1","floor":28},{"not_picked":["Go for the Eyes","Beam Cell","Gash+1"],"picked":"Reinforced Body+1","floor":31},{"not_picked":["Machine Learning","Creative AI","Biased Cognition"],"picked":"Multi-Cast+1","floor":33},{"not_picked":["Cold Snap","Redo+1","Glacier+1","Double Energy+1"],"picked":"SKIP","floor":35},{"not_picked":["Barrage+1","Go for the Eyes","Beam Cell","Sweeping Beam"],"picked":"SKIP","floor":36}],"player_experience":8019,"relics_obtained":[{"floor":6.0,"key":"Question Card"},{"floor":9.0,"key":"Toxic Egg 2"},{"floor":11.0,"key":"Ancient Tea Set"},{"floor":13.0,"key":"Strawberry"},{"floor":24,"key":"Anchor"},{"floor":26,"key":"Bag of Marbles"}],"event_choices":[{"cards_removed":["Strike_B"],"damage_healed":0.0,"max_hp_gain":0.0,"max_hp_loss":0.0,"gold_gain":0.0,"event_name":"The Cleric","player_choice":"Card Removal","floor":3.0,"gold_loss":50.0,"damage_taken":0.0},{"damage_healed":0.0,"max_hp_gain":0.0,"max_hp_loss":0.0,"gold_gain":0.0,"event_name":"The Woman in Blue","player_choice":"Bought 0 Potions","floor":8.0,"gold_loss":0.0,"damage_taken":0.0},{"damage_healed":0,"gold_gain":0,"player_choice":"Ignored","damage_taken":0,"max_hp_gain":0,"max_hp_loss":0,"event_name":"Ghosts","floor":20,"gold_loss":0},{"damage_healed":0,"gold_gain":0,"player_choice":"Opened","damage_taken":0,"relics_obtained":["Darkstone Periapt"],"max_hp_gain":0,"max_hp_loss":0,"event_name":"The Mausoleum","floor":23,"gold_loss":0},{"damage_healed":0,"gold_gain":0,"player_choice":"Trade","damage_taken":0,"relics_obtained":["NlothsMask"],"max_hp_gain":0,"max_hp_loss":0,"event_name":"FaceTrader","floor":29,"gold_loss":0},{"damage_healed":0,"gold_gain":0,"player_choice":"Upgrade","damage_taken":0,"relics_obtained":["Mark of the Bloom"],"max_hp_gain":0,"max_hp_loss":0,"event_name":"MindBloom","floor":37,"gold_loss":0,"cards_upgraded":["Defend_B","Defend_B","Defend_B","Defend_B","Zap","Redo","Self Repair","Ball Lightning","Reinforced Body","Thunder Strike","Electrodynamics"]},{"damage_healed":0,"gold_gain":0,"player_choice":"Ignored","damage_taken":0,"max_hp_gain":0,"max_hp_loss":0,"event_name":"Mysterious Sphere","floor":39,"gold_loss":0}],"is_beta":false,"boss_relics":[{"not_picked":["Nuclear Battery","FrozenCore"],"picked":"Astrolabe"},{"not_picked":["Philosopher\u0027s Stone","Sozu"],"picked":"Empty Cage"}],"items_purged_floors":[21,38],"is_endless":false,"potions_floor_spawned":[4,6,14,16,18,27,31,35],"killed_by":"Reptomancer","ascension_level":0}