{"gold_per_floor":[116,129,141,141,216,242,259,291,291,302,332,347,366,392,392,495,495,509,509,519,434,444,472,484,484,508,525,43,43,43,11,11,113,113,129,129,229,239,259,287,302,315,315,349,349,361,386,386,386,386,386,386,8,35,35],"floor_reached":56,"playtime":4640,"items_purged":["Twin Strike"],"score":1469,"play_id":"137be3fd-a820-408c-a2a2-9eb85dfb175d","local_time":"20190215065156","is_ascension_mode":true,"campfire_choices":[{"data":"Armaments","floor":15,"key":"SMITH"},{"floor":25,"key":"REST"},{"floor":29,"key":"REST"},{"data":"Corruption","floor":32,"key":"SMITH"},{"floor":49,"key":"RECALL"},{"data":"Brutality","floor":52,"key":"SMITH"}],"neow_cost":"NONE","seed_source_timestamp":5250025817612194,"circlet_count":0,"master_deck":["Bash","Clash+1","Carnage","Shockwave","Limit Break","Armaments+1","Sever Soul","Headbutt","True Grit+1","Whirlwind","Iron Wave","Feed","Dual Wield","Berserk","Uppercut+1","Rupture","Dual Wield","Sword Boomerang","Brutality+1","Uppercut","Shrug It Off+1","Sentinel+1","Clash","Dropkick","True Grit+1","True Grit+1","Inflame","Offering","Corruption+1","Reaper","Dark Shackles","Panacea","Apotheosis","Feel No Pain","Shrug It Off+1","Rage+1","Impervious","Shrug It Off+1","Limit Break","Flame Barrier","Shrug It Off","Inflame"],"relics":["Burning Blood","NeowsBlessing","The Courier","Magic Flower","Nunchaku","Bronze Scales","Pandora\u0027s Box","Anchor","Bottled Lightning","Art of War","Oddly Smooth Stone","Orichalcum","Dream Catcher","Cursed Key","FossilizedHelix","Whetstone","Boot","Membership Card","Centennial Puzzle","Self Forming Clay"],"potions_floor_usage":[10,12,16,16,24,27,50,55,55,55],"damage_taken":[{"damage":0,"enemies":"Cultist","floor":1,"turns":1},{"damage":0,"enemies":"Jaw Worm","floor":2,"turns":1},{"damage":0,"enemies":"2 Louse","floor":3,"turns":1},{"damage":17,"enemies":"Gremlin Nob","floor":6,"turns":5},{"damage":10,"enemies":"Lots of Slimes","floor":7,"turns":4},{"damage":21,"enemies":"Lagavulin","floor":8,"turns":4},{"damage":0,"enemies":"Gremlin Gang","floor":10,"turns":4},{"damage":17,"enemies":"3 Sentries","floor":11,"turns":8},{"damage":0,"enemies":"2 Fungi Beasts","floor":12,"turns":2},{"damage":6,"enemies":"Red Slaver","floor":13,"turns":3},{"damage":26,"enemies":"Lagavulin","floor":14,"turns":5},{"damage":0,"enemies":"Slime Boss","floor":16,"turns":6},{"damage":5,"enemies":"Spheric Guardian","floor":18,"turns":3},{"damage":1,"enemies":"Chosen","floor":20,"turns":4},{"damage":26,"enemies":"Snecko","floor":22,"turns":4},{"damage":36,"enemies":"Slavers","floor":23,"turns":5},{"damage":15,"enemies":"Sentry and Sphere","floor":24,"turns":3},{"damage":14,"enemies":"Shelled Parasite and Fungi","floor":27,"turns":4},{"damage":21,"enemies":"Collector","floor":33,"turns":7},{"damage":13,"enemies":"3 Shapes","floor":35,"turns":5},{"damage":18,"enemies":"Mind Bloom Boss Battle","floor":37,"turns":10},{"damage":28,"enemies":"3 Darklings","floor":38,"turns":6},{"damage":12,"enemies":"Spire Growth","floor":39,"turns":4},{"damage":62,"enemies":"Reptomancer","floor":40,"turns":5},{"damage":10,"enemies":"Maw","floor":41,"turns":7},{"damage":16,"enemies":"Transient","floor":42,"turns":5},{"damage":5,"enemies":"Giant Head","floor":44,"turns":7},{"damage":31,"enemies":"Spire Growth","floor":46,"turns":5},{"damage":20,"enemies":"Nemesis","floor":47,"turns":5},{"damage":69,"enemies":"Time Eater","floor":50,"turns":12},{"damage":33,"enemies":"Shield and Spear","floor":54,"turns":7},{"damage":19,"enemies":"The Heart","floor":55,"turns":8}],"seed_played":"-7420943991160046533","potions_obtained":[{"floor":3,"key":"Fire Potion"},{"floor":8,"key":"FearPotion"},{"floor":10,"key":"SpeedPotion"},{"floor":11,"key":"Energy Potion"},{"floor":12,"key":"Fire Potion"},{"floor":16,"key":"GamblersBrew"},{"floor":23,"key":"Swift Potion"},{"floor":24,"key":"Explosive Potion"},{"floor":33,"key":"BloodPotion"},{"floor":35,"key":"PowerPotion"},{"floor":42,"key":"SteroidPotion"},{"floor":45,"key":"Regen Potion"}],"is_trial":false,"path_per_floor":["M","M","M","?","?","E","M","E","T","M","E","M","M","E","R","B",null,"M","?","M","?","M","E","M","R","T","M","$","R","T","$","R","B",null,"M","?","?","M","M","E","M","M","T","E","?","M","E","?","R","B",null,"R","$","E","B",null],"character_chosen":"IRONCLAD","items_purchased":["Inflame","Offering","Oddly Smooth Stone","Orichalcum","Corruption","Membership Card","Centennial Puzzle","SteroidPotion","Limit Break","Flame Barrier","Shrug It Off","Inflame"],"campfire_rested":2,"item_purchase_floors":[28,28,28,28,31,53,53,53,53,53,53,53],"current_hp_per_floor":[80,80,80,80,72,61,57,42,42,51,43,52,55,38,38,47,80,80,80,80,80,68,41,35,59,59,54,54,78,78,78,78,66,83,84,74,90,90,90,63,98,98,98,98,98,98,93,93,93,95,97,97,97,97,97],"gold":35,"neow_bonus":"THREE_ENEMY_KILL","is_prod":false,"is_daily":false,"chose_seed":false,"campfire_upgraded":3,"win_rate":0,"timestamp":1550231516,"path_taken":["M","M","?","?","?","E","M","E","T","?","E","?","?","E","R","BOSS","M","?","?","?","M","E","M","R","T","M","?","R","?","$","R","BOSS","M","?","?","M","M","E","M","M","T","E","?","?","E","?","R","BOSS","R","$","E","BOSS"],"build_version":"2019-02-06","purchased_purges":1,"victory":true,"max_hp_per_floor":[80,80,80,80,80,80,80,80,80,80,80,80,80,80,80,80,80,80,80,80,80,83,83,83,83,83,83,83,83,83,83,83,83,83,86,86,90,90,90,94,98,98,98,98,98,98,102,97,97,97,97,97,97,97,97],"card_choices":[{"not_picked":["Fire Breathing","Thunderclap"],"picked":"Clash","floor":1},{"not_picked":["Clothesline","Cleave"],"picked":"Carnage","floor":2},{"not_picked":["Dual Wield","Metallicize"],"picked":"Shockwave","floor":3},{"not_picked":["Twin Strike","Flex"],"picked":"Limit Break","floor":6},{"not_picked":["Wild Strike","Searing Blow"],"picked":"Armaments","floor":7},{"not_picked":["Thunderclap","Flex"],"picked":"Sever Soul","floor":8},{"not_picked":["Clothesline","Cleave"],"picked":"Headbutt","floor":10},{"not_picked":["Clothesline","Carnage"],"picked":"True Grit","floor":11},{"not_picked":["Shrug It Off","Sever Soul"],"picked":"Whirlwind","floor":12},{"not_picked":["Wild Strike","Sentinel","Perfected Strike"],"picked":"SKIP","floor":13},{"not_picked":["Flame Barrier","Heavy Blade"],"picked":"Iron Wave","floor":14},{"not_picked":["Brutality","Barricade"],"picked":"Feed","floor":16},{"not_picked":["Thunderclap","Dropkick"],"picked":"Shrug It Off+1","floor":18},{"not_picked":["Havoc","Headbutt"],"picked":"Sentinel+1","floor":20},{"not_picked":["Cleave+1","Second Wind"],"picked":"Clash","floor":22},{"not_picked":["Pummel","Anger"],"picked":"Dropkick","floor":23},{"not_picked":["Heavy Blade","Twin Strike"],"picked":"True Grit+1","floor":24},{"not_picked":["Entrench+1","Cleave"],"picked":"True Grit+1","floor":27},{"not_picked":["Juggernaut","Impervious"],"picked":"Reaper","floor":33},{"not_picked":["Thunderclap","Twin Strike","Iron Wave"],"picked":"SKIP","floor":35},{"not_picked":["The Bomb","Enlightenment"],"picked":"Dark Shackles","floor":36},{"not_picked":["Good Instincts","Flash of Steel"],"picked":"Panacea","floor":36},{"not_picked":["Jack Of All Trades","Trip"],"picked":"Apotheosis","floor":36},{"not_picked":["Havoc","Sword Boomerang+1"],"picked":"Feel No Pain","floor":37},{"not_picked":["Cleave","Feel No Pain"],"picked":"Shrug It Off+1","floor":38},{"not_picked":["Feel No Pain+1","Armaments","Cleave+1"],"picked":"SKIP","floor":39},{"not_picked":["Burning Pact","Uppercut"],"picked":"Rage+1","floor":40},{"not_picked":["Havoc","Clash"],"picked":"Impervious","floor":41},{"not_picked":["Flex+1","Seeing Red"],"picked":"Shrug It Off+1","floor":42},{"not_picked":["Sword Boomerang","Clothesline","Twin Strike+1"],"picked":"SKIP","floor":44},{"not_picked":["Pommel Strike","Power Through","Flex"],"picked":"SKIP","floor":46},{"not_picked":["Anger+1","Whirlwind","Flex"],"picked":"SKIP","floor":47},{"not_picked":["Flex","Fire Breathing","Thunderclap"],"picked":"SKIP","floor":54}],"player_experience":4527472,"relics_obtained":[{"floor":6,"key":"The Courier"},{"floor":8,"key":"Magic Flower"},{"floor":11,"key":"Nunchaku"},{"floor":14,"key":"Bronze Scales"},{"floor":23,"key":"Bottled Lightning"},{"floor":26,"key":"Art of War"},{"floor":30,"key":"Dream Catcher"},{"floor":37,"key":"FossilizedHelix"},{"floor":44,"key":"Whetstone"},{"floor":47,"key":"Boot"},{"floor":54,"key":"Self Forming Clay"}],"event_choices":[{"damage_healed":0,"gold_gain":0,"player_choice":"Ignored","damage_taken":0,"max_hp_gain":0,"max_hp_loss":0,"event_name":"Liars Game","floor":4,"gold_loss":0},{"damage_healed":0,"gold_gain":75,"player_choice":"Touch","damage_taken":8,"max_hp_gain":0,"max_hp_loss":0,"event_name":"FaceTrader","floor":5,"gold_loss":0},{"damage_healed":0,"gold_gain":0,"player_choice":"Upgraded","damage_taken":0,"max_hp_gain":0,"max_hp_loss":0,"event_name":"Upgrade Shrine","floor":19,"gold_loss":0,"cards_upgraded":["True Grit"]},{"damage_healed":0,"gold_gain":0,"player_choice":"Obtained Relic","damage_taken":0,"relics_obtained":["Anchor"],"max_hp_gain":0,"max_hp_loss":0,"event_name":"Addict","floor":21,"gold_loss":85},{"damage_healed":0,"gold_gain":0,"player_choice":"Memory 3","damage_taken":10,"max_hp_gain":0,"max_hp_loss":0,"event_name":"SensoryStone","floor":36,"gold_loss":0},{"damage_healed":0,"gold_gain":0,"player_choice":"Fight","damage_taken":0,"max_hp_gain":0,"max_hp_loss":0,"event_name":"MindBloom","floor":37,"gold_loss":0},{"damage_healed":0,"gold_gain":0,"player_choice":"Got Potions","damage_taken":0,"max_hp_gain":0,"max_hp_loss":0,"event_name":"Lab","floor":45,"gold_loss":0},{"damage_healed":0,"gold_gain":0,"player_choice":"Max HP","damage_taken":0,"max_hp_gain":0,"max_hp_loss":5,"event_name":"Winding Halls","floor":48,"gold_loss":0}],"is_beta":true,"boss_relics":[{"not_picked":["Mark of Pain","Orrery"],"picked":"Pandora\u0027s Box"},{"not_picked":["Velvet Choker","Fusion Hammer"],"picked":"Cursed Key"}],"items_purged_floors":[28],"is_endless":false,"potions_floor_spawned":[3,8,10,11,12,16,23,24,33,35,39,42,46,47],"ascension_level":1}