{"gold_per_floor":[117,117,30,30,43,43,76,92,92,112,112,145,155,155,155,155],"floor_reached":16,"playtime":262,"items_purged":[],"score":270,"play_id":"7c041619-1b21-4f6b-8b84-bdf7ded6d324","local_time":"20190222221211","is_ascension_mode":true,"campfire_choices":[{"data":"Zap","floor":6,"key":"SMITH"},{"data":"Consume","floor":11,"key":"SMITH"},{"data":"Sunder","floor":15,"key":"SMITH"}],"neow_cost":"NONE","seed_source_timestamp":28892804888700,"circlet_count":0,"master_deck":["AscendersBane","Strike_B","Strike_B","Strike_B","Strike_B","Defend_B","Defend_B","Defend_B","Zap+1","Dualcast","Conserve Battery","Self Repair","Glacier","Consume+1","Sunder+1"],"relics":["Cracked Core","NeowsBlessing","Ornamental Fan","Matryoshka","Letter Opener"],"potions_floor_usage":[13,16],"damage_taken":[{"damage":0,"enemies":"Jaw Worm","floor":1,"turns":1},{"damage":0,"enemies":"Cultist","floor":5,"turns":1},{"damage":0,"enemies":"Lagavulin","floor":7,"turns":1},{"damage":17,"enemies":"Small Slimes","floor":8,"turns":4},{"damage":1,"enemies":"Looter","floor":10,"turns":4},{"damage":39,"enemies":"Gremlin Nob","floor":12,"turns":4},{"damage":1,"enemies":"3 Louse","floor":13,"turns":3},{"damage":36,"enemies":"The Guardian","floor":16,"turns":2}],"seed_played":"-3504263647328908298","potions_obtained":[{"floor":1,"key":"Explosive Potion"},{"floor":8,"key":"PowerPotion"}],"is_trial":false,"path_per_floor":["M","?","$","?","M","R","E","M","T","M","R","E","M","?","R","B"],"character_chosen":"DEFECT","items_purchased":["Self Repair"],"campfire_rested":0,"item_purchase_floors":[3],"current_hp_per_floor":[64,64,64,64,64,64,64,54,54,60,60,28,34,34,34,0],"gold":155,"neow_bonus":"THREE_ENEMY_KILL","is_prod":false,"is_daily":false,"chose_seed":false,"campfire_upgraded":3,"win_rate":0,"timestamp":1550866331,"path_taken":["M","?","?","?","M","R","E","M","T","M","R","E","M","?","R","BOSS"],"build_version":"2019-01-23","purchased_purges":0,"victory":false,"max_hp_per_floor":[71,71,71,71,71,71,71,71,71,71,71,71,71,71,71,71],"card_choices":[{"not_picked":["Glacier","Gash"],"picked":"Conserve Battery","floor":1},{"not_picked":["Barrage","Coolheaded"],"picked":"Glacier","floor":5},{"not_picked":["Steam","Barrage","Rip and Tear"],"picked":"SKIP","floor":7},{"not_picked":["Gash","Beam Cell","Skim"],"picked":"SKIP","floor":8},{"not_picked":["Darkness","Hologram"],"picked":"Consume","floor":10},{"not_picked":["Genetic Algorithm","Streamline","Hello World"],"picked":"SKIP","floor":12},{"not_picked":["Conserve Battery","Stack"],"picked":"Sunder","floor":13}],"player_experience":885350,"relics_obtained":[{"floor":7,"key":"Ornamental Fan"},{"floor":9,"key":"Matryoshka"},{"floor":12,"key":"Letter Opener"}],"event_choices":[{"damage_healed":0,"gold_gain":0,"cards_transformed":["Defend_B"],"player_choice":"Transformed","damage_taken":0,"max_hp_gain":0,"max_hp_loss":0,"event_name":"Transmorgrifier","floor":2,"gold_loss":0,"cards_obtained":["Stack"]},{"cards_removed":["Stack"],"damage_healed":0,"gold_gain":0,"player_choice":"Forget","damage_taken":0,"max_hp_gain":0,"max_hp_loss":0,"event_name":"Living Wall","floor":4,"gold_loss":0},{"damage_healed":0,"gold_gain":0,"player_choice":"Searched \u00270\u0027 times","damage_taken":0,"max_hp_gain":0,"max_hp_loss":0,"event_name":"Dead Adventurer","floor":14,"gold_loss":0}],"is_beta":false,"boss_relics":[],"items_purged_floors":[],"is_endless":false,"potions_floor_spawned":[1,8,10],"killed_by":"The Guardian","ascension_level":20}