{"gold_per_floor":[110,110,110,122,47,80,99,114,164,71,71,96,132,155,155,274,274,289,289,289,314,51,51,84,84,84,109,109,109,132,147,147,266,266,289,289,314,21,37,76,90,133,157,157,200,200,533,551,551,551,551,551,56,88,88],"floor_reached":56,"playtime":4060,"items_purged":["Decay","Writhe"],"score":1712,"play_id":"88ad6ca5-2e10-46c3-9858-ea8d72e5227c","local_time":"20181221161736","is_ascension_mode":true,"campfire_choices":[{"floor":15,"key":"RECALL"},{"floor":23,"key":"REST"},{"floor":25,"key":"REST"},{"floor":32,"key":"REST"},{"floor":46,"key":"REST"},{"floor":49,"key":"REST"},{"floor":52,"key":"REST"}],"neow_cost":"NONE","seed_source_timestamp":446855793623259,"circlet_count":0,"master_deck":["Strike_B","Defend_B","Defend_B","Defend_B","Defend_B","Zap+1","Dualcast","Glacier","Rip and Tear","Undo","Defragment","Defragment","Conserve Battery","Chill","Capacitor","Cold Snap","Echo Form","Compile Driver","Seek","Tempest","Skim","Apotheosis","Doom and Gloom+1","Auto Shields+1","Sunder+1","Necronomicurse","Leap","Blizzard+1","Leap","Electrodynamics","Conserve Battery+1","Coolheaded","Chill+1","Force Field+1","Consume","Hologram","Steam","Steam+1","Beam Cell","Fission","Go for the Eyes+1","Cold Snap+1","Sweeping Beam+1","Fission","Ball Lightning","Glacier","White Noise","Coolheaded","Coolheaded","Go for the Eyes","Coolheaded+1"],"relics":["Fusion Hammer","Question Card","PreservedInsect","Pen Nib","Philosopher\u0027s Stone","Mercury Hourglass","Prayer Wheel","The Courier","Necronomicon","Runic Pyramid","Centennial Puzzle","Runic Capacitor","Anchor","Incense Burner","Gremlin Horn","Bag of Preparation","DollysMirror","Emotion Chip"],"potions_floor_usage":[16,16,16,31,50,55,55],"damage_taken":[{"damage":0,"enemies":"2 Louse","floor":1,"turns":2},{"damage":0,"enemies":"Cultist","floor":4,"turns":3},{"damage":5,"enemies":"Lagavulin","floor":6,"turns":10},{"damage":0,"enemies":"Small Slimes","floor":7,"turns":2},{"damage":0,"enemies":"2 Fungi Beasts","floor":8,"turns":3},{"damage":0,"enemies":"Large Slime","floor":12,"turns":6},{"damage":0,"enemies":"3 Sentries","floor":13,"turns":6},{"damage":0,"enemies":"Exordium Thugs","floor":14,"turns":4},{"damage":0,"enemies":"Slime Boss","floor":16,"turns":9},{"damage":0,"enemies":"Shell Parasite","floor":18,"turns":6},{"damage":25,"enemies":"3 Byrds","floor":21,"turns":4},{"damage":20,"enemies":"Slavers","floor":24,"turns":4},{"damage":2,"enemies":"Snake Plant","floor":27,"turns":4},{"damage":0,"enemies":"Centurion and Healer","floor":30,"turns":5},{"damage":0,"enemies":"Sentry and Sphere","floor":31,"turns":3},{"damage":16,"enemies":"Collector","floor":33,"turns":6},{"damage":0,"enemies":"3 Shapes","floor":35,"turns":2},{"damage":0,"enemies":"3 Darklings","floor":37,"turns":4},{"damage":0,"enemies":"Maw","floor":39,"turns":5},{"damage":0,"enemies":"Nemesis","floor":40,"turns":4},{"damage":0,"enemies":"Sphere and 2 Shapes","floor":41,"turns":3},{"damage":0,"enemies":"Giant Head","floor":42,"turns":6},{"damage":0,"enemies":"Reptomancer","floor":45,"turns":6},{"damage":0,"enemies":"4 Shapes","floor":48,"turns":1},{"damage":0,"enemies":"Donu and Deca","floor":50,"turns":7},{"damage":0,"enemies":"Shield and Spear","floor":54,"turns":4},{"damage":0,"enemies":"The Heart","floor":55,"turns":14}],"seed_played":"-4641895156380139973","potions_obtained":[{"floor":7,"key":"SteroidPotion"},{"floor":13,"key":"FearPotion"},{"floor":14,"key":"AttackPotion"},{"floor":24,"key":"Energy Potion"},{"floor":30,"key":"Fire Potion"},{"floor":31,"key":"AttackPotion"},{"floor":33,"key":"Energy Potion"},{"floor":39,"key":"Ancient Potion"},{"floor":45,"key":"Block Potion"}],"is_trial":false,"path_per_floor":["M","?","?","M","$","E","M","M","T","$","?","M","E","M","R","B",null,"M","?","?","M","$","R","E","R","T","M","?","?","M","M","R","B",null,"M","?","M","$","M","E","M","E","T","?","E","R","?","M","R","B",null,"R","$","E","B",null],"character_chosen":"DEFECT","items_purchased":["Defragment","Conserve Battery","Apotheosis","Runic Capacitor","Consume","Hologram","Steam","Bag of Preparation","DollysMirror","Block Potion","White Noise","Coolheaded","Coolheaded","Go for the Eyes"],"campfire_rested":6,"item_purchase_floors":[10,10,22,38,38,38,38,53,53,53,53,53,53,53],"current_hp_per_floor":[75,75,75,75,75,70,70,70,70,70,52,52,52,52,52,52,75,75,75,75,50,50,72,52,74,74,72,56,56,56,56,75,59,75,75,75,75,75,75,75,75,75,75,75,75,75,75,75,75,75,75,75,75,75,75],"gold":88,"neow_bonus":"BOSS_RELIC","is_prod":false,"is_daily":false,"chose_seed":false,"campfire_upgraded":0,"win_rate":0,"timestamp":1545427056,"path_taken":["M","?","?","?","$","E","M","M","T","$","?","M","E","M","R","BOSS","M","?","?","?","$","R","E","R","T","M","?","?","M","?","R","BOSS","M","?","M","?","M","E","M","E","T","?","E","R","?","M","R","BOSS","R","$","E","BOSS"],"build_version":"2018-12-20","purchased_purges":2,"victory":true,"max_hp_per_floor":[75,75,75,75,75,75,75,75,75,75,75,75,75,75,75,75,75,75,75,75,75,75,75,75,75,75,75,75,75,75,75,75,75,75,75,75,75,75,75,75,75,75,75,75,75,75,75,75,75,75,75,75,75,75,75],"card_choices":[{"not_picked":["Barrage","Rebound"],"picked":"Glacier","floor":1},{"not_picked":["Hologram","Skim"],"picked":"Sweeping Beam","floor":4},{"not_picked":["Meteor Strike","Amplify"],"picked":"Rip and Tear","floor":6},{"not_picked":["Beam Cell","Blizzard","Aggregate"],"picked":"Undo","floor":7},{"not_picked":["Blizzard","Steam","Redo"],"picked":"Defragment","floor":8},{"not_picked":["Go for the Eyes","Stack","Gash"],"picked":"Chill","floor":12},{"not_picked":["Steam Power","Tempest","Rebound"],"picked":"Capacitor","floor":13},{"not_picked":["Buffer","BootSequence","Turbo"],"picked":"Cold Snap","floor":14},{"not_picked":["Hyperbeam","Amplify","Thunder Strike"],"picked":"Echo Form","floor":16},{"not_picked":["Steam+1","Redo","Fusion+1"],"picked":"Compile Driver","floor":18},{"not_picked":["Auto Shields","Barrage","Conserve Battery"],"picked":"Skim","floor":21},{"not_picked":["Sweeping Beam","Conserve Battery","Streamline"],"picked":"Doom and Gloom+1","floor":24},{"not_picked":["Skim","Fusion","Melter"],"picked":"Auto Shields+1","floor":27},{"not_picked":["Stack","Aggregate","Fusion"],"picked":"Sunder+1","floor":27},{"not_picked":["Go for the Eyes","Rebound","Conserve Battery"],"picked":"Beam Cell","floor":30},{"not_picked":["Turbo","Rebound","Sunder+1"],"picked":"Leap","floor":30},{"not_picked":["Go for the Eyes","Auto Shields","Gash"],"picked":"Blizzard+1","floor":31},{"not_picked":["Turbo+1","Self Repair","Creative AI"],"picked":"Leap","floor":31},{"not_picked":["Seek","Amplify","Multi-Cast"],"picked":"Electrodynamics","floor":33},{"not_picked":["Streamline+1","Compile Driver+1","Steam+1"],"picked":"Conserve Battery+1","floor":35},{"not_picked":["Double Energy+1","Doom and Gloom","Steam Power"],"picked":"Coolheaded","floor":35},{"not_picked":["Reprogram","Tempest","Static Discharge"],"picked":"Chill+1","floor":37},{"not_picked":["Coolheaded","Cold Snap+1","Storm"],"picked":"Force Field+1","floor":37},{"not_picked":["Cold Snap","Streamline+1","Stack"],"picked":"Steam+1","floor":39},{"not_picked":["Sweeping Beam","Streamline+1","Turbo"],"picked":"Beam Cell","floor":39},{"not_picked":["Turbo+1","White Noise","Hello World+1"],"picked":"Fission","floor":40},{"not_picked":["Steam Power+1","Beam Cell+1","Compile Driver"],"picked":"Go for the Eyes+1","floor":41},{"not_picked":["Fusion+1","Consume+1","Recycle","Rip and Tear+1"],"picked":"SKIP","floor":41},{"not_picked":["Rebound","Compile Driver","Redo+1"],"picked":"Cold Snap+1","floor":42},{"not_picked":["Chill+1","Double Energy","Turbo"],"picked":"Sweeping Beam+1","floor":45},{"not_picked":["Reprogram+1","Stack+1","Blizzard"],"picked":"Fission","floor":48},{"not_picked":["Rebound","Melter+1","Stack"],"picked":"Ball Lightning","floor":48},{"not_picked":["Reinforced Body+1","Gash","FTL"],"picked":"Coolheaded+1","floor":54}],"player_experience":3857863,"relics_obtained":[{"floor":6,"key":"Question Card"},{"floor":9,"key":"PreservedInsect"},{"floor":13,"key":"Pen Nib"},{"floor":24,"key":"Prayer Wheel"},{"floor":26,"key":"The Courier"},{"floor":28,"key":"Necronomicon"},{"floor":40,"key":"Anchor"},{"floor":42,"key":"Incense Burner"},{"floor":45,"key":"Gremlin Horn"},{"floor":54,"key":"Emotion Chip"}],"event_choices":[{"damage_healed":0,"gold_gain":0,"player_choice":"Grow","damage_taken":0,"max_hp_gain":0,"max_hp_loss":0,"event_name":"Living Wall","floor":2,"gold_loss":0,"cards_upgraded":["Zap"]},{"damage_healed":0,"gold_gain":0,"player_choice":"Cursed","damage_taken":0,"max_hp_gain":0,"max_hp_loss":0,"event_name":"Wheel of Change","floor":3,"gold_loss":0,"cards_obtained":["Decay"]},{"damage_healed":0,"gold_gain":0,"player_choice":"Take Damage","damage_taken":18,"relics_obtained":["Golden Idol"],"max_hp_gain":0,"max_hp_loss":0,"event_name":"Golden Idol","floor":11,"gold_loss":0},{"damage_healed":0,"gold_gain":0,"player_choice":"Opened","damage_taken":0,"relics_obtained":["Mercury Hourglass"],"max_hp_gain":0,"max_hp_loss":0,"event_name":"The Mausoleum","floor":19,"gold_loss":0,"cards_obtained":["Writhe"]},{"damage_healed":0,"gold_gain":0,"cards_transformed":["Strike_B","Strike_B"],"player_choice":"Became Test Subject","damage_taken":0,"max_hp_gain":0,"max_hp_loss":0,"event_name":"Drug Dealer","floor":20,"gold_loss":0,"cards_obtained":["Seek","Tempest"]},{"damage_healed":0,"gold_gain":0,"player_choice":"Obtained Book","damage_taken":16,"max_hp_gain":0,"max_hp_loss":0,"event_name":"Cursed Tome","floor":28,"gold_loss":0},{"cards_removed":["Strike_B"],"damage_healed":0,"gold_gain":0,"player_choice":"Purged","damage_taken":0,"max_hp_gain":0,"max_hp_loss":0,"event_name":"Purifier","floor":29,"gold_loss":0},{"cards_removed":["Beam Cell"],"damage_healed":0,"gold_gain":0,"player_choice":"Gave Card","damage_taken":0,"relics_obtained":["Centennial Puzzle"],"max_hp_gain":0,"max_hp_loss":0,"event_name":"WeMeetAgain","floor":36,"gold_loss":0},{"cards_removed":["Sweeping Beam"],"damage_healed":0,"gold_gain":0,"player_choice":"Removed Attack","damage_taken":0,"max_hp_gain":0,"max_hp_loss":0,"event_name":"Falling","floor":44,"gold_loss":0},{"damage_healed":0,"gold_gain":333,"player_choice":"Gave Idol","damage_taken":0,"max_hp_gain":0,"max_hp_loss":0,"event_name":"The Moai Head","floor":47,"relics_lost":["Golden Idol"],"gold_loss":0}],"is_beta":true,"boss_relics":[{"not_picked":["Orrery","Astrolabe"],"picked":"Philosopher\u0027s Stone"},{"not_picked":["Inserter","Busted Crown"],"picked":"Runic Pyramid"}],"items_purged_floors":[5,22],"is_endless":false,"potions_floor_spawned":[7,13,14,24,30,31,33,39,40,41,45],"ascension_level":1}