{"gold_per_floor":[359,204,223,223,298,298,324,344,344,344,355,381,381,400,400,504,504,524,524,439,17,17],"floor_reached":22,"playtime":766,"items_purged":["Strike_G","Strike_G"],"score":221,"play_id":"659615b0-de71-40dd-bd9f-f1b99198c9df","local_time":"20190215174329","is_ascension_mode":true,"campfire_choices":[{"data":"Neutralize","floor":6.0,"key":"SMITH"},{"floor":10.0,"key":"REST"},{"floor":13.0,"key":"REST"},{"data":"Noxious Fumes","floor":15.0,"key":"SMITH"}],"neow_cost":"PERCENT_DAMAGE","seed_source_timestamp":28061136804280,"circlet_count":0,"master_deck":["Defend_G","Defend_G","Defend_G","Defend_G","Defend_G","Strike_G","Strike_G","Strike_G","Survivor","Neutralize+1","Noxious Fumes+1","Backstab","Glass Knife","Dodge and Roll","Blur","Burst","Deflect","Infinite Blades"],"special_seed":0,"relics":["Ring of the Snake","Shuriken","Snake Skull","Omamori","Black Star","Pear","Kunai"],"potions_floor_usage":[],"damage_taken":[{"damage":0.0,"enemies":"Cultist","floor":1.0,"turns":4.0},{"damage":3.0,"enemies":"Small Slimes","floor":3.0,"turns":7.0},{"damage":17.0,"enemies":"Gremlin Nob","floor":7.0,"turns":5.0},{"damage":0.0,"enemies":"2 Louse","floor":8.0,"turns":2.0},{"damage":0.0,"enemies":"Looter","floor":11.0,"turns":2.0},{"damage":19.0,"enemies":"Lagavulin","floor":12.0,"turns":8.0},{"damage":6.0,"enemies":"Exordium Wildlife","floor":14.0,"turns":6.0},{"damage":25.0,"enemies":"Slime Boss","floor":16.0,"turns":10.0},{"damage":31.0,"enemies":"Chosen","floor":18.0,"turns":5.0},{"damage":0,"enemies":"Spheric Guardian","floor":22,"turns":3}],"seed_played":"5818494339620745903","potions_obtained":[{"floor":3.0,"key":"Block Potion"},{"floor":7.0,"key":"Dexterity Potion"},{"floor":14.0,"key":"GhostInAJar"}],"is_trial":false,"path_per_floor":["M","$","M","?","?","R","E","M","T","R","M","E","R","M","R","B",null,"M","?","?","$","M"],"character_chosen":"THE_SILENT","items_purchased":["Noxious Fumes","Kunai","Infinite Blades"],"campfire_rested":2,"item_purchase_floors":[2,21,21],"current_hp_per_floor":[49,49,46,46,35,35,18,18,18,39,39,20,41,35,35,10,70,39,39,49,49,49],"gold":17,"neow_bonus":"TWO_FIFTY_GOLD","is_prod":false,"is_daily":false,"chose_seed":false,"campfire_upgraded":2,"win_rate":0,"timestamp":1550249009,"path_taken":["M","$","M","?","?","R","E","M","T","R","M","E","R","M","R","BOSS","M","?","?","$","M"],"build_version":"2019-01-23","purchased_purges":2,"victory":false,"max_hp_per_floor":[70,70,70,70,70,70,70,70,70,70,70,70,70,70,70,70,70,70,70,80,80,80],"card_choices":[{"not_picked":["Prepared","Riddle With Holes","Poisoned Stab"],"picked":"SKIP","floor":1.0},{"not_picked":["Outmaneuver","Sucker Punch"],"picked":"Backstab","floor":3.0},{"not_picked":["Bane","Deflect"],"picked":"Glass Knife","floor":7.0},{"not_picked":["Sucker Punch","Quick Slash","Poisoned Stab"],"picked":"SKIP","floor":8.0},{"not_picked":["Deadly Poison","Blur"],"picked":"Dodge and Roll","floor":11.0},{"not_picked":["Prepared","Accuracy"],"picked":"Blur","floor":12.0},{"not_picked":["Blade Dance","Prepared","Underhanded Strike"],"picked":"SKIP","floor":14.0},{"not_picked":["Glass Knife","Night Terror"],"picked":"Burst","floor":16.0},{"not_picked":["Sucker Punch","Expertise"],"picked":"Deflect","floor":18.0}],"player_experience":189747,"relics_obtained":[{"floor":7.0,"key":"Shuriken"},{"floor":9.0,"key":"Snake Skull"},{"floor":12.0,"key":"Omamori"}],"event_choices":[{"damage_healed":0.0,"max_hp_gain":0.0,"max_hp_loss":0.0,"gold_gain":0.0,"event_name":"Liars Game","player_choice":"Ignored","floor":4.0,"gold_loss":0.0,"damage_taken":0.0},{"damage_healed":0.0,"max_hp_gain":0.0,"max_hp_loss":0.0,"gold_gain":75.0,"event_name":"World of Goop","player_choice":"Gather Gold","floor":5.0,"gold_loss":0.0,"damage_taken":11.0},{"damage_healed":0,"gold_gain":0,"player_choice":"Ignored","damage_taken":0,"max_hp_gain":0,"max_hp_loss":0,"event_name":"Cursed Tome","floor":19,"gold_loss":0},{"damage_healed":0,"gold_gain":0,"player_choice":"Obtained Relic","damage_taken":0,"relics_obtained":["Pear"],"max_hp_gain":0,"max_hp_loss":0,"event_name":"Addict","floor":20,"gold_loss":85}],"is_beta":false,"boss_relics":[{"not_picked":["WristBlade","Tiny House"],"picked":"Black Star"}],"items_purged_floors":[2,21],"is_endless":false,"potions_floor_spawned":[3,7,14],"killed_by":"Spheric Guardian","ascension_level":3}