{"gold_per_floor":[109,124,137,312,332,358,373,373,373,391,411,218,218],"floor_reached":13,"playtime":629,"items_purged":["Doubt"],"score":142,"play_id":"0f9a08c4-a05e-4feb-86a8-8cff3e74401c","local_time":"20190217182710","is_ascension_mode":true,"campfire_choices":[],"neow_cost":"NONE","seed_source_timestamp":26033776950569,"circlet_count":0,"master_deck":["AscendersBane","Defend_G","Defend_G","Defend_G","Defend_G","Defend_G","Strike_G","Strike_G","Strike_G","Strike_G","Strike_G","Survivor","Neutralize","Doppelganger","Dagger Spray","Predator","Dagger Throw","Footwork","Poisoned Stab","Well Laid Plans","Escape Plan","Noxious Fumes","Crippling Poison"],"relics":["Ring of the Snake","Gremlin Horn","Question Card"],"potions_floor_usage":[10,13,13],"damage_taken":[{"damage":0,"enemies":"Jaw Worm","floor":1,"turns":6},{"damage":0,"enemies":"Small Slimes","floor":2,"turns":3},{"damage":3,"enemies":"2 Louse","floor":3,"turns":3},{"damage":0,"enemies":"2 Fungi Beasts","floor":5,"turns":3},{"damage":30,"enemies":"3 Sentries","floor":6,"turns":8},{"damage":19,"enemies":"Large Slime","floor":7,"turns":9},{"damage":3,"enemies":"Looter","floor":10,"turns":2},{"damage":0,"enemies":"2 Fungi Beasts","floor":11,"turns":4},{"damage":51,"enemies":"Gremlin Nob","floor":13,"turns":5}],"seed_played":"-2457378420869234510","potions_obtained":[{"floor":1,"key":"SneckoOil"},{"floor":7,"key":"FearPotion"},{"floor":11,"key":"Strength Potion"}],"is_trial":false,"path_per_floor":["M","M","M","?","M","E","M","?","T","M","M","$","E"],"character_chosen":"THE_SILENT","items_purchased":["Noxious Fumes","Crippling Poison"],"campfire_rested":0,"item_purchase_floors":[12,12],"current_hp_per_floor":[63,63,60,60,60,30,11,34,34,31,31,31,0],"gold":218,"neow_bonus":"ONE_RANDOM_RARE_CARD","is_prod":false,"is_daily":false,"chose_seed":false,"campfire_upgraded":0,"win_rate":0,"timestamp":1550456830,"path_taken":["M","M","M","?","M","E","M","?","T","M","M","$","E"],"build_version":"2019-01-23","purchased_purges":1,"victory":false,"max_hp_per_floor":[70,70,70,70,70,70,70,70,70,70,70,70,70],"card_choices":[{"not_picked":["Masterful Stab","Dodge and Roll","Slice"],"picked":"SKIP","floor":1},{"not_picked":["Crippling Poison","Underhanded Strike"],"picked":"Dagger Spray","floor":2},{"not_picked":["Acrobatics","Deflect"],"picked":"Predator","floor":3},{"not_picked":["Deflect","Blade Dance"],"picked":"Dagger Throw","floor":5},{"not_picked":["Venomology","Dagger Spray"],"picked":"Footwork","floor":6},{"not_picked":["Distraction","Leg Sweep"],"picked":"Poisoned Stab","floor":7},{"not_picked":["Deflect","Terror","Blur"],"picked":"Well Laid Plans","floor":10},{"not_picked":["Predator","Terror","Underhanded Strike"],"picked":"Escape Plan","floor":11}],"player_experience":194285,"relics_obtained":[{"floor":6,"key":"Gremlin Horn"},{"floor":9,"key":"Question Card"}],"event_choices":[{"damage_healed":0,"gold_gain":175,"player_choice":"AGREE","damage_taken":0,"max_hp_gain":0,"max_hp_loss":0,"event_name":"Liars Game","floor":4,"gold_loss":0,"cards_obtained":["Doubt"]},{"damage_healed":23,"gold_gain":0,"player_choice":"Banana","damage_taken":0,"max_hp_gain":0,"max_hp_loss":0,"event_name":"Big Fish","floor":8,"gold_loss":0}],"is_beta":false,"boss_relics":[],"items_purged_floors":[12],"is_endless":false,"potions_floor_spawned":[1,7,11],"killed_by":"Gremlin Nob","ascension_level":12}