{"gold_per_floor":[114,114,133,150,150,150,180,180,180,7,41,41,41,54,54,54],"floor_reached":16,"playtime":409,"items_purged":[],"score":337,"play_id":"f0e3c790-0605-4bf8-9f0b-f38807a347c3","local_time":"20190102162257","is_ascension_mode":true,"campfire_choices":[{"data":"Hyperbeam","floor":6,"key":"SMITH"},{"data":"Genetic Algorithm","floor":8,"key":"SMITH"},{"data":"Creative AI","floor":12,"key":"SMITH"},{"data":"Ball Lightning","floor":15,"key":"SMITH"}],"neow_cost":"NONE","seed_source_timestamp":0,"circlet_count":0,"master_deck":["AscendersBane","Strike_B","Strike_B","Defend_B","Defend_B","Defend_B","Defend_B","Zap","Dualcast","Hyperbeam+1","Redo","Rebound","Steam","Ball Lightning+1","Genetic Algorithm+1","Creative AI+1","Leap"],"special_seed":0,"relics":["Cracked Core","Odd Mushroom","Anchor","Art of War","Bottled Flame","Symbiotic Virus"],"potions_floor_usage":[11,16],"damage_taken":[{"damage":0,"enemies":"2 Louse","floor":1,"turns":2},{"damage":0,"enemies":"Cultist","floor":3,"turns":3},{"damage":0,"enemies":"Small Slimes","floor":4,"turns":3},{"damage":1,"enemies":"The Mushroom Lair","floor":7,"turns":2},{"damage":0,"enemies":"3 Sentries","floor":11,"turns":2},{"damage":0,"enemies":"3 Louse","floor":14,"turns":2},{"damage":60,"enemies":"Hexaghost","floor":16,"turns":9}],"seed_played":"-1752631698730468984","potions_obtained":[{"floor":3,"key":"Swift Potion"},{"floor":14,"key":"AttackPotion"}],"is_trial":false,"path_per_floor":["M","?","M","M","?","R","?","R","T","$","E","R","T","M","R","B"],"character_chosen":"DEFECT","items_purchased":["Art of War"],"campfire_rested":0,"item_purchase_floors":[10],"current_hp_per_floor":[64,64,64,64,57,57,56,56,56,56,56,56,56,56,56,0],"gold":54,"neow_bonus":"ONE_RANDOM_RARE_CARD","is_prod":false,"is_daily":false,"chose_seed":false,"campfire_upgraded":4,"win_rate":0,"timestamp":1546413777,"path_taken":["M","?","?","M","?","R","?","R","T","$","E","R","?","M","R","BOSS"],"build_version":"2018-12-20","purchased_purges":0,"victory":false,"max_hp_per_floor":[71,71,71,71,71,71,71,71,71,71,71,71,71,71,71,71],"card_choices":[{"not_picked":["Coolheaded","Hologram"],"picked":"Redo","floor":1},{"not_picked":["Sweeping Beam","Cold Snap"],"picked":"Steam","floor":3},{"not_picked":["Gash","Redo"],"picked":"Ball Lightning","floor":4},{"not_picked":["Coolheaded","Sunder"],"picked":"Genetic Algorithm","floor":7},{"not_picked":["Steam","Fusion"],"picked":"Creative AI","floor":11},{"not_picked":["Compile Driver","Reprogram"],"picked":"Leap","floor":14}],"player_experience":997883,"relics_obtained":[{"floor":7,"key":"Odd Mushroom"},{"floor":9,"key":"Anchor"},{"floor":11,"key":"Bottled Flame"},{"floor":13,"key":"Symbiotic Virus"}],"event_choices":[{"damage_healed":0,"gold_gain":0,"cards_transformed":["Strike_B"],"player_choice":"Transformed","damage_taken":0,"max_hp_gain":0,"max_hp_loss":0,"event_name":"Transmorgrifier","floor":2,"gold_loss":0,"cards_obtained":["Rebound"]},{"cards_removed":["Strike_B"],"damage_healed":0,"gold_gain":0,"player_choice":"Card Removal","damage_taken":7,"max_hp_gain":0,"max_hp_loss":0,"event_name":"Golden Wing","floor":5,"gold_loss":0},{"damage_healed":0,"gold_gain":0,"player_choice":"Fought Mushrooms","damage_taken":0,"max_hp_gain":0,"max_hp_loss":0,"event_name":"Mushrooms","floor":7,"gold_loss":0}],"is_beta":false,"boss_relics":[],"items_purged_floors":[],"is_endless":false,"potions_floor_spawned":[3,14],"killed_by":"Hexaghost","ascension_level":19}