{"gold_per_floor":[209,223,32,52,17,50,50,63,111,140,167,167,183,214,214,291,291,304,31,47,47,61,61,61],"floor_reached":24,"playtime":945,"items_purged":["Strike_B","Strike_B"],"score":532,"play_id":"d5c99616-c4a0-4c08-8862-58cbbbcd0ff3","local_time":"20190122230254","is_ascension_mode":true,"campfire_choices":[{"data":"Beam Cell","floor":7.0,"key":"SMITH"},{"data":"FTL","floor":15.0,"key":"SMITH"},{"floor":23.0,"key":"REST"}],"neow_cost":"NONE","seed_source_timestamp":1085950466284123,"circlet_count":0,"master_deck":["AscendersBane","Strike_B","Strike_B+1","Defend_B+1","Defend_B","Defend_B","Defend_B","Zap+1","Dualcast","Melter","Beam Cell+1","FTL+1","Leap","All For One+1","Sunder","Compile Driver","Hologram","Hologram","Echo Form","Chill","Beam Cell","Decay","Fusion","Reprogram+1"],"special_seed":0,"relics":["Cracked Core","Singing Bowl","War Paint","Odd Mushroom","DataDisk","CultistMask","Dream Catcher","Runic Pyramid","Whetstone"],"potions_floor_usage":[24,24],"damage_taken":[{"damage":5.0,"enemies":"Small Slimes","floor":1.0,"turns":3.0},{"damage":2.0,"enemies":"Jaw Worm","floor":2.0,"turns":3.0},{"damage":0.0,"enemies":"Cultist","floor":4.0,"turns":2.0},{"damage":16.0,"enemies":"Lagavulin","floor":6.0,"turns":5.0},{"damage":17.0,"enemies":"Lots of Slimes","floor":8.0,"turns":5.0},{"damage":1.0,"enemies":"The Mushroom Lair","floor":10.0,"turns":3.0},{"damage":1.0,"enemies":"3 Sentries","floor":11.0,"turns":4.0},{"damage":1.0,"enemies":"Gremlin Gang","floor":13.0,"turns":3.0},{"damage":15.0,"enemies":"Lagavulin","floor":14.0,"turns":6.0},{"damage":0.0,"enemies":"Slime Boss","floor":16.0,"turns":5.0},{"damage":15.0,"enemies":"3 Byrds","floor":18.0,"turns":3.0},{"damage":19.0,"enemies":"Spheric Guardian","floor":20.0,"turns":4.0},{"damage":14.0,"enemies":"Centurion and Healer","floor":22.0,"turns":4.0},{"damage":36,"enemies":"Book of Stabbing","floor":24,"turns":4}],"seed_played":"-1087514705399027838","potions_obtained":[{"floor":4.0,"key":"AttackPotion"},{"floor":8.0,"key":"Block Potion"},{"floor":11.0,"key":"Swift Potion"},{"floor":13.0,"key":"Dexterity Potion"},{"floor":14.0,"key":"Fire Potion"},{"floor":20.0,"key":"SteroidPotion"}],"is_trial":false,"path_per_floor":["?","?","?","?","M"],"character_chosen":"DEFECT","items_purchased":["FTL","Leap","Whetstone"],"campfire_rested":1,"item_purchase_floors":[3,3,19],"current_hp_per_floor":[59,57,57,57,71,55,55,38,38,37,36,36,37,22,22,22,60,45,45,26,26,12,33,0],"gold":61,"neow_bonus":"HUNDRED_GOLD","is_prod":false,"is_daily":false,"chose_seed":false,"campfire_upgraded":2,"win_rate":0,"timestamp":1548216174,"path_taken":["M","M","$","M","?","E","R","M","T","?","E","?","M","E","R","BOSS","M","$","M","?","?","R","E"],"build_version":"2019-01-22","purchased_purges":2,"victory":false,"max_hp_per_floor":[71,71,71,71,71,71,71,71,71,71,71,71,73,73,73,73,73,73,73,73,73,73,73,73],"card_choices":[{"not_picked":["Conserve Battery","Rebound"],"picked":"Melter","floor":1.0},{"not_picked":["Chill","Gash"],"picked":"Beam Cell","floor":2.0},{"not_picked":["Scrape","Capacitor","Stack"],"picked":"SKIP","floor":4.0},{"not_picked":["Turbo","Creative AI"],"picked":"All For One","floor":6.0},{"not_picked":["Streamline","Turbo"],"picked":"Sunder","floor":8.0},{"not_picked":["Static Discharge","Conserve Battery"],"picked":"Compile Driver","floor":10.0},{"not_picked":["Sunder","Cold Snap"],"picked":"Hologram","floor":11.0},{"not_picked":["Rip and Tear","Turbo","Steam Power"],"picked":"Singing Bowl","floor":13.0},{"not_picked":["Loop","Thunder Strike"],"picked":"Hologram","floor":14.0},{"not_picked":["Amplify","Machine Learning"],"picked":"Echo Form","floor":16.0},{"not_picked":["Conserve Battery","Turbo"],"picked":"Chill","floor":18.0},{"not_picked":["Leap","Rebound"],"picked":"Beam Cell","floor":20.0},{"not_picked":["Redo","Coolheaded"],"picked":"Fusion","floor":22.0},{"not_picked":["Hologram","Rebound"],"picked":"Reprogram+1","floor":23.0}],"player_experience":802179,"relics_obtained":[{"floor":6.0,"key":"Singing Bowl"},{"floor":9.0,"key":"War Paint"},{"floor":10.0,"key":"Odd Mushroom"},{"floor":11.0,"key":"DataDisk"},{"floor":14.0,"key":"Dream Catcher"}],"event_choices":[{"damage_healed":17.0,"max_hp_gain":0.0,"max_hp_loss":0.0,"gold_gain":0.0,"event_name":"The Cleric","player_choice":"Healed","floor":5.0,"gold_loss":35.0,"damage_taken":0.0},{"damage_healed":0.0,"max_hp_gain":0.0,"max_hp_loss":0.0,"gold_gain":0.0,"event_name":"Mushrooms","player_choice":"Fought Mushrooms","floor":10.0,"gold_loss":0.0,"damage_taken":0.0},{"damage_healed":0.0,"max_hp_gain":0.0,"max_hp_loss":0.0,"gold_gain":0.0,"event_name":"FaceTrader","player_choice":"Trade","floor":12.0,"gold_loss":0.0,"damage_taken":0.0,"relics_obtained":["CultistMask"]},{"damage_healed":0.0,"max_hp_gain":0.0,"max_hp_loss":0.0,"gold_gain":0.0,"event_name":"Wheel of Change","player_choice":"Cursed","floor":21.0,"gold_loss":0.0,"damage_taken":0.0,"cards_obtained":["Decay"]}],"is_beta":true,"boss_relics":[{"not_picked":["Cursed Key","Black Star"],"picked":"Runic Pyramid"}],"items_purged_floors":[3,19],"is_endless":false,"potions_floor_spawned":[4,8,11,13,14,16,20],"killed_by":"Book of Stabbing","ascension_level":20}