{"gold_per_floor":[111,36,36,36,48,48,80,80,80,112,124,157,176,176,176,248,248,261,261,241,261,271,303,303,332,406,116,116,206,206,222,222,297,297,310,323,423,423,438,463,463,789,789,789,1,20,20,20,20,20,20,20,20,20,53,53],"floor_reached":56,"playtime":2826,"items_purged":["Strike_B","Strike_B"],"score":1968,"play_id":"c503f17f-1b87-47e4-8f68-73864d471199","local_time":"20190210231540","is_ascension_mode":true,"campfire_choices":[{"data":"Hologram","floor":6.0,"key":"SMITH"},{"data":"Loop","floor":8.0,"key":"SMITH"},{"data":"Buffer","floor":15.0,"key":"SMITH"},{"floor":24.0,"key":"REST"},{"floor":30.0,"key":"REST"},{"data":"Defragment","floor":32.0,"key":"SMITH"},{"data":"FTL","floor":41.0,"key":"SMITH"},{"floor":44.0,"key":"RECALL"},{"floor":49.0,"key":"REST"},{"data":"Zap","floor":53.0,"key":"SMITH"}],"neow_cost":"PERCENT_DAMAGE","seed_source_timestamp":1221765445808100,"circlet_count":0,"master_deck":["AscendersBane","Defend_B","Defend_B","Defend_B","Zap+1","Dualcast","Sweeping Beam","Echo Form","FTL+1","Hologram+1","Loop+1","Rip and Tear","Ball Lightning","Buffer+1","Core Surge+1","Cold Snap","Redo+1","Beam Cell+1","Defragment+1","Conserve Battery","Echo Form","Beam Cell+1","Hologram+1","White Noise","Echo Form+1","FTL","Deep Breath","Ball Lightning+1","Conserve Battery"],"special_seed":0,"relics":["Cracked Core","Orichalcum","Meat on the Bone","DataDisk","Dream Catcher","Black Star","Nilry\u0027s Codex","Blood Vial","Mummified Hand","Pen Nib","Darkstone Periapt","Mercury Hourglass","Sling","Nuclear Battery","Incense Burner","FaceOfCleric","Thread and Needle","Lantern","Old Coin","Oddly Smooth Stone","HandDrill","Frozen Egg 2","Torii","Whetstone"],"potions_floor_usage":[56],"damage_taken":[{"damage":2.0,"enemies":"2 Louse","floor":1.0,"turns":3.0},{"damage":7.0,"enemies":"Jaw Worm","floor":5.0,"turns":3.0},{"damage":5.0,"enemies":"Lagavulin","floor":7.0,"turns":7.0},{"damage":40.0,"enemies":"Gremlin Nob","floor":10.0,"turns":5.0},{"damage":0.0,"enemies":"Small Slimes","floor":11.0,"turns":2.0},{"damage":14.0,"enemies":"3 Sentries","floor":12.0,"turns":4.0},{"damage":9.0,"enemies":"Red Slaver","floor":13.0,"turns":2.0},{"damage":13.0,"enemies":"Hexaghost","floor":16.0,"turns":6.0},{"damage":0.0,"enemies":"Chosen","floor":18.0,"turns":6.0},{"damage":6.0,"enemies":"Shell Parasite","floor":21.0,"turns":5.0},{"damage":10.0,"enemies":"Shelled Parasite and Fungi","floor":22.0,"turns":6.0},{"damage":33.0,"enemies":"Book of Stabbing","floor":23.0,"turns":5.0},{"damage":37.0,"enemies":"Slavers","floor":25.0,"turns":5.0},{"damage":0.0,"enemies":"Cultist and Chosen","floor":31.0,"turns":5.0},{"damage":42.0,"enemies":"Collector","floor":33.0,"turns":6.0},{"damage":0.0,"enemies":"3 Darklings","floor":35.0,"turns":4.0},{"damage":12.0,"enemies":"Orb Walker","floor":36.0,"turns":3.0},{"damage":0.0,"enemies":"Mind Bloom Boss Battle","floor":37.0,"turns":5.0},{"damage":30.0,"enemies":"3 Darklings","floor":39.0,"turns":5.0},{"damage":0.0,"enemies":"Giant Head","floor":40.0,"turns":7.0},{"damage":34.0,"enemies":"Reptomancer","floor":42.0,"turns":5.0},{"damage":0.0,"enemies":"Transient","floor":46.0,"turns":6.0},{"damage":53.0,"enemies":"Awakened One","floor":50.0,"turns":12.0},{"damage":2.0,"enemies":"Donu and Deca","floor":51.0,"turns":7.0},{"damage":61.0,"enemies":"Shield and Spear","floor":55.0,"turns":5.0},{"damage":46,"enemies":"The Heart","floor":56,"turns":2}],"seed_played":"-7634806815374008048","potions_obtained":[{"floor":5.0,"key":"Block Potion"},{"floor":10.0,"key":"FearPotion"},{"floor":12.0,"key":"Dexterity Potion"},{"floor":13.0,"key":"Poison Potion"},{"floor":20.0,"key":"SneckoOil"},{"floor":22.0,"key":"SpeedPotion"},{"floor":25.0,"key":"Dexterity Potion"},{"floor":31.0,"key":"SkillPotion"},{"floor":35.0,"key":"Regen Potion"},{"floor":55.0,"key":"SpeedPotion"}],"is_trial":false,"path_per_floor":["M","?","?","?","M","R","E","R","T","E","M","E","M","?","R","B",null,"M","?","?","M","M","E","R","E","T","$","?","?","R","M","R","B",null,"M","M","?","?","M","E","R","E","T","R","$","M","?","$","R","B","B",null,"R","$","E","B"],"character_chosen":"DEFECT","items_purchased":["Sling","HandDrill","Frozen Egg 2","Echo Form+1","FTL"],"campfire_rested":3,"item_purchase_floors":[27,45,45,45,45],"current_hp_per_floor":[58,58,58,58,51,51,46,46,46,18,30,28,31,31,31,30,71,71,50,50,44,46,25,50,27,27,27,44,28,53,55,55,27,71,73,63,65,65,50,68,68,49,49,49,49,52,52,52,78,40,53,82,82,82,36,0],"gold":53,"neow_bonus":"TWENTY_PERCENT_HP_BONUS","is_prod":false,"is_daily":false,"chose_seed":false,"campfire_upgraded":6,"win_rate":0,"timestamp":1549808140,"path_taken":["M","?","?","?","M","R","E","R","T","E","M","E","?","?","R","BOSS","M","?","?","M","?","E","R","E","T","$","?","?","R","M","R","BOSS","M","M","?","?","?","E","R","E","T","R","$","M","?","$","R","BOSS","BOSS","R","$","E","BOSS"],"build_version":"2019-01-23","purchased_purges":2,"victory":false,"max_hp_per_floor":[85,85,85,85,85,85,85,85,85,85,85,85,85,85,85,85,85,85,85,85,85,85,85,85,85,85,85,85,85,85,85,85,85,85,85,85,85,85,86,87,87,88,88,88,88,89,89,89,89,90,91,91,91,91,92,92],"card_choices":[{"not_picked":["Coolheaded","Stack"],"picked":"Sweeping Beam","floor":1.0},{"not_picked":["Storm","Coolheaded"],"picked":"Hologram","floor":5.0},{"not_picked":["Compile Driver","Gash"],"picked":"Loop","floor":7.0},{"not_picked":["Rebound","Darkness"],"picked":"Rip and Tear","floor":10.0},{"not_picked":["Sweeping Beam","Coolheaded"],"picked":"Ball Lightning","floor":11.0},{"not_picked":["Compile Driver","Reprogram","Scrape"],"picked":"SKIP","floor":12.0},{"not_picked":["Conserve Battery","Undo"],"picked":"Buffer","floor":13.0},{"not_picked":["Buffer","Thunder Strike"],"picked":"Core Surge","floor":16.0},{"not_picked":["Glacier","Rebound"],"picked":"Cold Snap","floor":18.0},{"not_picked":["Redo","BootSequence","Go for the Eyes+1"],"picked":"SKIP","floor":21.0},{"not_picked":["Turbo","Rebound","Multi-Cast"],"picked":"SKIP","floor":22.0},{"not_picked":["Hologram","Compile Driver"],"picked":"Redo+1","floor":23.0},{"not_picked":["Stack","Compile Driver+1"],"picked":"Beam Cell+1","floor":24.0},{"not_picked":["Hello World","Thunder Strike"],"picked":"Defragment","floor":25.0},{"not_picked":["Coolheaded","Melter"],"picked":"Conserve Battery","floor":31.0},{"not_picked":["Fission","Multi-Cast"],"picked":"Echo Form","floor":33.0},{"not_picked":["Stack","Self Repair"],"picked":"Beam Cell+1","floor":35.0},{"not_picked":["Scrape","Go for the Eyes","Coolheaded"],"picked":"SKIP","floor":36.0},{"not_picked":["Stack","Melter"],"picked":"Hologram+1","floor":39.0},{"not_picked":["Doom and Gloom","Hologram"],"picked":"White Noise","floor":40.0},{"not_picked":["Turbo","Compile Driver+1","Heatsinks"],"picked":"SKIP","floor":42.0},{"not_picked":["Tempest","Blizzard","Glacier"],"picked":"SKIP","floor":46.0},{"not_picked":["Good Instincts","HandOfGreed"],"picked":"Deep Breath","floor":47.0},{"not_picked":["Streamline+1","Go for the Eyes"],"picked":"Ball Lightning","floor":49.0},{"not_picked":["Streamline+1","Loop+1"],"picked":"Conserve Battery","floor":55.0}],"player_experience":1115337,"relics_obtained":[{"floor":7.0,"key":"Orichalcum"},{"floor":9.0,"key":"Meat on the Bone"},{"floor":10.0,"key":"DataDisk"},{"floor":12.0,"key":"Dream Catcher"},{"floor":19.0,"key":"Nilry\u0027s Codex"},{"floor":23.0,"key":"Blood Vial"},{"floor":23.0,"key":"Mummified Hand"},{"floor":25.0,"key":"Pen Nib"},{"floor":25.0,"key":"Darkstone Periapt"},{"floor":26.0,"key":"Mercury Hourglass"},{"floor":37.0,"key":"Incense Burner"},{"floor":40.0,"key":"Thread and Needle"},{"floor":40.0,"key":"Lantern"},{"floor":42.0,"key":"Old Coin"},{"floor":42.0,"key":"Oddly Smooth Stone"},{"floor":55.0,"key":"Torii"},{"floor":55.0,"key":"Whetstone"}],"event_choices":[{"cards_removed":["Strike_B"],"damage_healed":0.0,"max_hp_gain":0.0,"max_hp_loss":0.0,"gold_gain":0.0,"event_name":"The Cleric","player_choice":"Card Removal","floor":2.0,"gold_loss":75.0,"damage_taken":0.0},{"cards_removed":["Defend_B"],"damage_healed":0.0,"max_hp_gain":0.0,"max_hp_loss":0.0,"gold_gain":0.0,"event_name":"Living Wall","player_choice":"Forget","floor":3.0,"gold_loss":0.0,"damage_taken":0.0},{"damage_healed":0.0,"max_hp_gain":0.0,"max_hp_loss":0.0,"gold_gain":0.0,"event_name":"Match and Keep!","player_choice":"2 cards matched","floor":4.0,"gold_loss":0.0,"damage_taken":0.0,"cards_obtained":["Echo Form","FTL"]},{"cards_removed":["Strike_B"],"damage_healed":0.0,"max_hp_gain":0.0,"max_hp_loss":0.0,"gold_gain":0.0,"event_name":"Purifier","player_choice":"Purged","floor":14.0,"gold_loss":0.0,"damage_taken":0.0},{"damage_healed":0.0,"max_hp_gain":0.0,"max_hp_loss":0.0,"gold_gain":0.0,"event_name":"Cursed Tome","player_choice":"Obtained Book","floor":19.0,"gold_loss":0.0,"damage_taken":21.0},{"damage_healed":0.0,"max_hp_gain":0.0,"max_hp_loss":0.0,"gold_gain":0.0,"event_name":"The Woman in Blue","player_choice":"Bought 1 Potion","floor":20.0,"gold_loss":0.0,"damage_taken":0.0},{"damage_healed":17.0,"max_hp_gain":0.0,"max_hp_loss":0.0,"gold_gain":0.0,"event_name":"The Library","player_choice":"Heal","floor":28.0,"gold_loss":0.0,"damage_taken":0.0},{"damage_healed":0.0,"max_hp_gain":0.0,"max_hp_loss":0.0,"gold_gain":90.0,"event_name":"Knowing Skull","player_choice":"GOLD ","floor":29.0,"potions_obtained":[],"gold_loss":0.0,"damage_taken":16.0,"cards_obtained":[]},{"damage_healed":0.0,"max_hp_gain":0.0,"max_hp_loss":0.0,"gold_gain":0.0,"event_name":"MindBloom","player_choice":"Fight","floor":37.0,"gold_loss":0.0,"damage_taken":0.0},{"damage_healed":0.0,"max_hp_gain":0.0,"max_hp_loss":0.0,"gold_gain":0.0,"event_name":"FaceTrader","player_choice":"Trade","floor":38.0,"gold_loss":0.0,"damage_taken":0.0,"relics_obtained":["FaceOfCleric"]},{"damage_healed":0.0,"max_hp_gain":0.0,"max_hp_loss":0.0,"gold_gain":0.0,"event_name":"SensoryStone","player_choice":"Memory 1","floor":47.0,"gold_loss":0.0,"damage_taken":0.0}],"is_beta":false,"boss_relics":[{"not_picked":["Runic Dome","Ectoplasm"],"picked":"Black Star"},{"not_picked":["Velvet Choker","Tiny House"],"picked":"Nuclear Battery"}],"items_purged_floors":[27,45],"is_endless":false,"potions_floor_spawned":[5,10,12,13,22,25,31,35,37,39,55],"killed_by":"The Heart","ascension_level":20}