{"gold_per_floor":[109,127,43,58,16,16,41,41,41,51,70,104,104,124,124,201,251,264,364,319,319,319,319,337,384,410,410,445,46,63,63,63,142,142,159,26,42,0,13,39,39,39,39,39,39,39,55,74,74,74,74],"floor_reached":51,"playtime":4180,"items_purged":["Strike_G+1","Strike_G+1"],"score":1410,"play_id":"4235a64b-520e-4304-8e14-8b6792f29776","local_time":"20190207164105","is_ascension_mode":true,"campfire_choices":[{"data":"Neutralize","floor":6.0,"key":"SMITH"},{"floor":8.0,"key":"REST"},{"data":"Catalyst","floor":13.0,"key":"SMITH"},{"data":"Noxious Fumes","floor":15.0,"key":"SMITH"},{"floor":23.0,"key":"REST"},{"floor":27.0,"key":"REST"},{"data":"Catalyst","floor":32.0,"key":"SMITH"},{"data":"Well Laid Plans","floor":44.0,"key":"SMITH"},{"data":"Adrenaline","floor":46.0,"key":"SMITH"},{"data":"Footwork","floor":49,"key":"SMITH"}],"neow_cost":"NONE","seed_source_timestamp":2441873234025944,"circlet_count":0,"master_deck":["AscendersBane","Defend_G+1","Defend_G+1","Defend_G+1","Defend_G+1","Defend_G+1","Strike_G+1","Survivor","Neutralize+1","Dagger Spray","Sucker Punch","Deadly Poison","PiercingWail","Noxious Fumes+1","Leg Sweep","Doppelganger","Backstab","Footwork","Catalyst+1","Poisoned Stab","Night Terror","Acrobatics","Dodge and Roll","Deadly Poison","Backflip+1","Dash","Adrenaline+1","Noxious Fumes","Adrenaline","Well Laid Plans","Adrenaline","Catalyst+1","Footwork+1","Well Laid Plans+1","Prepared+1","Acrobatics+1","Footwork","Deadly Poison+1"],"special_seed":0,"relics":["Ring of the Serpent","Art of War","Mango","Matryoshka","Blood Vial","Tiny House","Incense Burner","Question Card","Potion Belt","Bag of Preparation","Shuriken","Smiling Mask","Omamori","Red Mask","Kunai","Bottled Tornado","Toxic Egg 2"],"potions_floor_usage":[48,48,51],"damage_taken":[{"damage":6.0,"enemies":"Cultist","floor":1.0,"turns":6.0},{"damage":15.0,"enemies":"Jaw Worm","floor":2.0,"turns":6.0},{"damage":0.0,"enemies":"2 Louse","floor":4.0,"turns":2.0},{"damage":33.0,"enemies":"Gremlin Nob","floor":7.0,"turns":5.0},{"damage":3.0,"enemies":"Looter","floor":10.0,"turns":4.0},{"damage":11.0,"enemies":"Exordium Wildlife","floor":11.0,"turns":6.0},{"damage":10.0,"enemies":"3 Sentries","floor":12.0,"turns":7.0},{"damage":6.0,"enemies":"3 Louse","floor":14.0,"turns":4.0},{"damage":11.0,"enemies":"Hexaghost","floor":16.0,"turns":10.0},{"damage":11.0,"enemies":"Spheric Guardian","floor":18.0,"turns":6.0},{"damage":20.0,"enemies":"Colosseum Slavers","floor":19.0,"turns":5.0},{"damage":22.0,"enemies":"Colosseum Nobs","floor":19.0,"turns":8.0},{"damage":7.0,"enemies":"2 Thieves","floor":20.0,"turns":5.0},{"damage":19.0,"enemies":"3 Cultists","floor":24.0,"turns":8.0},{"damage":34.0,"enemies":"Gremlin Leader","floor":28.0,"turns":6.0},{"damage":3.0,"enemies":"Snake Plant","floor":30.0,"turns":4.0},{"damage":4.0,"enemies":"Champ","floor":33.0,"turns":7.0},{"damage":1.0,"enemies":"3 Shapes","floor":35.0,"turns":4.0},{"damage":0.0,"enemies":"3 Darklings","floor":37.0,"turns":5.0},{"damage":4.0,"enemies":"4 Shapes","floor":39.0,"turns":6.0},{"damage":15.0,"enemies":"Giant Head","floor":40.0,"turns":8.0},{"damage":3.0,"enemies":"Transient","floor":47.0,"turns":6.0},{"damage":1,"enemies":"Jaw Worm Horde","floor":48,"turns":5},{"damage":20,"enemies":"Time Eater","floor":50,"turns":9},{"damage":44,"enemies":"Awakened One","floor":51,"turns":4}],"seed_played":"-133367751933683953","potions_obtained":[{"floor":1.0,"key":"GhostInAJar"},{"floor":7.0,"key":"Ancient Potion"},{"floor":10.0,"key":"AttackPotion"},{"floor":12.0,"key":"Fire Potion"},{"floor":14.0,"key":"Fire Potion"},{"floor":19.0,"key":"GhostInAJar"},{"floor":20.0,"key":"AttackPotion"},{"floor":24.0,"key":"GhostInAJar"},{"floor":35.0,"key":"Ancient Potion"},{"floor":40.0,"key":"SpeedPotion"},{"floor":47.0,"key":"Energy Potion"}],"is_trial":false,"path_per_floor":["M","M","$","M","$","R","E","R","T","M","M","E","R","M","R","B",null,"M","?","M","?","?","R","M","T","T","R","E","$","M","?","R","B",null,"M","$","M","?","M","E","?","T","T","R","$","R","M","M","R","B","B"],"character_chosen":"THE_SILENT","items_purchased":["Deadly Poison","PiercingWail","Leg Sweep","Well Laid Plans","Adrenaline","Poison Potion","Poison Potion","Well Laid Plans"],"campfire_rested":3,"item_purchase_floors":[3,3,5,29,29,29,29,36],"current_hp_per_floor":[53,38,38,38,38,38,19,43,43,40,29,19,19,15,15,6,67,58,20,15,15,15,40,23,23,23,48,16,16,15,32,32,30,71,72,72,74,74,72,59,59,59,59,59,59,59,58,59,59,41,0],"gold":74,"neow_bonus":"RANDOM_COMMON_RELIC","is_prod":false,"is_daily":false,"chose_seed":false,"campfire_upgraded":7,"win_rate":0,"timestamp":1549575665,"path_taken":["M","M","$","M","?","R","E","R","T","M","M","E","R","M","R","BOSS","M","?","M","?","?","R","M","?","T","R","E","$","?","?","R","BOSS","M","$","M","?","M","E","?","?","T","R","?","R","M","M","R","BOSS","BOSS"],"build_version":"2019-01-23","purchased_purges":2,"victory":false,"max_hp_per_floor":[66,66,66,66,66,66,80,80,80,80,80,80,80,80,80,80,85,85,85,85,85,85,85,85,85,85,85,85,85,85,85,85,85,85,85,85,85,85,85,85,85,85,85,85,85,85,85,85,85,85,85],"card_choices":[{"not_picked":["Distraction","Concentrate"],"picked":"Dagger Spray","floor":1.0},{"not_picked":["Finisher","Dagger Spray"],"picked":"Sucker Punch","floor":2.0},{"not_picked":["Terror","Backflip"],"picked":"Noxious Fumes","floor":4.0},{"not_picked":["All Out Attack","Dash"],"picked":"Doppelganger","floor":7.0},{"not_picked":["Quick Slash","Backflip"],"picked":"Backstab","floor":10.0},{"not_picked":["Deadly Poison","Dodge and Roll"],"picked":"Footwork","floor":11.0},{"not_picked":["Poisoned Stab","Blur"],"picked":"Catalyst","floor":12.0},{"not_picked":["Terror","Acrobatics"],"picked":"Poisoned Stab","floor":14.0},{"not_picked":["Unload","Grand Finale"],"picked":"Night Terror","floor":16.0},{"not_picked":["Skewer","Blade Dance"],"picked":"Acrobatics","floor":17.0},{"not_picked":["Distraction","Leg Sweep"],"picked":"Dodge and Roll","floor":18.0},{"not_picked":["Dagger Throw","Cloak And Dagger"],"picked":"Deadly Poison","floor":19.0},{"not_picked":["Skewer","Blur","Riddle With Holes"],"picked":"Backflip+1","floor":20.0},{"not_picked":["Flechettes","Blade Dance","Dagger Spray"],"picked":"Noxious Fumes","floor":24.0},{"not_picked":["Endless Agony","Noxious Fumes","Acrobatics"],"picked":"Adrenaline","floor":28.0},{"not_picked":["Flechettes","Blade Dance","Poisoned Stab"],"picked":"Catalyst","floor":30.0},{"not_picked":["Quick Slash+1","Blade Dance","Expertise"],"picked":"Footwork","floor":35.0},{"not_picked":["Poisoned Stab+1","Sucker Punch","Quick Slash"],"picked":"Prepared+1","floor":37.0},{"not_picked":["Finisher","Bane","Underhanded Strike"],"picked":"Acrobatics+1","floor":39.0},{"not_picked":["Flying Knee","Acrobatics","Expertise+1","Infinite Blades"],"picked":"SKIP","floor":40.0},{"not_picked":["Reflex+1","Infinite Blades","Dodge and Roll+1"],"picked":"Footwork","floor":47.0},{"not_picked":["Deflect+1","Dash+1","Choke"],"picked":"Deadly Poison+1","floor":48}],"player_experience":888604,"relics_obtained":[{"floor":7.0,"key":"Mango"},{"floor":9.0,"key":"Matryoshka"},{"floor":12.0,"key":"Blood Vial"},{"floor":19.0,"key":"Incense Burner"},{"floor":19.0,"key":"Question Card"},{"floor":25.0,"key":"Potion Belt"},{"floor":25.0,"key":"Bag of Preparation"},{"floor":26.0,"key":"Shuriken"},{"floor":26.0,"key":"Smiling Mask"},{"floor":28.0,"key":"Omamori"},{"floor":40.0,"key":"Kunai"},{"floor":42.0,"key":"Bottled Tornado"},{"floor":43.0,"key":"Toxic Egg 2"}],"event_choices":[{"damage_healed":0.0,"max_hp_gain":0.0,"max_hp_loss":0.0,"gold_gain":0.0,"event_name":"Colosseum","player_choice":"Fight","floor":19.0,"gold_loss":0.0,"damage_taken":0.0},{"damage_healed":0.0,"max_hp_gain":0.0,"max_hp_loss":0.0,"gold_gain":0.0,"event_name":"Colosseum","player_choice":"Fought Nobs","floor":19.0,"gold_loss":0.0,"damage_taken":0.0},{"damage_healed":0.0,"max_hp_gain":0.0,"max_hp_loss":0.0,"gold_gain":0.0,"event_name":"Back to Basics","player_choice":"Simplicity","floor":21.0,"gold_loss":0.0,"damage_taken":0.0,"cards_upgraded":["Defend_G","Defend_G","Defend_G","Defend_G","Strike_G","Strike_G","Strike_G","Strike_G","Strike_G"]},{"damage_healed":0.0,"max_hp_gain":0.0,"max_hp_loss":0.0,"gold_gain":0.0,"cards_transformed":["Strike_G","Strike_G"],"event_name":"Drug Dealer","player_choice":"Became Test Subject","floor":22.0,"gold_loss":0.0,"damage_taken":0.0,"cards_obtained":["Dash","Adrenaline"]},{"damage_healed":17.0,"max_hp_gain":0.0,"max_hp_loss":0.0,"gold_gain":0.0,"event_name":"The Library","player_choice":"Heal","floor":31.0,"gold_loss":0.0,"damage_taken":0.0},{"damage_healed":0.0,"max_hp_gain":0.0,"max_hp_loss":0.0,"gold_gain":0.0,"event_name":"Tomb of Lord Red Mask","player_choice":"Paid","floor":38.0,"gold_loss":42.0,"damage_taken":0.0,"relics_obtained":["Red Mask"]},{"damage_healed":0.0,"max_hp_gain":0.0,"max_hp_loss":0.0,"gold_gain":0.0,"event_name":"Mysterious Sphere","player_choice":"Ignored","floor":41.0,"gold_loss":0.0,"damage_taken":0.0}],"is_beta":false,"boss_relics":[{"not_picked":["Lizard Tail","Black Star"],"picked":"Tiny House"},{"not_picked":["Astrolabe","Velvet Choker"],"picked":"Ring of the Serpent"}],"items_purged_floors":[29,36],"is_endless":false,"potions_floor_spawned":[1,7,10,12,14,19,20,24,35,40,47],"killed_by":"Awakened One","ascension_level":20}