{"gold_per_floor":[113,263,279,298,315,315,315,349,425,425,438,467,467,467,467,557,620,639,689,604,879,904,904,904],"floor_reached":24,"playtime":619,"items_purged":[],"score":408,"play_id":"b65ec449-8354-4f26-8f65-cffa4818b0ea","local_time":"20190128141510","is_ascension_mode":true,"campfire_choices":[{"data":"Zap","floor":6.0,"key":"SMITH"},{"floor":15,"key":"REST"},{"data":"Seek","floor":23,"key":"SMITH"}],"neow_cost":"NONE","seed_source_timestamp":0,"circlet_count":0,"master_deck":["AscendersBane","Strike_B","Strike_B","Strike_B","Strike_B","Defend_B","Defend_B","Defend_B","Defend_B","Zap+1","Dualcast+1","Conserve Battery","Doubt","Tempest","Ball Lightning","Tempest","Hologram","Hologram","Defragment","Seek+1","Conserve Battery","Steam","Regret"],"special_seed":0,"relics":["Cracked Core","Du-Vu Doll","Blue Candle","Shuriken","Oddly Smooth Stone","Golden Idol","Tiny House","Shovel"],"potions_floor_usage":[12,16,18,22],"damage_taken":[{"damage":0.0,"enemies":"2 Louse","floor":1.0,"turns":2.0},{"damage":2.0,"enemies":"Jaw Worm","floor":3.0,"turns":4.0},{"damage":6.0,"enemies":"Small Slimes","floor":4.0,"turns":4.0},{"damage":10.0,"enemies":"2 Fungi Beasts","floor":5.0,"turns":3.0},{"damage":8.0,"enemies":"Lagavulin","floor":8.0,"turns":5.0},{"damage":0,"enemies":"Looter","floor":11,"turns":2},{"damage":31,"enemies":"3 Sentries","floor":12,"turns":7},{"damage":27,"enemies":"Hexaghost","floor":16,"turns":9},{"damage":34,"enemies":"2 Thieves","floor":18,"turns":3},{"damage":3,"enemies":"3 Byrds","floor":22,"turns":3},{"damage":33,"enemies":"Book of Stabbing","floor":24,"turns":4}],"seed_played":"8713831822874344633","potions_obtained":[{"floor":5.0,"key":"Weak Potion"},{"floor":8.0,"key":"Regen Potion"},{"floor":11,"key":"Block Potion"},{"floor":12,"key":"Fire Potion"},{"floor":17,"key":"Fire Potion"},{"floor":18,"key":"FearPotion"}],"is_trial":false,"path_per_floor":["M","?","M","M","M","R","?","E","T","T","M","E","?","?","R","B",null,"M","?","?","?","M","R","E"],"character_chosen":"DEFECT","items_purchased":[],"campfire_rested":1,"item_purchase_floors":[],"current_hp_per_floor":[71,71,69,63,53,53,58,50,50,50,50,34,5,5,29,2,68,34,34,34,34,31,31,0],"gold":904,"neow_bonus":"TEN_PERCENT_HP_BONUS","is_prod":false,"is_daily":false,"chose_seed":false,"campfire_upgraded":2,"win_rate":0,"timestamp":1548652510,"path_taken":["M","?","M","M","M","R","?","E","T","?","M","E","?","?","R","BOSS","M","?","?","?","?","R","E"],"build_version":"2019-01-23","purchased_purges":0,"victory":false,"max_hp_per_floor":[78,78,78,78,78,78,83,83,83,83,83,83,83,83,83,83,88,88,88,88,88,88,88,88],"card_choices":[{"not_picked":["Go for the Eyes","Melter"],"picked":"Conserve Battery","floor":1.0},{"not_picked":["Gash","Skim"],"picked":"Tempest","floor":3.0},{"not_picked":["Reinforced Body","Go for the Eyes"],"picked":"Ball Lightning","floor":4.0},{"not_picked":["Sweeping Beam","Beam Cell"],"picked":"Tempest","floor":5.0},{"not_picked":["Redo","Scrape"],"picked":"Hologram","floor":8.0},{"not_picked":["Rebound","Beam Cell"],"picked":"Hologram","floor":11},{"not_picked":["Heatsinks","Barrage"],"picked":"Defragment","floor":12},{"not_picked":["Core Surge","Meteor Strike"],"picked":"Seek","floor":16},{"not_picked":["Barrage","Streamline"],"picked":"Conserve Battery","floor":17},{"not_picked":["Compile Driver","Static Discharge"],"picked":"Steam","floor":18},{"not_picked":["Heatsinks","Rebound","Barrage"],"picked":"SKIP","floor":22}],"player_experience":1094060,"relics_obtained":[{"floor":8.0,"key":"Du-Vu Doll"},{"floor":9.0,"key":"Blue Candle"},{"floor":10.0,"key":"Shuriken"},{"floor":12,"key":"Oddly Smooth Stone"}],"event_choices":[{"damage_healed":0.0,"max_hp_gain":0.0,"max_hp_loss":0.0,"gold_gain":150.0,"event_name":"Liars Game","player_choice":"AGREE","floor":2.0,"gold_loss":0.0,"damage_taken":0.0,"cards_obtained":["Doubt"]},{"damage_healed":0.0,"max_hp_gain":5.0,"max_hp_loss":0.0,"gold_gain":0.0,"event_name":"Big Fish","player_choice":"Donut","floor":7.0,"gold_loss":0.0,"damage_taken":0.0},{"damage_healed":0,"gold_gain":0,"player_choice":"Take Damage","damage_taken":29,"relics_obtained":["Golden Idol"],"max_hp_gain":0,"max_hp_loss":0,"event_name":"Golden Idol","floor":13,"gold_loss":0},{"damage_healed":0,"gold_gain":0,"player_choice":"Fled","damage_taken":0,"max_hp_gain":0,"max_hp_loss":0,"event_name":"Scrap Ooze","floor":14,"gold_loss":0},{"damage_healed":0,"gold_gain":50,"player_choice":"Stole From Cult","damage_taken":0,"max_hp_gain":0,"max_hp_loss":0,"event_name":"Nest","floor":19,"gold_loss":0},{"damage_healed":0,"gold_gain":0,"player_choice":"Obtained Relic","damage_taken":0,"relics_obtained":["Shovel"],"max_hp_gain":0,"max_hp_loss":0,"event_name":"Addict","floor":20,"gold_loss":85},{"damage_healed":0,"gold_gain":275,"player_choice":"Desecrate","damage_taken":0,"max_hp_gain":0,"max_hp_loss":0,"event_name":"Golden Shrine","floor":21,"gold_loss":0,"cards_obtained":["Regret"]}],"is_beta":false,"boss_relics":[{"not_picked":["Eternal Feather","FrozenCore"],"picked":"Tiny House"}],"items_purged_floors":[],"is_endless":false,"potions_floor_spawned":[5,8,11,12,18],"killed_by":"Book of Stabbing","ascension_level":20}