{"gold_per_floor":[112,112,112,125,125,145,145,95,149,170,41,56,80,94,94,220,220,238,259,159,159,2,2,38,38,38,59,73,73,87,108,108,238,238,263,288,242,242,242,242],"floor_reached":40,"playtime":2766,"items_purged":["Defend_B","Strike_B"],"score":425,"play_id":"5f900174-3781-4f58-82ba-bf843ac9132f","local_time":"20190220190706","is_ascension_mode":false,"campfire_choices":[{"floor":7,"key":"REST"},{"floor":15,"key":"REST"},{"data":"Genetic Algorithm","floor":23,"key":"SMITH"},{"data":"Zap","floor":25,"key":"SMITH"},{"floor":29,"key":"REST"},{"floor":32,"key":"REST"}],"neow_cost":"PERCENT_DAMAGE","seed_source_timestamp":100748624383460,"circlet_count":0,"master_deck":["Defend_B","Zap+1","Dualcast","Ball Lightning+1","Genetic Algorithm+1","Static Discharge","Ball Lightning+1","Go for the Eyes","Ball Lightning","FTL+1","Tempest","Capacitor","Electrodynamics","Loop+1","Ball Lightning"],"relics":["Cracked Core","Golden Idol","Oddly Smooth Stone","Bag of Marbles","Inserter","Whetstone","Bag of Preparation","Ancient Tea Set","Runic Dome"],"potions_floor_usage":[10,14,24,24,30,33,39,40],"damage_taken":[{"damage":2,"enemies":"Jaw Worm","floor":1,"turns":4},{"damage":7,"enemies":"Small Slimes","floor":4,"turns":3},{"damage":0,"enemies":"Cultist","floor":6,"turns":3},{"damage":0,"enemies":"Looter","floor":10,"turns":3},{"damage":6,"enemies":"Blue Slaver","floor":12,"turns":2},{"damage":0,"enemies":"3 Louse","floor":13,"turns":2},{"damage":6,"enemies":"Large Slime","floor":14,"turns":3},{"damage":26,"enemies":"Hexaghost","floor":16,"turns":8},{"damage":0,"enemies":"Spheric Guardian","floor":18,"turns":3},{"damage":17,"enemies":"2 Thieves","floor":19,"turns":4},{"damage":7,"enemies":"Book of Stabbing","floor":24,"turns":5},{"damage":7,"enemies":"Snake Plant","floor":27,"turns":3},{"damage":11,"enemies":"Snecko","floor":28,"turns":4},{"damage":10,"enemies":"Chosen and Byrds","floor":30,"turns":2},{"damage":9,"enemies":"3 Cultists","floor":31,"turns":4},{"damage":47,"enemies":"Automaton","floor":33,"turns":8},{"damage":0,"enemies":"3 Darklings","floor":35,"turns":2},{"damage":7,"enemies":"Orb Walker","floor":36,"turns":2},{"damage":92,"enemies":"Giant Head","floor":40,"turns":7}],"seed_played":"9043231079401133765","potions_obtained":[{"floor":1,"key":"GamblersBrew"},{"floor":6,"key":"SpeedPotion"},{"floor":12,"key":"Weak Potion"},{"floor":16,"key":"EssenceOfSteel"},{"floor":18,"key":"SkillPotion"},{"floor":19,"key":"LiquidBronze"},{"floor":31,"key":"Weak Potion"},{"floor":33,"key":"Fruit Juice"},{"floor":35,"key":"Explosive Potion"},{"floor":36,"key":"SpeedPotion"}],"is_trial":false,"path_per_floor":["M","?","?","M","?","M","R","?","T","M","$","M","M","M","R","B",null,"M","M","$","?","$","R","E","R","T","M","M","R","M","M","R","B",null,"M","M","$","?","?","E"],"character_chosen":"DEFECT","items_purchased":["Ball Lightning","Whetstone","Ball Lightning"],"campfire_rested":4,"item_purchase_floors":[11,22,37],"current_hp_per_floor":[52,52,52,45,20,20,40,40,40,40,40,34,34,28,48,22,69,69,52,52,52,52,52,45,45,45,38,27,47,37,28,48,1,69,69,62,62,62,67,0],"gold":242,"neow_bonus":"REMOVE_TWO","is_prod":false,"is_daily":false,"chose_seed":false,"campfire_upgraded":2,"win_rate":0.0,"timestamp":1550707626,"path_taken":["M","?","?","?","?","M","R","?","T","M","$","M","M","M","R","BOSS","M","M","$","?","$","R","E","R","T","M","M","R","M","M","R","BOSS","M","M","$","?","?","E"],"build_version":"2019-01-23","purchased_purges":2,"victory":false,"max_hp_per_floor":[75,69,69,69,69,69,69,69,69,69,69,69,69,69,69,69,69,69,69,69,69,69,69,69,69,69,69,69,69,69,69,69,69,69,69,69,69,69,71,71],"card_choices":[{"not_picked":["Sweeping Beam","Auto Shields"],"picked":"Ball Lightning","floor":1},{"not_picked":["Glacier","Coolheaded"],"picked":"Genetic Algorithm","floor":4},{"not_picked":["Gash","Scrape","Turbo"],"picked":"SKIP","floor":6},{"not_picked":["Aggregate","Gash"],"picked":"Static Discharge","floor":10},{"not_picked":["Darkness","Reboot"],"picked":"Go for the Eyes","floor":12},{"not_picked":["Barrage","Hologram","Melter"],"picked":"SKIP","floor":13},{"not_picked":["Turbo","Cold Snap","Leap"],"picked":"SKIP","floor":14},{"not_picked":["Gash","Hologram","Streamline"],"picked":"SKIP","floor":18},{"not_picked":["Beam Cell+1","Reinforced Body+1","Coolheaded"],"picked":"SKIP","floor":19},{"not_picked":["Undo","Loop"],"picked":"Ball Lightning","floor":24},{"not_picked":["Beam Cell","Undo+1"],"picked":"FTL+1","floor":27},{"not_picked":["Fusion","Glacier"],"picked":"Tempest","floor":28},{"not_picked":["Hello World","Fusion","Leap"],"picked":"SKIP","floor":30},{"not_picked":["Streamline+1","Steam"],"picked":"Capacitor","floor":31},{"not_picked":["Reboot","Machine Learning"],"picked":"Electrodynamics","floor":33},{"not_picked":["Rebound","Storm+1","Cold Snap+1"],"picked":"SKIP","floor":35},{"not_picked":["Compile Driver","Gash"],"picked":"Loop+1","floor":36}],"player_experience":126271,"relics_obtained":[{"floor":9,"key":"Bag of Marbles"},{"floor":24,"key":"Bag of Preparation"},{"floor":26,"key":"Ancient Tea Set"}],"event_choices":[{"damage_healed":0,"gold_gain":0,"player_choice":"Lose Max HP","damage_taken":0,"relics_obtained":["Golden Idol"],"max_hp_gain":0,"max_hp_loss":6,"event_name":"Golden Idol","floor":2,"gold_loss":0},{"cards_removed":["Defend_B"],"damage_healed":0,"gold_gain":0,"player_choice":"Purged","damage_taken":0,"max_hp_gain":0,"max_hp_loss":0,"event_name":"Purifier","floor":3,"gold_loss":0},{"damage_healed":0,"gold_gain":0,"player_choice":"Success","damage_taken":25,"relics_obtained":["Oddly Smooth Stone"],"max_hp_gain":0,"max_hp_loss":0,"event_name":"Scrap Ooze","floor":5,"gold_loss":0},{"cards_removed":["Strike_B"],"damage_healed":0,"gold_gain":0,"player_choice":"Card Removal","damage_taken":0,"max_hp_gain":0,"max_hp_loss":0,"event_name":"The Cleric","floor":8,"gold_loss":50},{"damage_healed":0,"gold_gain":0,"player_choice":"Ignored","damage_taken":0,"max_hp_gain":0,"max_hp_loss":0,"event_name":"Vampires","floor":21,"gold_loss":0},{"cards_removed":["Defend_B"],"damage_healed":0,"gold_gain":0,"player_choice":"Removed Skill","damage_taken":0,"max_hp_gain":0,"max_hp_loss":0,"event_name":"Falling","floor":38,"gold_loss":0},{"damage_healed":0,"gold_gain":0,"player_choice":"Max HP","damage_taken":0,"max_hp_gain":0,"max_hp_loss":3,"event_name":"Winding Halls","floor":39,"gold_loss":0}],"is_beta":false,"boss_relics":[{"not_picked":["Ectoplasm","Orrery"],"picked":"Inserter"},{"not_picked":["Runic Pyramid","FrozenCore"],"picked":"Runic Dome"}],"items_purged_floors":[11,20],"is_endless":false,"potions_floor_spawned":[1,6,12,16,18,19,31,33,35,36],"killed_by":"Giant Head","ascension_level":0}