{"gold_per_floor":[115,129,304,319,65,94,108,108,144,176,221,233,280,145,145,145],"floor_reached":16,"playtime":801,"items_purged":["Doubt"],"score":168,"play_id":"23ec94ad-f3d5-42c8-8476-29a91e495c23","local_time":"20190219174157","is_ascension_mode":true,"campfire_choices":[{"floor":12,"key":"REST"},{"data":"Searing Blow","floor":15,"key":"SMITH"}],"neow_cost":"NONE","seed_source_timestamp":338934363475343,"circlet_count":0,"master_deck":["Strike_R","Strike_R","Strike_R","Strike_R","Strike_R","Defend_R","Defend_R","Defend_R","Defend_R","Bash","Clothesline","Perfected Strike","Searing Blow+1","Wild Strike","Armaments","Flame Barrier","Blood for Blood","Perfected Strike"],"relics":["Burning Blood","Omamori","Bronze Scales","MawBank","Strawberry","Art of War","FossilizedHelix","Orichalcum"],"potions_floor_usage":[6,13,13],"damage_taken":[{"damage":4,"enemies":"Cultist","floor":1,"turns":5},{"damage":0,"enemies":"2 Louse","floor":2,"turns":2},{"damage":4,"enemies":"Jaw Worm","floor":4,"turns":4},{"damage":40,"enemies":"3 Sentries","floor":6,"turns":8},{"damage":14,"enemies":"Lots of Slimes","floor":7,"turns":4},{"damage":9,"enemies":"Red Slaver","floor":10,"turns":4},{"damage":39,"enemies":"Lagavulin","floor":11,"turns":8},{"damage":20,"enemies":"Gremlin Nob","floor":13,"turns":4},{"damage":24,"enemies":"The Guardian","floor":16,"turns":9}],"seed_played":"296770817161006276","potions_obtained":[{"floor":1,"key":"Strength Potion"},{"floor":2,"key":"SteroidPotion"},{"floor":11,"key":"PowerPotion"}],"is_trial":false,"path_per_floor":["M","M","?","M","$","E","M","?","T","M","E","R","E","$","R","B"],"character_chosen":"IRONCLAD","items_purchased":["Omamori","Armaments","Orichalcum"],"campfire_rested":1,"item_purchase_floors":[5,5,14],"current_hp_per_floor":[74,80,80,80,80,46,38,38,45,42,9,35,21,21,21,0],"gold":145,"neow_bonus":"THREE_CARDS","is_prod":false,"is_daily":false,"chose_seed":false,"campfire_upgraded":1,"win_rate":0,"timestamp":1550576517,"path_taken":["M","?","?","M","$","E","M","?","T","?","E","R","E","?","R","BOSS"],"build_version":"2019-01-23","purchased_purges":1,"victory":false,"max_hp_per_floor":[80,80,80,80,80,80,80,80,87,87,87,87,87,87,87,87],"card_choices":[{"not_picked":["Blood for Blood","Iron Wave"],"picked":"Clothesline","floor":0},{"not_picked":["Shrug It Off","Reckless Charge"],"picked":"Perfected Strike","floor":1},{"not_picked":["Iron Wave","Pommel Strike"],"picked":"Searing Blow","floor":2},{"not_picked":["Armaments","Clash"],"picked":"Wild Strike","floor":4},{"not_picked":["Warcry","Power Through"],"picked":"Flame Barrier","floor":6},{"not_picked":["Burning Pact","Sentinel","Entrench"],"picked":"SKIP","floor":7},{"not_picked":["Ghostly Armor","Rage","Armaments"],"picked":"SKIP","floor":10},{"not_picked":["Sword Boomerang","Rage"],"picked":"Blood for Blood","floor":11},{"not_picked":["Rampage","Clothesline"],"picked":"Perfected Strike","floor":13}],"player_experience":833965,"relics_obtained":[{"floor":6,"key":"Bronze Scales"},{"floor":9,"key":"Strawberry"},{"floor":11,"key":"Art of War"},{"floor":13,"key":"FossilizedHelix"}],"event_choices":[{"damage_healed":0,"gold_gain":175,"player_choice":"AGREE","damage_taken":0,"max_hp_gain":0,"max_hp_loss":0,"event_name":"Liars Game","floor":3,"gold_loss":0,"cards_obtained":["Doubt"]},{"damage_healed":0,"gold_gain":0,"player_choice":"Box","damage_taken":0,"relics_obtained":["MawBank"],"max_hp_gain":0,"max_hp_loss":0,"event_name":"Big Fish","floor":8,"gold_loss":0,"cards_obtained":["Regret"]}],"is_beta":false,"boss_relics":[],"items_purged_floors":[5],"is_endless":false,"potions_floor_spawned":[1,2,11],"killed_by":"The Guardian","ascension_level":8}