{"gold_per_floor":[112,125,137,29,44,75,2,29,41,53,81,193,220,261,273,384,396,418,430],"floor_reached":19,"playtime":1074,"items_purged":["Strike_B"],"score":217,"play_id":"7d9d0b50-c4bc-4cce-9efd-7586779cae10","local_time":"20190217232310","is_ascension_mode":true,"campfire_choices":[{"data":"Loop","floor":10,"key":"SMITH"},{"data":"Echo Form","floor":15,"key":"SMITH"}],"neow_cost":"NONE","seed_source_timestamp":170195147199566,"circlet_count":0,"master_deck":["Strike_B","Strike_B","Strike_B","Defend_B","Defend_B","Defend_B","Defend_B","Zap","Dualcast","Go for the Eyes","Undo","Chill","FTL","Static Discharge","Loop+1","Hello World","Static Discharge","Lockon","Lockon","Echo Form+1","Thunder Strike"],"relics":["Cracked Core","NeowsBlessing","Mango","MawBank","Oddly Smooth Stone","Bottled Lightning","Inserter"],"potions_floor_usage":[6,16,16],"damage_taken":[{"damage":0,"enemies":"Cultist","floor":1,"turns":1},{"damage":0,"enemies":"Small Slimes","floor":2,"turns":1},{"damage":0,"enemies":"2 Louse","floor":3,"turns":1},{"damage":6,"enemies":"Blue Slaver","floor":5,"turns":4},{"damage":4,"enemies":"3 Sentries","floor":6,"turns":7},{"damage":11,"enemies":"Lagavulin","floor":8,"turns":6},{"damage":20,"enemies":"3 Louse","floor":11,"turns":3},{"damage":0,"enemies":"Large Slime","floor":13,"turns":5},{"damage":14,"enemies":"3 Sentries","floor":14,"turns":7},{"damage":26,"enemies":"Slime Boss","floor":16,"turns":6},{"damage":28,"enemies":"Shell Parasite","floor":18,"turns":6},{"damage":70,"enemies":"Masked Bandits","floor":19,"turns":4}],"seed_played":"-3249070286467653564","potions_obtained":[{"floor":5,"key":"Explosive Potion"},{"floor":6,"key":"Explosive Potion"},{"floor":11,"key":"Strength Potion"},{"floor":14,"key":"SteroidPotion"},{"floor":16,"key":"Ancient Potion"}],"is_trial":false,"path_per_floor":["M","M","M","$","M","E","$","E","T","R","M","?","M","E","R","B",null,"M","?"],"character_chosen":"DEFECT","items_purchased":["FTL","Hello World"],"campfire_rested":0,"item_purchase_floors":[4,7],"current_hp_per_floor":[75,75,75,75,69,79,79,68,68,68,48,48,48,34,34,8,89,61,0],"gold":430,"neow_bonus":"THREE_ENEMY_KILL","is_prod":false,"is_daily":false,"chose_seed":false,"campfire_upgraded":2,"win_rate":0,"timestamp":1550474590,"path_taken":["M","M","?","$","?","E","$","E","T","R","M","?","?","E","R","BOSS","M","?"],"build_version":"2019-01-23","purchased_purges":1,"victory":false,"max_hp_per_floor":[75,75,75,75,75,89,89,89,89,89,89,89,89,89,89,89,89,89,89],"card_choices":[{"not_picked":["Redo","Rebound"],"picked":"Go for the Eyes","floor":1},{"not_picked":["Go for the Eyes","Rebound"],"picked":"Undo","floor":2},{"not_picked":["Lockon","White Noise"],"picked":"Chill","floor":3},{"not_picked":["Hologram","Fission"],"picked":"Static Discharge","floor":5},{"not_picked":["Fusion","Compile Driver"],"picked":"Loop","floor":6},{"not_picked":["Genetic Algorithm","Sweeping Beam"],"picked":"Static Discharge","floor":8},{"not_picked":["Rebound","Sweeping Beam"],"picked":"Lockon","floor":11},{"not_picked":["Sweeping Beam","Streamline"],"picked":"Lockon","floor":13},{"not_picked":["Redo","Darkness"],"picked":"Echo Form","floor":14},{"not_picked":["Core Surge","Amplify"],"picked":"Thunder Strike","floor":16},{"not_picked":["Steam Power","Coolheaded","Leap"],"picked":"SKIP","floor":18}],"player_experience":173965,"relics_obtained":[{"floor":6,"key":"Mango"},{"floor":8,"key":"MawBank"},{"floor":9,"key":"Oddly Smooth Stone"},{"floor":14,"key":"Bottled Lightning"}],"event_choices":[{"damage_healed":0,"gold_gain":100,"player_choice":"Pray","damage_taken":0,"max_hp_gain":0,"max_hp_loss":0,"event_name":"Golden Shrine","floor":12,"gold_loss":0},{"damage_healed":0,"gold_gain":0,"player_choice":"Fought Bandits","damage_taken":0,"max_hp_gain":0,"max_hp_loss":0,"event_name":"Masked Bandits","floor":19,"gold_loss":0}],"is_beta":false,"boss_relics":[{"not_picked":["Runic Dome","Tiny House"],"picked":"Inserter"}],"items_purged_floors":[4],"is_endless":false,"potions_floor_spawned":[5,6,11,14,16],"killed_by":"Masked Bandits","ascension_level":3}