{"gold_per_floor":[119,119,138,159,180,213,247,247,271,271,309,323,362,383,383,383],"floor_reached":16,"playtime":824,"items_purged":[],"score":128,"play_id":"dceda7ca-1e7c-4716-9222-63416ad6eb59","local_time":"20190210183946","is_ascension_mode":true,"campfire_choices":[{"floor":8,"key":"REST"},{"data":"Dodge and Roll","floor":10,"key":"SMITH"},{"data":"Survivor","floor":15,"key":"SMITH"}],"neow_cost":"NONE","seed_source_timestamp":87886861991840,"circlet_count":0,"master_deck":["Defend_G","Defend_G","Defend_G","Defend_G","Defend_G","Strike_G","Strike_G","Strike_G","Strike_G","Strike_G","Survivor+1","Neutralize+1","Dagger Throw","Slice","Prepared","Flying Knee","Dodge and Roll+1","Poisoned Stab","Poisoned Stab","Quick Slash","Catalyst"],"relics":["Ring of the Snake","Golden Idol","Blood Vial","Odd Mushroom","Bag of Preparation","Potion Belt","Meat on the Bone"],"potions_floor_usage":[5,6,6,6,13,13,14,16],"damage_taken":[{"damage":0,"enemies":"Cultist","floor":1,"turns":4},{"damage":0,"enemies":"Small Slimes","floor":3,"turns":3},{"damage":0,"enemies":"2 Louse","floor":4,"turns":2},{"damage":14,"enemies":"Exordium Thugs","floor":5,"turns":8},{"damage":13,"enemies":"3 Sentries","floor":6,"turns":9},{"damage":21,"enemies":"The Mushroom Lair","floor":7,"turns":5},{"damage":13,"enemies":"Gremlin Nob","floor":11,"turns":5},{"damage":8,"enemies":"Large Slime","floor":12,"turns":6},{"damage":7,"enemies":"3 Sentries","floor":13,"turns":7},{"damage":0,"enemies":"2 Fungi Beasts","floor":14,"turns":4},{"damage":34,"enemies":"Slime Boss","floor":16,"turns":8}],"seed_played":"-1426104159522730265","potions_obtained":[{"floor":3,"key":"GamblersBrew"},{"floor":4,"key":"SpeedPotion"},{"floor":5,"key":"EntropicBrew"},{"floor":11,"key":"LiquidBronze"},{"floor":13,"key":"Dexterity Potion"}],"is_trial":false,"path_per_floor":["M","?","M","M","M","E","?","R","T","R","E","M","E","M","R","B"],"character_chosen":"THE_SILENT","items_purchased":[],"campfire_rested":1,"item_purchase_floors":[],"current_hp_per_floor":[70,53,53,53,39,26,7,28,28,28,17,11,6,20,20,0],"gold":383,"neow_bonus":"UPGRADE_CARD","is_prod":false,"is_daily":false,"chose_seed":false,"campfire_upgraded":2,"win_rate":0,"timestamp":1549852786,"path_taken":["M","?","M","M","M","E","?","R","T","R","E","M","E","M","R","BOSS"],"build_version":"2019-01-23","purchased_purges":0,"victory":false,"max_hp_per_floor":[70,70,70,70,70,70,70,70,70,70,70,70,70,70,70,70],"card_choices":[{"not_picked":["Slice","Outmaneuver"],"picked":"Dagger Throw","floor":1},{"not_picked":["Sucker Punch","Expertise"],"picked":"Slice","floor":3},{"not_picked":["Bane","Distraction"],"picked":"Prepared","floor":4},{"not_picked":["Dagger Throw","Quick Slash"],"picked":"Flying Knee","floor":5},{"not_picked":["Acrobatics","Quick Slash"],"picked":"Dodge and Roll","floor":6},{"not_picked":["Unload","Dagger Throw"],"picked":"Poisoned Stab","floor":7},{"not_picked":["Underhanded Strike","Flechettes"],"picked":"Poisoned Stab","floor":11},{"not_picked":["Prepared","Underhanded Strike"],"picked":"Quick Slash","floor":12},{"not_picked":["Setup","Expertise","Terror"],"picked":"SKIP","floor":13},{"not_picked":["Prepared","Wraith Form v2"],"picked":"Catalyst","floor":14}],"player_experience":120201,"relics_obtained":[{"floor":6,"key":"Blood Vial"},{"floor":7,"key":"Odd Mushroom"},{"floor":9,"key":"Bag of Preparation"},{"floor":11,"key":"Potion Belt"},{"floor":13,"key":"Meat on the Bone"}],"event_choices":[{"damage_healed":0,"gold_gain":0,"player_choice":"Take Damage","damage_taken":17,"relics_obtained":["Golden Idol"],"max_hp_gain":0,"max_hp_loss":0,"event_name":"Golden Idol","floor":2,"gold_loss":0},{"damage_healed":0,"gold_gain":0,"player_choice":"Fought Mushrooms","damage_taken":0,"max_hp_gain":0,"max_hp_loss":0,"event_name":"Mushrooms","floor":7,"gold_loss":0}],"is_beta":false,"boss_relics":[],"items_purged_floors":[],"is_endless":false,"potions_floor_spawned":[3,4,5,11,13],"killed_by":"Slime Boss","ascension_level":1}