{"gold_per_floor":[216,226,226,176,17,31,31,50,76,106,106,106,138,155,155,254,254,269,184,201,0,0,0,12,12,12,32,32,32,131,131,131,226,226,241,341,341],"floor_reached":37,"playtime":1831,"items_purged":["Defend_B","Strike_B"],"score":446,"play_id":"b6e14cc7-6e1c-44fd-9b37-5016d5c3cb80","local_time":"20190119123601","is_ascension_mode":true,"campfire_choices":[{"data":"Zap","floor":7,"key":"SMITH"},{"data":"Sunder","floor":12,"key":"SMITH"},{"data":"Loop","floor":15,"key":"SMITH"},{"data":"Coolheaded","floor":23,"key":"SMITH"},{"data":"Echo Form","floor":25,"key":"SMITH"},{"data":"Darkness","floor":32,"key":"SMITH"}],"neow_cost":"NONE","seed_source_timestamp":2941061823836221,"circlet_count":0,"master_deck":["Defend_B+1","Defend_B+1","Zap+1","Dualcast","Gash","Coolheaded+1","Glacier+1","Cold Snap","Gash","Consume+1","Sunder+1","Loop+1","Steam","Echo Form+1","Steam","BootSequence+1","Darkness+1","Electrodynamics","Gash","Hologram+1"],"relics":["Cracked Core","Vajra","Potion Belt","War Paint","Busted Crown","Nunchaku","Mercury Hourglass","Anchor","Inserter","Unceasing Top"],"potions_floor_usage":[16,18,20,36,36,37,37],"damage_taken":[{"damage":1,"enemies":"Jaw Worm","floor":1,"turns":3},{"damage":0,"enemies":"2 Louse","floor":2,"turns":3},{"damage":0,"enemies":"Small Slimes","floor":6,"turns":4},{"damage":0,"enemies":"3 Louse","floor":8,"turns":3},{"damage":4,"enemies":"Lagavulin","floor":10,"turns":8},{"damage":24,"enemies":"Gremlin Nob","floor":13,"turns":4},{"damage":0,"enemies":"Blue Slaver","floor":14,"turns":2},{"damage":0,"enemies":"Hexaghost","floor":16,"turns":14},{"damage":1,"enemies":"3 Byrds","floor":18,"turns":2},{"damage":0,"enemies":"Chosen","floor":20,"turns":3},{"damage":15,"enemies":"3 Cultists","floor":24,"turns":4},{"damage":4,"enemies":"Centurion and Healer","floor":27,"turns":4},{"damage":12,"enemies":"Automaton","floor":33,"turns":8},{"damage":0,"enemies":"Orb Walker","floor":35,"turns":3},{"damage":10,"enemies":"Mind Bloom Boss Battle","floor":36,"turns":6},{"damage":86,"enemies":"2 Orb Walkers","floor":37,"turns":6}],"seed_played":"4994899174567249721","potions_obtained":[{"floor":1,"key":"Regen Potion"},{"floor":6,"key":"SkillPotion"},{"floor":14,"key":"Weak Potion"},{"floor":16,"key":"LiquidBronze"},{"floor":18,"key":"EssenceOfSteel"},{"floor":33,"key":"Poison Potion"},{"floor":35,"key":"Block Potion"}],"is_trial":false,"path_per_floor":["M","M","?","?","$","M","R","M","T","E","?","R","E","M","R","B",null,"M","?","M","$","?","R","M","R","T","M","?","$","?","?","R","B",null,"M","?","?"],"character_chosen":"DEFECT","items_purchased":["Glacier","Cold Snap","EntropicBrew"],"campfire_rested":0,"item_purchase_floors":[5,5,21],"current_hp_per_floor":[74,74,67,67,67,67,67,67,67,63,48,48,24,24,24,24,75,74,74,74,74,74,74,59,59,59,55,55,55,55,55,55,43,75,75,65,0],"gold":341,"neow_bonus":"HUNDRED_GOLD","is_prod":false,"is_daily":false,"chose_seed":false,"campfire_upgraded":6,"win_rate":0,"timestamp":1547919361,"path_taken":["M","M","?","?","$","M","R","M","T","E","?","R","E","M","R","BOSS","M","?","M","$","?","R","?","R","T","M","?","$","?","?","R","BOSS","M","?","?"],"build_version":"2019-01-17","purchased_purges":2,"victory":false,"max_hp_per_floor":[75,75,75,75,75,75,75,75,75,75,75,75,75,75,75,75,75,75,75,75,75,75,75,75,75,75,75,75,75,75,75,75,75,75,75,75,75],"card_choices":[{"not_picked":["Steam Power","Redo"],"picked":"Gash","floor":1},{"not_picked":["Compile Driver","Loop"],"picked":"Coolheaded","floor":2},{"not_picked":["Skim","Redo"],"picked":"Gash","floor":6},{"not_picked":["Auto Shields","Undo"],"picked":"Consume","floor":8},{"not_picked":["Redo","Fission"],"picked":"Sunder","floor":10},{"not_picked":["Redo","Steam"],"picked":"Loop","floor":13},{"not_picked":["Sweeping Beam","Double Energy"],"picked":"Steam","floor":14},{"not_picked":["Amplify","Creative AI"],"picked":"Echo Form","floor":16},{"not_picked":["Streamline"],"picked":"SKIP","floor":18},{"not_picked":[],"picked":"Steam","floor":20},{"not_picked":["Fusion"],"picked":"SKIP","floor":24},{"not_picked":[],"picked":"BootSequence+1","floor":27},{"not_picked":[],"picked":"Electrodynamics","floor":33},{"not_picked":[],"picked":"Gash","floor":35},{"not_picked":[],"picked":"Hologram+1","floor":36}],"player_experience":4107998,"relics_obtained":[{"floor":9,"key":"Vajra"},{"floor":10,"key":"Potion Belt"},{"floor":13,"key":"War Paint"},{"floor":26,"key":"Anchor"},{"floor":36,"key":"Unceasing Top"}],"event_choices":[{"cards_removed":["Strike_B"],"damage_healed":0,"gold_gain":0,"player_choice":"Card Removal","damage_taken":7,"max_hp_gain":0,"max_hp_loss":0,"event_name":"Golden Wing","floor":3,"gold_loss":0},{"cards_removed":["Defend_B"],"damage_healed":0,"gold_gain":0,"player_choice":"Card Removal","damage_taken":0,"max_hp_gain":0,"max_hp_loss":0,"event_name":"The Cleric","floor":4,"gold_loss":50},{"damage_healed":0,"gold_gain":0,"player_choice":"Entered Light","damage_taken":15,"max_hp_gain":0,"max_hp_loss":0,"event_name":"Shining Light","floor":11,"gold_loss":0,"cards_upgraded":["Glacier","Consume"]},{"damage_healed":0,"gold_gain":0,"player_choice":"Obtained Relic","damage_taken":0,"relics_obtained":["Nunchaku"],"max_hp_gain":0,"max_hp_loss":0,"event_name":"Addict","floor":19,"gold_loss":85},{"damage_healed":0,"gold_gain":0,"player_choice":"Gave Potion","damage_taken":0,"relics_obtained":["Mercury Hourglass"],"max_hp_gain":0,"max_hp_loss":0,"event_name":"WeMeetAgain","floor":22,"gold_loss":0},{"damage_healed":0,"gold_gain":0,"cards_transformed":["Strike_B","Strike_B"],"player_choice":"Became Test Subject","damage_taken":0,"max_hp_gain":0,"max_hp_loss":0,"event_name":"Drug Dealer","floor":28,"gold_loss":0,"cards_obtained":["Darkness","Steam"]},{"damage_healed":0,"gold_gain":99,"player_choice":"Stole From Cult","damage_taken":0,"max_hp_gain":0,"max_hp_loss":0,"event_name":"Nest","floor":30,"gold_loss":0},{"cards_removed":["Steam"],"damage_healed":0,"gold_gain":0,"player_choice":"Elegance","damage_taken":0,"max_hp_gain":0,"max_hp_loss":0,"event_name":"Back to Basics","floor":31,"gold_loss":0},{"damage_healed":0,"gold_gain":0,"player_choice":"Fight","damage_taken":0,"max_hp_gain":0,"max_hp_loss":0,"event_name":"MindBloom","floor":36,"gold_loss":0},{"damage_healed":0,"gold_gain":0,"player_choice":"Fight","damage_taken":0,"max_hp_gain":0,"max_hp_loss":0,"event_name":"Mysterious Sphere","floor":37,"gold_loss":0}],"is_beta":true,"boss_relics":[{"not_picked":["Orrery","Tiny House"],"picked":"Busted Crown"},{"not_picked":["Runic Pyramid","Eternal Feather"],"picked":"Inserter"}],"items_purged_floors":[5,21],"is_endless":false,"potions_floor_spawned":[1,6,14,16,18,33,35],"killed_by":"2 Orb Walkers","ascension_level":1}