{"gold_per_floor":[117,129,147,166,181,181,206,223,250,24,99,128,128,142,142,247,247,264,276,159,177,187,216,228,265,357,369,393,505,582,609,621,734,746,771,157,157,172,191,224,224,253,253,270,270,304,25,43,43,43,43,43,43,68,68],"floor_reached":56,"playtime":4641,"items_purged":["Defend_R","Defend_R"],"score":1619,"play_id":"059d6df0-beb8-4d06-a3db-ab519a1008a9","local_time":"20190113073144","is_ascension_mode":true,"campfire_choices":[{"data":"Perfected Strike","floor":6,"key":"SMITH"},{"data":"Rage","floor":13,"key":"SMITH"},{"data":"Bash","floor":15,"key":"SMITH"},{"floor":24,"key":"REST"},{"data":"Perfected Strike","floor":27,"key":"SMITH"},{"data":"Perfected Strike","floor":32,"key":"SMITH"},{"data":"Armaments","floor":41,"key":"SMITH"},{"data":"Corruption","floor":45,"key":"SMITH"},{"floor":49,"key":"RECALL"},{"data":"Brutality","floor":52,"key":"SMITH"}],"neow_cost":"NONE","seed_source_timestamp":2401657037512210,"circlet_count":0,"master_deck":["Strike_R","Strike_R","Strike_R","Strike_R","Strike_R","Defend_R","Defend_R","Bash+1","Exhume","Perfected Strike+1","Rage+1","Rage","Shrug It Off","Twin Strike","Intimidate","Feed","Feed","Offering","Metallicize+1","Perfected Strike+1","Rage","Evolve","Perfected Strike+1","Pommel Strike+1","Perfected Strike+1","Clothesline+1","Shrug It Off+1","Metallicize","Pommel Strike","Battle Trance","Brutality+1","Armaments+1","Headbutt","Good Instincts","Metallicize","Perfected Strike+1","Warcry+1","Perfected Strike","Intimidate","Corruption+1","Disarm+1","Feel No Pain","Offering","Rage"],"relics":["Burning Blood","Omamori","Juzu Bracelet","Bag of Marbles","Gremlin Horn","Philosopher\u0027s Stone","MawBank","Centennial Puzzle","Dead Branch","Bottled Flame","Tiny Chest","Coffee Dripper","Bronze Scales","Calipers","Ancient Tea Set","Darkstone Periapt","Blood Vial","ClockworkSouvenir","Art of War"],"potions_floor_usage":[7,18,22,25,25,31,33,55,55,55,55,55,55],"damage_taken":[{"damage":12,"enemies":"Cultist","floor":1,"turns":5},{"damage":0,"enemies":"2 Louse","floor":2,"turns":2},{"damage":2,"enemies":"Small Slimes","floor":3,"turns":3},{"damage":24,"enemies":"Exordium Thugs","floor":4,"turns":6},{"damage":0,"enemies":"Looter","floor":5,"turns":3},{"damage":23,"enemies":"Lagavulin","floor":7,"turns":8},{"damage":0,"enemies":"2 Fungi Beasts","floor":8,"turns":3},{"damage":23,"enemies":"Gremlin Nob","floor":12,"turns":4},{"damage":0,"enemies":"3 Louse","floor":14,"turns":3},{"damage":31,"enemies":"The Guardian","floor":16,"turns":9},{"damage":6,"enemies":"3 Byrds","floor":18,"turns":4},{"damage":16,"enemies":"2 Thieves","floor":19,"turns":4},{"damage":16,"enemies":"Shelled Parasite and Fungi","floor":21,"turns":3},{"damage":0,"enemies":"Centurion and Healer","floor":22,"turns":9},{"damage":33,"enemies":"Book of Stabbing","floor":23,"turns":4},{"damage":16,"enemies":"Slavers","floor":25,"turns":6},{"damage":9,"enemies":"Snake Plant","floor":28,"turns":2},{"damage":12,"enemies":"Colosseum Slavers","floor":29,"turns":2},{"damage":6,"enemies":"Colosseum Nobs","floor":29,"turns":3},{"damage":15,"enemies":"Gremlin Leader","floor":30,"turns":4},{"damage":6,"enemies":"Snecko","floor":31,"turns":3},{"damage":46,"enemies":"Champ","floor":33,"turns":7},{"damage":0,"enemies":"3 Shapes","floor":35,"turns":2},{"damage":0,"enemies":"Orb Walker","floor":38,"turns":2},{"damage":5,"enemies":"3 Darklings","floor":39,"turns":3},{"damage":13,"enemies":"Reptomancer","floor":40,"turns":4},{"damage":8,"enemies":"Giant Head","floor":42,"turns":3},{"damage":0,"enemies":"Spire Growth","floor":44,"turns":3},{"damage":6,"enemies":"Nemesis","floor":46,"turns":1},{"damage":3,"enemies":"Transient","floor":48,"turns":5},{"damage":25,"enemies":"Donu and Deca","floor":50,"turns":4},{"damage":18,"enemies":"Shield and Spear","floor":54,"turns":7},{"damage":60,"enemies":"The Heart","floor":55,"turns":9}],"seed_played":"5159494158480041586","potions_obtained":[{"floor":4,"key":"Regen Potion"},{"floor":7,"key":"SpeedPotion"},{"floor":8,"key":"Swift Potion"},{"floor":12,"key":"Swift Potion"},{"floor":16,"key":"Regen Potion"},{"floor":21,"key":"Swift Potion"},{"floor":23,"key":"Fire Potion"},{"floor":28,"key":"BloodPotion"},{"floor":29,"key":"AttackPotion"}],"is_trial":false,"path_per_floor":["M","M","M","M","M","R","E","M","T","$","?","E","R","M","R","B",null,"M","M","$","M","M","E","R","E","T","R","M","?","E","M","R","B",null,"M","$","?","M","M","E","R","E","T","M","R","E","$","M","R","B",null,"R","$","E","B",null],"character_chosen":"IRONCLAD","items_purchased":["Bag of Marbles","Rage","Evolve","Ancient Potion","EntropicBrew","Headbutt","Good Instincts","Bronze Scales","Metallicize","ClockworkSouvenir","Feel No Pain"],"campfire_rested":1,"item_purchase_floors":[10,20,20,36,36,36,36,36,36,47,47],"current_hp_per_floor":[74,80,80,62,68,68,66,72,72,72,61,44,44,59,59,34,89,95,88,88,81,90,66,98,109,109,109,109,112,106,121,121,81,131,134,134,134,134,134,127,127,125,125,134,134,137,137,140,140,121,140,140,140,132,80],"gold":68,"neow_bonus":"ONE_RANDOM_RARE_CARD","is_prod":false,"is_daily":false,"chose_seed":false,"campfire_upgraded":8,"win_rate":0,"timestamp":1547382704,"path_taken":["M","?","M","M","M","R","E","M","T","?","?","E","R","M","R","BOSS","M","M","$","M","M","E","R","E","T","R","M","?","E","M","R","BOSS","M","$","?","M","M","E","R","E","T","M","R","E","?","M","R","BOSS","R","$","E","BOSS"],"build_version":"2019-01-10","purchased_purges":2,"victory":true,"max_hp_per_floor":[80,80,80,80,80,80,80,80,80,80,80,80,80,89,89,89,89,95,98,98,101,104,107,107,113,113,113,116,125,128,131,131,131,131,134,134,134,134,134,134,134,134,134,137,137,140,140,140,140,140,140,140,140,144,144],"card_choices":[{"not_picked":["Clothesline","Sword Boomerang"],"picked":"Perfected Strike","floor":1},{"not_picked":["Twin Strike","Sever Soul"],"picked":"Rage","floor":2},{"not_picked":["Shrug It Off","Heavy Blade"],"picked":"Rage","floor":3},{"not_picked":["Armaments","Intimidate"],"picked":"Shrug It Off","floor":4},{"not_picked":["Shockwave","Flex"],"picked":"Twin Strike","floor":5},{"not_picked":["Heavy Blade","Iron Wave"],"picked":"Intimidate","floor":7},{"not_picked":["Infernal Blade","Flex"],"picked":"Feed","floor":8},{"not_picked":["Body Slam","Iron Wave"],"picked":"Feed","floor":12},{"not_picked":["Anger","Burning Pact","Warcry"],"picked":"SKIP","floor":14},{"not_picked":["Double Tap","Dark Embrace"],"picked":"Offering","floor":16},{"not_picked":["Armaments+1","Heavy Blade"],"picked":"Metallicize+1","floor":18},{"not_picked":["Heavy Blade+1","Cleave+1"],"picked":"Perfected Strike+1","floor":19},{"not_picked":["Feel No Pain","Iron Wave"],"picked":"Perfected Strike","floor":21},{"not_picked":["Heavy Blade","Havoc+1"],"picked":"Pommel Strike+1","floor":22},{"not_picked":["Anger","Thunderclap"],"picked":"Perfected Strike","floor":23},{"not_picked":["Havoc","Bloodletting"],"picked":"Clothesline+1","floor":25},{"not_picked":["Juggernaut","Carnage"],"picked":"Shrug It Off+1","floor":28},{"not_picked":["Iron Wave","Warcry"],"picked":"Metallicize","floor":29},{"not_picked":["Inflame+1","Armaments"],"picked":"Pommel Strike","floor":30},{"not_picked":["Armaments","Shockwave"],"picked":"Battle Trance","floor":31},{"not_picked":["Berserk","Limit Break"],"picked":"Brutality","floor":33},{"not_picked":["Warcry","Heavy Blade+1"],"picked":"Armaments","floor":35},{"not_picked":["Anger","Rampage+1"],"picked":"Warcry+1","floor":38},{"not_picked":["Thunderclap+1","Clash+1"],"picked":"Perfected Strike","floor":39},{"not_picked":["True Grit+1","Heavy Blade+1"],"picked":"Intimidate","floor":40},{"not_picked":["Pommel Strike","Spot Weakness"],"picked":"Corruption","floor":42},{"not_picked":["Wild Strike+1","Armaments","Clash"],"picked":"SKIP","floor":44},{"not_picked":["Flame Barrier+1","Shrug It Off+1"],"picked":"Disarm+1","floor":46},{"not_picked":["Warcry","Thunderclap+1"],"picked":"Offering","floor":48},{"not_picked":["Clothesline+1","Twin Strike"],"picked":"Rage","floor":54}],"player_experience":4060003,"relics_obtained":[{"floor":7,"key":"Omamori"},{"floor":9,"key":"Juzu Bracelet"},{"floor":12,"key":"Gremlin Horn"},{"floor":23,"key":"MawBank"},{"floor":25,"key":"Centennial Puzzle"},{"floor":29,"key":"Dead Branch"},{"floor":29,"key":"Bottled Flame"},{"floor":30,"key":"Tiny Chest"},{"floor":40,"key":"Calipers"},{"floor":42,"key":"Ancient Tea Set"},{"floor":43,"key":"Darkstone Periapt"},{"floor":46,"key":"Blood Vial"},{"floor":54,"key":"Art of War"}],"event_choices":[{"damage_healed":0,"gold_gain":75,"player_choice":"Gather Gold","damage_taken":11,"max_hp_gain":0,"max_hp_loss":0,"event_name":"World of Goop","floor":11,"gold_loss":0},{"damage_healed":0,"gold_gain":0,"player_choice":"Fight","damage_taken":0,"max_hp_gain":0,"max_hp_loss":0,"event_name":"Colosseum","floor":29,"gold_loss":0},{"damage_healed":0,"gold_gain":0,"player_choice":"Fought Nobs","damage_taken":0,"max_hp_gain":0,"max_hp_loss":0,"event_name":"Colosseum","floor":29,"gold_loss":0},{"damage_healed":0,"gold_gain":0,"player_choice":"Copied","damage_taken":0,"max_hp_gain":0,"max_hp_loss":0,"event_name":"Duplicator","floor":37,"gold_loss":0,"cards_obtained":["Perfected Strike"]}],"is_beta":true,"boss_relics":[{"not_picked":["Sozu","Lizard Tail"],"picked":"Philosopher\u0027s Stone"},{"not_picked":["Pandora\u0027s Box","Orrery"],"picked":"Coffee Dripper"}],"items_purged_floors":[10,36],"is_endless":false,"potions_floor_spawned":[4,7,8,12,16,21,23,28,29,29,39,42,44],"ascension_level":1}