{"gold_per_floor":[112,112,131,144,94,94,122,122,198,213,230,230,294,314,314,409,409,422,422,434,89,102,127,127,157,205,205,231,10,26,42,42,144,144,163,163,175,1174,312,344,361,395,446,446,480,121,134,159,159,159,159,159,12,39,39],"floor_reached":56,"playtime":4209,"items_purged":["Strike_B","Normality","Normality"],"score":1668,"play_id":"2f5ef3db-cf1d-4788-af2d-64e065d91e9e","local_time":"20181205174355","is_ascension_mode":true,"campfire_choices":[{"data":"Zap","floor":6,"key":"SMITH"},{"data":"Coolheaded","floor":8,"key":"SMITH"},{"data":"Hologram","floor":12,"key":"SMITH"},{"data":"Loop","floor":15,"key":"SMITH"},{"data":"Coolheaded","floor":24,"key":"SMITH"},{"data":"Fission","floor":32,"key":"SMITH"},{"data":"Storm","floor":44,"key":"SMITH"},{"floor":49,"key":"RECALL"},{"data":"Coolheaded","floor":52,"key":"SMITH"}],"neow_cost":"NONE","seed_source_timestamp":993734792921620,"circlet_count":0,"master_deck":["Strike_B","Defend_B","Defend_B","Defend_B","Defend_B","Zap+1","Dualcast","Go for the Eyes","Gash","Melter","Coolheaded+1","Self Repair","Loop+1","Hologram+1","Genetic Algorithm","Electrodynamics","Echo Form","BootSequence","Gash","Coolheaded+1","All For One","Ghostly","Ghostly","Ghostly","Ghostly","Ghostly","Fission+1","Core Surge","Beam Cell","Sweeping Beam+1","All For One","Glacier","Stack+1","Defragment","Hologram","Coolheaded+1","White Noise","Echo Form","Gash","Ghostly","Steam","Storm+1","Coolheaded+1","White Noise+1","Reinforced Body+1","Turbo","Defragment+1","Fission","Glacier+1"],"relics":["Cracked Core","Smiling Mask","Letter Opener","Dead Branch","Runic Dome","Nilry\u0027s Codex","Orichalcum","Bag of Preparation","Lantern","Art of War","Pen Nib","Orrery","DollysMirror","Omamori","FossilizedHelix","Happy Flower","Dream Catcher","Strawberry","PreservedInsect","Runic Capacitor","Regal Pillow","Bronze Scales"],"potions_floor_usage":[16,16,16,55,55,55],"damage_taken":[{"damage":0,"enemies":"Cultist","floor":1,"turns":3},{"damage":0,"enemies":"2 Louse","floor":3,"turns":2},{"damage":2,"enemies":"Small Slimes","floor":4,"turns":3},{"damage":25,"enemies":"Gremlin Nob","floor":7,"turns":4},{"damage":0,"enemies":"3 Louse","floor":10,"turns":2},{"damage":3,"enemies":"Looter","floor":11,"turns":4},{"damage":24,"enemies":"Gremlin Nob","floor":13,"turns":4},{"damage":7,"enemies":"Blue Slaver","floor":14,"turns":3},{"damage":8,"enemies":"Hexaghost","floor":16,"turns":10},{"damage":0,"enemies":"Spheric Guardian","floor":18,"turns":2},{"damage":3,"enemies":"Shell Parasite","floor":20,"turns":6},{"damage":0,"enemies":"3 Cultists","floor":22,"turns":2},{"damage":6,"enemies":"Slavers","floor":23,"turns":2},{"damage":3,"enemies":"Gremlin Leader","floor":25,"turns":7},{"damage":0,"enemies":"Book of Stabbing","floor":28,"turns":5},{"damage":0,"enemies":"Snecko","floor":30,"turns":5},{"damage":0,"enemies":"Chosen and Byrds","floor":31,"turns":3},{"damage":0,"enemies":"Champ","floor":33,"turns":10},{"damage":0,"enemies":"3 Shapes","floor":35,"turns":3},{"damage":0,"enemies":"Orb Walker","floor":37,"turns":2},{"damage":0,"enemies":"Nemesis","floor":40,"turns":7},{"damage":0,"enemies":"Writhing Mass","floor":41,"turns":7},{"damage":0,"enemies":"Reptomancer","floor":42,"turns":6},{"damage":0,"enemies":"Nemesis","floor":45,"turns":9},{"damage":0,"enemies":"Transient","floor":47,"turns":5},{"damage":0,"enemies":"Reptomancer","floor":48,"turns":3},{"damage":20,"enemies":"Donu and Deca","floor":50,"turns":5},{"damage":0,"enemies":"Shield and Spear","floor":54,"turns":4},{"damage":19,"enemies":"The Heart","floor":55,"turns":8}],"seed_played":"-777372846617370397","potions_obtained":[{"floor":3,"key":"SneckoOil"},{"floor":7,"key":"Swift Potion"},{"floor":10,"key":"SkillPotion"},{"floor":13,"key":"SkillPotion"},{"floor":20,"key":"GamblersBrew"},{"floor":23,"key":"GamblersBrew"},{"floor":25,"key":"PowerPotion"},{"floor":30,"key":"Ancient Potion"},{"floor":54,"key":"Weak Potion"}],"is_trial":false,"path_per_floor":["M","?","M","M","?","R","E","R","T","M","M","R","?","M","R","B",null,"M","?","M","$","M","E","R","E","T","?","E","$","M","M","R","B",null,"M","?","M","?","$","E","M","E","T","R","E","$","M","E","R","B",null,"R","$","E","B",null],"character_chosen":"DEFECT","items_purchased":["Orichalcum","Bag of Preparation","Fission","Core Surge","Gash","DollysMirror","Omamori","Steam","FossilizedHelix","Storm","Runic Capacitor","Turbo","PowerPotion","Fission"],"campfire_rested":0,"item_purchase_floors":[21,21,29,29,39,39,39,39,39,39,46,46,46,53],"current_hp_per_floor":[75,68,68,66,66,66,41,41,41,48,52,52,35,35,35,34,75,75,59,63,63,63,64,64,68,68,37,37,37,37,37,37,37,37,37,37,37,37,37,37,37,37,44,44,44,44,44,44,44,31,44,44,44,44,25],"gold":39,"neow_bonus":"THREE_CARDS","is_prod":false,"is_daily":false,"chose_seed":false,"campfire_upgraded":8,"win_rate":0,"timestamp":1544049835,"path_taken":["M","?","M","M","?","R","E","R","T","M","M","R","?","M","R","BOSS","M","?","M","$","M","E","R","E","T","?","E","$","M","M","R","BOSS","M","?","M","?","$","E","M","E","T","R","E","$","M","E","R","BOSS","R","$","E","BOSS"],"build_version":"2018-12-05","purchased_purges":3,"victory":true,"max_hp_per_floor":[75,75,75,75,75,75,75,75,75,75,75,75,75,75,75,75,75,75,75,75,75,75,75,75,75,75,37,37,37,37,37,37,37,37,37,37,37,37,37,37,37,37,44,44,44,44,44,44,44,44,44,44,44,44,44],"card_choices":[{"not_picked":["Streamline","Lockon"],"picked":"Go for the Eyes","floor":0},{"not_picked":["Hologram","Sweeping Beam"],"picked":"Gash","floor":1},{"not_picked":["Turbo","Sweeping Beam"],"picked":"Melter","floor":3},{"not_picked":["Cold Snap","Scrape"],"picked":"Coolheaded","floor":4},{"not_picked":["Heatsinks","Redo"],"picked":"Self Repair","floor":7},{"not_picked":["Barrage","Consume"],"picked":"Loop","floor":10},{"not_picked":["Skim","Melter"],"picked":"Hologram","floor":11},{"not_picked":["Barrage","Turbo"],"picked":"Genetic Algorithm","floor":13},{"not_picked":["Self Repair","White Noise"],"picked":"Electrodynamics","floor":14},{"not_picked":["Hyperbeam","Creative AI"],"picked":"Echo Form","floor":16},{"not_picked":["Doom and Gloom","Reprogram"],"picked":"BootSequence","floor":18},{"not_picked":["Leap","Compile Driver"],"picked":"Gash","floor":20},{"not_picked":["Reprogram","Auto Shields"],"picked":"Coolheaded","floor":22},{"not_picked":["Coolheaded","Sweeping Beam","Ball Lightning+1"],"picked":"SKIP","floor":23},{"not_picked":["Barrage","Blizzard"],"picked":"All For One","floor":25},{"not_picked":["Darkness","Hello World+1","Coolheaded"],"picked":"SKIP","floor":28},{"not_picked":["Rebound","Storm"],"picked":"Beam Cell","floor":30},{"not_picked":["Rebound","Ball Lightning+1"],"picked":"Sweeping Beam+1","floor":31},{"not_picked":["Thunder Strike","Electrodynamics"],"picked":"All For One","floor":33},{"not_picked":["Cold Snap","Conserve Battery"],"picked":"Glacier","floor":34},{"not_picked":["Conserve Battery","Hologram"],"picked":"Stack+1","floor":34},{"not_picked":["Turbo+1","Redo"],"picked":"Defragment","floor":34},{"not_picked":["Sweeping Beam","Skim"],"picked":"Hologram","floor":34},{"not_picked":["Darkness+1","Compile Driver"],"picked":"Coolheaded","floor":34},{"not_picked":["Turbo","Go for the Eyes"],"picked":"White Noise","floor":35},{"not_picked":["Stack","Redo"],"picked":"Echo Form","floor":37},{"not_picked":["Cold Snap","Chaos+1"],"picked":"Coolheaded+1","floor":40},{"not_picked":["Beam Cell","Static Discharge"],"picked":"White Noise+1","floor":41},{"not_picked":["Double Energy+1","Rip and Tear"],"picked":"Reinforced Body+1","floor":42},{"not_picked":["Barrage","Ball Lightning+1","Beam Cell"],"picked":"SKIP","floor":45},{"not_picked":["Streamline","Redo+1","Cold Snap+1"],"picked":"SKIP","floor":47},{"not_picked":["Cold Snap","Streamline+1"],"picked":"Defragment+1","floor":48},{"not_picked":["Core Surge","Chill"],"picked":"Glacier+1","floor":54}],"player_experience":3673931,"relics_obtained":[{"floor":7,"key":"Smiling Mask"},{"floor":9,"key":"Letter Opener"},{"floor":13,"key":"Dead Branch"},{"floor":19,"key":"Nilry\u0027s Codex"},{"floor":23,"key":"Lantern"},{"floor":25,"key":"Art of War"},{"floor":28,"key":"Pen Nib"},{"floor":40,"key":"Happy Flower"},{"floor":42,"key":"Dream Catcher"},{"floor":43,"key":"Strawberry"},{"floor":45,"key":"PreservedInsect"},{"floor":48,"key":"Regal Pillow"},{"floor":54,"key":"Bronze Scales"}],"event_choices":[{"cards_removed":["Strike_B"],"damage_healed":0,"gold_gain":0,"player_choice":"Card Removal","damage_taken":7,"max_hp_gain":0,"max_hp_loss":0,"event_name":"Golden Wing","floor":2,"gold_loss":0},{"cards_removed":["Strike_B"],"damage_healed":0,"gold_gain":0,"player_choice":"Card Removal","damage_taken":0,"max_hp_gain":0,"max_hp_loss":0,"event_name":"The Cleric","floor":5,"gold_loss":50},{"damage_healed":0,"gold_gain":30,"player_choice":"Searched \u00272\u0027 times","damage_taken":0,"max_hp_gain":0,"max_hp_loss":0,"event_name":"Dead Adventurer","floor":13,"gold_loss":0},{"damage_healed":0,"gold_gain":0,"player_choice":"Obtained Book","damage_taken":16,"max_hp_gain":0,"max_hp_loss":0,"event_name":"Cursed Tome","floor":19,"gold_loss":0},{"damage_healed":0,"gold_gain":0,"player_choice":"Became a Ghost","damage_taken":0,"max_hp_gain":0,"max_hp_loss":38,"event_name":"Ghosts","floor":27,"gold_loss":0,"cards_obtained":["Ghostly","Ghostly","Ghostly","Ghostly","Ghostly"]},{"damage_healed":0,"gold_gain":0,"player_choice":"Ignored","damage_taken":0,"max_hp_gain":0,"max_hp_loss":0,"event_name":"Tomb of Lord Red Mask","floor":36,"gold_loss":0},{"damage_healed":0,"gold_gain":999,"player_choice":"Gold","damage_taken":0,"max_hp_gain":0,"max_hp_loss":0,"event_name":"MindBloom","floor":38,"gold_loss":0,"cards_obtained":["Normality","Normality"]}],"is_beta":true,"boss_relics":[{"not_picked":["Fusion Hammer","White Beast Statue"],"picked":"Runic Dome"},{"not_picked":["Eternal Feather","Philosopher\u0027s Stone"],"picked":"Orrery"}],"items_purged_floors":[21,39,46],"is_endless":false,"potions_floor_spawned":[3,7,10,13,20,23,25,28,30,35,37,42,48,54],"ascension_level":1}