{"gold_per_floor":[119,119,136,136,136,169,188,203,258,293,317,359,371,111,111,206,206,219,239,239,257,275,306,306,326,326,336,350,377,377,390,390,489,489,504,504,523,543,561,590,590,606,606,606,428,458,477,90,90,90],"floor_reached":51,"playtime":12071,"items_purged":["Strike_G","Defend_G"],"score":771,"play_id":"f63c2fb5-7675-490e-a10f-68e1e34296db","local_time":"20190203213421","is_ascension_mode":false,"campfire_choices":[{"floor":13,"key":"REST"},{"floor":15,"key":"REST"},{"floor":24,"key":"REST"},{"floor":30,"key":"REST"},{"floor":32,"key":"REST"},{"floor":41,"key":"REST"},{"floor":49,"key":"REST"}],"neow_cost":"NONE","seed_source_timestamp":429174735247100,"circlet_count":0,"master_deck":["Defend_G+1","Defend_G","Defend_G","Survivor+1","Neutralize","Backflip","Terror","All Out Attack","Distraction","Flying Knee","Dodge and Roll","Sucker Punch","Deflect","Sucker Punch","Tools of the Trade","Die Die Die","Eviscerate+1","A Thousand Cuts+1","Burst+1","Acrobatics","Underhanded Strike","Outmaneuver","Calculated Gamble+1","Crippling Poison","Outmaneuver+1","Heel Hook","Skewer","Prepared","Die Die Die","PiercingWail+1","Dodge and Roll+1","Tactician+1","Reflex+1","Backstab","Iron Wave","Footwork","Caltrops+1","Dodge and Roll+1","Predator"],"relics":["Ring of the Snake","Pear","Lantern","War Paint","Question Card","MawBank","Ice Cream","Astrolabe","Bag of Marbles","Ninja Scroll","PreservedInsect","Philosopher\u0027s Stone","Regal Pillow","Darkstone Periapt","StoneCalendar","Membership Card","Mango"],"potions_floor_usage":[22,29,38,42,50],"damage_taken":[{"damage":0,"enemies":"Jaw Worm","floor":1,"turns":8},{"damage":0,"enemies":"2 Louse","floor":3,"turns":5},{"damage":10,"enemies":"Gremlin Nob","floor":6,"turns":4},{"damage":0,"enemies":"Cultist","floor":7,"turns":3},{"damage":12,"enemies":"Blue Slaver","floor":8,"turns":3},{"damage":18,"enemies":"3 Sentries","floor":10,"turns":8},{"damage":19,"enemies":"Gremlin Nob","floor":12,"turns":5},{"damage":28,"enemies":"Hexaghost","floor":16,"turns":13},{"damage":0,"enemies":"Shell Parasite","floor":18,"turns":7},{"damage":20,"enemies":"Spheric Guardian","floor":19,"turns":7},{"damage":0,"enemies":"Chosen and Byrds","floor":21,"turns":6},{"damage":7,"enemies":"Cultist and Chosen","floor":22,"turns":7},{"damage":19,"enemies":"Gremlin Leader","floor":23,"turns":6},{"damage":16,"enemies":"Sentry and Sphere","floor":25,"turns":6},{"damage":6,"enemies":"Snecko","floor":27,"turns":4},{"damage":3,"enemies":"3 Cultists","floor":28,"turns":3},{"damage":18,"enemies":"Book of Stabbing","floor":29,"turns":8},{"damage":1,"enemies":"Chosen and Byrds","floor":31,"turns":5},{"damage":40,"enemies":"Champ","floor":33,"turns":12},{"damage":0,"enemies":"3 Darklings","floor":35,"turns":3},{"damage":4,"enemies":"3 Shapes","floor":37,"turns":7},{"damage":0,"enemies":"Writhing Mass","floor":38,"turns":7},{"damage":1,"enemies":"4 Shapes","floor":39,"turns":3},{"damage":56,"enemies":"Nemesis","floor":40,"turns":7},{"damage":3,"enemies":"Sphere and 2 Shapes","floor":42,"turns":4},{"damage":8,"enemies":"Reptomancer","floor":46,"turns":6},{"damage":9,"enemies":"Maw","floor":47,"turns":7},{"damage":34,"enemies":"Awakened One","floor":50,"turns":17}],"seed_played":"-5323791404565424362","potions_obtained":[{"floor":6,"key":"Poison Potion"},{"floor":7,"key":"AttackPotion"},{"floor":10,"key":"Energy Potion"},{"floor":16,"key":"Weak Potion"},{"floor":19,"key":"PowerPotion"},{"floor":22,"key":"GhostInAJar"},{"floor":33,"key":"Regen Potion"},{"floor":35,"key":"Dexterity Potion"},{"floor":40,"key":"SpeedPotion"},{"floor":42,"key":"LiquidBronze"},{"floor":46,"key":"PowerPotion"}],"is_trial":false,"path_per_floor":["M","?","M","?","?","E","M","M","T","E","T","E","R","$","R","B",null,"M","M","?","M","M","E","R","M","T","M","M","E","R","M","R","B",null,"M","?","M","M","M","E","R","M","T","?","$","E","M","$","R","B",null],"character_chosen":"THE_SILENT","items_purchased":["Sucker Punch","Tools of the Trade","Footwork","Membership Card","Predator","Mango"],"campfire_rested":7,"item_purchase_floors":[14,14,45,48,48,48],"current_hp_per_floor":[77,77,77,70,62,52,52,40,40,22,22,3,29,29,55,27,87,87,67,67,67,60,41,67,51,51,45,42,24,50,49,75,35,87,87,87,83,83,82,26,67,64,64,64,64,56,47,61,98,64],"gold":90,"neow_bonus":"TEN_PERCENT_HP_BONUS","is_prod":false,"is_daily":false,"chose_seed":false,"campfire_upgraded":0,"win_rate":0.0,"timestamp":1549226061,"path_taken":["M","?","M","?","?","E","M","M","T","E","?","E","R","$","R","BOSS","M","M","?","M","M","E","R","M","T","M","M","E","R","?","R","BOSS","M","?","M","M","M","E","R","M","T","?","$","E","?","?","R","BOSS"],"build_version":"2019-01-23","purchased_purges":2,"victory":true,"max_hp_per_floor":[77,77,77,77,87,87,87,87,87,87,87,87,87,87,87,87,87,87,87,87,87,87,87,87,87,87,87,87,87,87,87,87,87,87,87,87,87,87,87,87,87,87,87,84,84,84,84,98,98,98],"card_choices":[{"not_picked":["Poisoned Stab","PiercingWail"],"picked":"Backflip","floor":1},{"not_picked":["Masterful Stab","Quick Slash"],"picked":"All Out Attack","floor":3},{"not_picked":["Dagger Throw","Underhanded Strike"],"picked":"Distraction","floor":6},{"not_picked":["Acrobatics","Underhanded Strike"],"picked":"Flying Knee","floor":7},{"not_picked":["Night Terror","Poisoned Stab"],"picked":"Dodge and Roll","floor":8},{"not_picked":["Backflip","Underhanded Strike"],"picked":"Sucker Punch","floor":10},{"not_picked":["Masterful Stab","Deadly Poison","Bouncing Flask"],"picked":"Deflect","floor":12},{"not_picked":["Venomology","Night Terror","Doppelganger"],"picked":"Die Die Die","floor":16},{"not_picked":["PiercingWail+1","All Out Attack","Dagger Throw"],"picked":"Acrobatics","floor":18},{"not_picked":["Well Laid Plans","Sucker Punch","Distraction+1"],"picked":"Underhanded Strike","floor":19},{"not_picked":["Dagger Throw","Eviscerate+1","Endless Agony"],"picked":"Outmaneuver","floor":21},{"not_picked":["Deflect","A Thousand Cuts","Outmaneuver"],"picked":"Calculated Gamble+1","floor":22},{"not_picked":["Dagger Throw","All Out Attack","Flechettes+1"],"picked":"Crippling Poison","floor":23},{"not_picked":["Quick Slash+1","Dagger Spray","Backflip"],"picked":"Outmaneuver+1","floor":25},{"not_picked":["Poisoned Stab+1","Quick Slash","Terror+1"],"picked":"Heel Hook","floor":27},{"not_picked":["Skewer","Sucker Punch","Poisoned Stab","A Thousand Cuts"],"picked":"SKIP","floor":28},{"not_picked":["Dash","Dagger Spray+1","Sucker Punch"],"picked":"Skewer","floor":29},{"not_picked":["Blade Dance+1","Terror","Calculated Gamble+1"],"picked":"Prepared","floor":31},{"not_picked":["Malaise","Night Terror","Doppelganger"],"picked":"Die Die Die","floor":33},{"not_picked":["Deadly Poison","Sucker Punch+1","Slice"],"picked":"PiercingWail+1","floor":35},{"not_picked":["Poisoned Stab","Terror","Outmaneuver+1"],"picked":"Dodge and Roll+1","floor":37},{"not_picked":["Slice","Acrobatics","Quick Slash"],"picked":"Tactician+1","floor":38},{"not_picked":["Deflect","Deadly Poison+1","Blade Dance"],"picked":"Reflex+1","floor":39},{"not_picked":["Bullet Time","Backstab","Blade Dance+1","Masterful Stab+1"],"picked":"SKIP","floor":40},{"not_picked":["Quick Slash+1","Deflect","Sucker Punch"],"picked":"Backstab","floor":42},{"not_picked":["Footwork","Well Laid Plans+1","Envenom"],"picked":"Caltrops+1","floor":46},{"not_picked":["Blur+1","Outmaneuver+1","Quick Slash+1"],"picked":"Dodge and Roll+1","floor":47}],"player_experience":5006,"relics_obtained":[{"floor":6,"key":"Lantern"},{"floor":9,"key":"War Paint"},{"floor":10,"key":"Question Card"},{"floor":11,"key":"MawBank"},{"floor":12,"key":"Ice Cream"},{"floor":23,"key":"Bag of Marbles"},{"floor":26,"key":"Ninja Scroll"},{"floor":29,"key":"PreservedInsect"},{"floor":40,"key":"Regal Pillow"},{"floor":43,"key":"Darkstone Periapt"},{"floor":46,"key":"StoneCalendar"}],"event_choices":[{"damage_healed":0,"gold_gain":0,"cards_transformed":["Defend_G"],"player_choice":"Change","damage_taken":0,"max_hp_gain":0,"max_hp_loss":0,"event_name":"Living Wall","floor":2,"gold_loss":0,"cards_obtained":["Terror"]},{"cards_removed":["Strike_G"],"damage_healed":0,"gold_gain":0,"player_choice":"Card Removal","damage_taken":7,"max_hp_gain":0,"max_hp_loss":0,"event_name":"Golden Wing","floor":4,"gold_loss":0},{"damage_healed":0,"gold_gain":0,"player_choice":"Success","damage_taken":18,"relics_obtained":["Pear"],"max_hp_gain":0,"max_hp_loss":0,"event_name":"Scrap Ooze","floor":5,"gold_loss":0},{"damage_healed":0,"gold_gain":0,"player_choice":"Bought 0 Potions","damage_taken":0,"max_hp_gain":0,"max_hp_loss":0,"event_name":"The Woman in Blue","floor":20,"gold_loss":0},{"damage_healed":0,"gold_gain":0,"player_choice":"Ignored","damage_taken":0,"max_hp_gain":0,"max_hp_loss":0,"event_name":"Tomb of Lord Red Mask","floor":36,"gold_loss":0},{"cards_removed":["Parasite"],"damage_healed":0,"gold_gain":0,"player_choice":"Took Card","damage_taken":0,"max_hp_gain":0,"max_hp_loss":0,"event_name":"NoteForYourself","floor":44,"gold_loss":0,"cards_obtained":["Iron Wave"]}],"is_beta":false,"boss_relics":[{"not_picked":["Orrery","Lizard Tail"],"picked":"Astrolabe"},{"not_picked":["White Beast Statue","Snecko Eye"],"picked":"Philosopher\u0027s Stone"}],"items_purged_floors":[14,45],"is_endless":false,"potions_floor_spawned":[6,7,10,16,19,21,22,33,35,40,42,46],"ascension_level":0}