{"gold_per_floor":[115,40,52,69,244,244,244,276,303,17,33,51,62,62,62,62],"floor_reached":16,"playtime":670,"items_purged":["Strike_G"],"score":102,"play_id":"e5778879-e5ef-43c1-9a6d-0c21d6a57f49","local_time":"20190205220959","is_ascension_mode":false,"campfire_choices":[{"data":"Neutralize","floor":7,"key":"SMITH"},{"data":"Corpse Explosion","floor":15,"key":"SMITH"}],"neow_cost":"NONE","seed_source_timestamp":776463785573934,"circlet_count":0,"master_deck":["Defend_G","Defend_G","Defend_G","Defend_G","Defend_G","Strike_G","Strike_G","Strike_G","Strike_G","Survivor","Neutralize+1","Prepared","Riddle With Holes","Prepared","Doubt","Noxious Fumes","Corpse Explosion+1","Injury"],"relics":["Ring of the Snake","Singing Bowl","Dream Catcher","Pen Nib","The Specimen","Golden Idol"],"potions_floor_usage":[8,16],"damage_taken":[{"damage":4,"enemies":"Cultist","floor":1,"turns":5},{"damage":5,"enemies":"Jaw Worm","floor":3,"turns":4},{"damage":0,"enemies":"2 Louse","floor":4,"turns":3},{"damage":18,"enemies":"Gremlin Nob","floor":8,"turns":5},{"damage":8,"enemies":"2 Fungi Beasts","floor":11,"turns":5},{"damage":9,"enemies":"Exordium Thugs","floor":12,"turns":3},{"damage":7,"enemies":"Looter","floor":13,"turns":3},{"damage":36,"enemies":"Slime Boss","floor":16,"turns":7}],"seed_played":"4884166903379424928","potions_obtained":[{"floor":4,"key":"SkillPotion"},{"floor":11,"key":"Energy Potion"}],"is_trial":false,"path_per_floor":["M","$","M","M","?","T","R","E","T","$","M","M","M","?","R","B"],"character_chosen":"THE_SILENT","items_purchased":["The Specimen"],"campfire_rested":0,"item_purchase_floors":[10],"current_hp_per_floor":[73,73,68,68,68,68,68,50,50,50,42,35,30,30,30,0],"gold":62,"neow_bonus":"TEN_PERCENT_HP_BONUS","is_prod":false,"is_daily":false,"chose_seed":false,"campfire_upgraded":2,"win_rate":0,"timestamp":1549433399,"path_taken":["M","$","M","?","?","?","R","E","T","$","M","M","M","?","R","BOSS"],"build_version":"2019-01-23","purchased_purges":1,"victory":false,"max_hp_per_floor":[77,77,77,77,77,77,77,77,77,77,77,79,81,81,81,81],"card_choices":[{"not_picked":["Flying Knee","Caltrops"],"picked":"Prepared","floor":1},{"not_picked":["Masterful Stab","Sucker Punch"],"picked":"Riddle With Holes","floor":3},{"not_picked":["Flying Knee","Slice"],"picked":"Prepared","floor":4},{"not_picked":["Tactician","Slice"],"picked":"Noxious Fumes","floor":8},{"not_picked":["Flechettes","Dodge and Roll"],"picked":"Corpse Explosion","floor":11},{"not_picked":["Sucker Punch","Footwork","Dagger Spray"],"picked":"Singing Bowl","floor":12},{"not_picked":["Distraction","Riddle With Holes","Sucker Punch"],"picked":"Singing Bowl","floor":13}],"player_experience":96092,"relics_obtained":[{"floor":6,"key":"Singing Bowl"},{"floor":8,"key":"Dream Catcher"},{"floor":9,"key":"Pen Nib"}],"event_choices":[{"damage_healed":0,"gold_gain":175,"player_choice":"AGREE","damage_taken":0,"max_hp_gain":0,"max_hp_loss":0,"event_name":"Liars Game","floor":5,"gold_loss":0,"cards_obtained":["Doubt"]},{"damage_healed":0,"gold_gain":0,"player_choice":"Take Wound","damage_taken":0,"relics_obtained":["Golden Idol"],"max_hp_gain":0,"max_hp_loss":0,"event_name":"Golden Idol","floor":14,"gold_loss":0,"cards_obtained":["Injury"]}],"is_beta":false,"boss_relics":[],"items_purged_floors":[2],"is_endless":false,"potions_floor_spawned":[4,11],"killed_by":"Slime Boss","ascension_level":0}