{"gold_per_floor":[114,124,137,137,62,97,29,43,67,67,83,83,103,132,132,227,227,209,109,121,36,36,71,71,71,71,81,81,93,106,30,30,30],"floor_reached":33,"playtime":2323,"items_purged":["Strike_R","Strike_R"],"score":305,"play_id":"6bbf17c6-1be6-4f4f-a56b-4cd13313c44a","local_time":"20190219014807","is_ascension_mode":true,"campfire_choices":[{"data":"Limit Break","floor":10,"key":"SMITH"},{"data":"Bash","floor":12,"key":"SMITH"},{"data":"Armaments","floor":15,"key":"SMITH"},{"floor":24,"key":"REST"},{"floor":28,"key":"REST"},{"floor":32,"key":"REST"}],"neow_cost":"NONE","seed_source_timestamp":331486216661758,"circlet_count":0,"master_deck":["Strike_R","Strike_R","Defend_R","Defend_R","Defend_R","Defend_R","Bash+1","Wild Strike","Pommel Strike+1","Heavy Blade","Ghostly Armor","Limit Break+1","Shrug It Off","Cleave","Armaments+1","Sword Boomerang","Double Tap","Inflame","Spot Weakness","Flex","Flex","Rage+1","Headbutt","Writhe"],"relics":["Burning Blood","Boot","Orichalcum","Bronze Scales","Orrery","Nunchaku","Ginger","Frozen Egg 2","Matryoshka"],"potions_floor_usage":[14,16,16,18,23,33],"damage_taken":[{"damage":5,"enemies":"Small Slimes","floor":1,"turns":4},{"damage":8,"enemies":"Jaw Worm","floor":2,"turns":4},{"damage":0,"enemies":"Cultist","floor":3,"turns":2},{"damage":25,"enemies":"Lagavulin","floor":6,"turns":9},{"damage":6,"enemies":"Looter","floor":8,"turns":5},{"damage":4,"enemies":"Red Slaver","floor":11,"turns":5},{"damage":3,"enemies":"Blue Slaver","floor":13,"turns":5},{"damage":18,"enemies":"Gremlin Nob","floor":14,"turns":5},{"damage":24,"enemies":"Hexaghost","floor":16,"turns":14},{"damage":18,"enemies":"2 Thieves","floor":18,"turns":4},{"damage":6,"enemies":"Shell Parasite","floor":20,"turns":4},{"damage":54,"enemies":"Book of Stabbing","floor":23,"turns":6},{"damage":9,"enemies":"Snecko","floor":27,"turns":4},{"damage":11,"enemies":"Chosen and Byrds","floor":29,"turns":4},{"damage":38,"enemies":"Centurion and Healer","floor":30,"turns":6},{"damage":87,"enemies":"Automaton","floor":33,"turns":6}],"seed_played":"491561622570298034","potions_obtained":[{"floor":6,"key":"SkillPotion"},{"floor":8,"key":"Poison Potion"},{"floor":14,"key":"Ancient Potion"},{"floor":16,"key":"SkillPotion"},{"floor":18,"key":"FearPotion"}],"is_trial":false,"path_per_floor":["M","M","M","?","$","E","$","M","T","R","M","R","M","E","R","B",null,"M","$","M","?","$","E","R","?","T","M","R","M","M","$","R","B"],"character_chosen":"IRONCLAD","items_purchased":["Limit Break","Regen Potion"],"campfire_rested":3,"item_purchase_floors":[7,31],"current_hp_per_floor":[80,78,80,80,80,61,61,61,61,61,63,63,66,54,54,36,80,68,68,68,68,68,20,44,44,44,41,65,60,28,28,52,0],"gold":30,"neow_bonus":"TRANSFORM_CARD","is_prod":false,"is_daily":false,"chose_seed":false,"campfire_upgraded":3,"win_rate":0,"timestamp":1550537287,"path_taken":["M","M","M","?","$","E","$","M","T","R","M","R","M","E","R","BOSS","M","$","M","?","$","E","R","?","T","M","R","M","M","$","R","BOSS"],"build_version":"2019-01-23","purchased_purges":2,"victory":false,"max_hp_per_floor":[80,80,80,80,80,80,80,80,80,80,80,80,80,80,80,80,80,80,80,80,80,80,80,80,80,80,80,80,80,80,80,80,80],"card_choices":[{"not_picked":["Clash","Body Slam"],"picked":"Pommel Strike","floor":1},{"not_picked":["Havoc","Perfected Strike"],"picked":"Heavy Blade","floor":2},{"not_picked":["Rampage","Thunderclap"],"picked":"Ghostly Armor","floor":3},{"not_picked":["Warcry","Perfected Strike","Clash"],"picked":"SKIP","floor":6},{"not_picked":["Pommel Strike","Anger"],"picked":"Shrug It Off","floor":8},{"not_picked":["Sword Boomerang","Disarm"],"picked":"Cleave","floor":11},{"not_picked":["Rampage","Limit Break"],"picked":"Armaments","floor":13},{"not_picked":["Exhume","Bloodletting"],"picked":"Sword Boomerang","floor":14},{"not_picked":["Bludgeon","Immolate"],"picked":"Double Tap","floor":16},{"not_picked":["Sentinel","Thunderclap"],"picked":"Inflame","floor":17},{"not_picked":["Immolate","Warcry"],"picked":"Spot Weakness","floor":17},{"not_picked":["Armaments","Clash"],"picked":"Flex","floor":17},{"not_picked":["Power Through","Blood for Blood"],"picked":"Flex","floor":17},{"not_picked":["Wild Strike","Second Wind","Sword Boomerang"],"picked":"SKIP","floor":18},{"not_picked":["Sword Boomerang","Shockwave+1"],"picked":"Rage+1","floor":20},{"not_picked":["Searing Blow","Combust+1"],"picked":"Headbutt","floor":23},{"not_picked":["Thunderclap+1","Warcry","Havoc"],"picked":"SKIP","floor":27},{"not_picked":["Body Slam","Havoc","Spot Weakness+1"],"picked":"SKIP","floor":29},{"not_picked":["Sword Boomerang+1","Offering","Battle Trance+1"],"picked":"SKIP","floor":30}],"player_experience":104722,"relics_obtained":[{"floor":6,"key":"Boot"},{"floor":9,"key":"Orichalcum"},{"floor":14,"key":"Bronze Scales"},{"floor":23,"key":"Ginger"},{"floor":26,"key":"Matryoshka"}],"event_choices":[{"damage_healed":0,"gold_gain":0,"player_choice":"Grow","damage_taken":0,"max_hp_gain":0,"max_hp_loss":0,"event_name":"Living Wall","floor":4,"gold_loss":0,"cards_upgraded":["Pommel Strike"]},{"damage_healed":0,"gold_gain":0,"player_choice":"Obtained Relic","damage_taken":0,"relics_obtained":["Nunchaku"],"max_hp_gain":0,"max_hp_loss":0,"event_name":"Addict","floor":21,"gold_loss":85},{"damage_healed":0,"gold_gain":0,"player_choice":"Opened","damage_taken":0,"relics_obtained":["Frozen Egg 2"],"max_hp_gain":0,"max_hp_loss":0,"event_name":"The Mausoleum","floor":25,"gold_loss":0,"cards_obtained":["Writhe"]}],"is_beta":false,"boss_relics":[{"not_picked":["Runic Cube","Busted Crown"],"picked":"Orrery"}],"items_purged_floors":[5,19],"is_endless":false,"potions_floor_spawned":[6,8,14,16,18],"killed_by":"Automaton","ascension_level":2}