{"gold_per_floor":[117,117,137,156,173,202,202,273,329,357,357,387,387,407,407,484,534,548,548,561,23,33,33,67,67,67,98,117,117],"floor_reached":29,"playtime":1205,"items_purged":[],"score":666,"play_id":"a279536f-535f-4173-8c43-a5ebf1a9e9a9","local_time":"20190127185933","is_ascension_mode":true,"campfire_choices":[{"data":"Armaments","floor":7.0,"key":"SMITH"},{"data":"Uppercut","floor":13.0,"key":"SMITH"},{"data":"Perfected Strike","floor":15.0,"key":"SMITH"},{"floor":23.0,"key":"REST"},{"floor":25.0,"key":"REST"}],"neow_cost":"NONE","seed_source_timestamp":1503159652037350,"circlet_count":0,"master_deck":["AscendersBane","Strike_R","Strike_R","Strike_R","Strike_R","Strike_R","Defend_R","Defend_R+1","Defend_R","Defend_R","Bash+1","Pommel Strike","Armaments+1","Perfected Strike+1","Ghostly Armor","Uppercut+1","Spot Weakness","Barricade","Pummel","Seeing Red","Limit Break","Sword Boomerang","Perfected Strike","Battle Trance","Sword Boomerang","Offering","Whirlwind","Uppercut+1","Perfected Strike"],"special_seed":0,"relics":["Burning Blood","Vajra","Tiny Chest","Boot","Bag of Preparation","Tiny House","MutagenicStrength","Membership Card","Bottled Lightning","Frozen Egg 2","Self Forming Clay","Champion Belt","Sundial"],"potions_floor_usage":[],"damage_taken":[{"damage":1.0,"enemies":"Cultist","floor":1.0,"turns":3.0},{"damage":3.0,"enemies":"2 Louse","floor":3.0,"turns":4.0},{"damage":2.0,"enemies":"Small Slimes","floor":4.0,"turns":3.0},{"damage":10.0,"enemies":"Looter","floor":5.0,"turns":5.0},{"damage":27.0,"enemies":"Lagavulin","floor":6.0,"turns":6.0},{"damage":22.0,"enemies":"3 Sentries","floor":10.0,"turns":9.0},{"damage":8.0,"enemies":"Gremlin Nob","floor":12.0,"turns":3.0},{"damage":8.0,"enemies":"Large Slime","floor":14.0,"turns":5.0},{"damage":6.0,"enemies":"The Guardian","floor":16.0,"turns":11.0},{"damage":0.0,"enemies":"Chosen","floor":18.0,"turns":3.0},{"damage":28.0,"enemies":"2 Thieves","floor":20.0,"turns":5.0},{"damage":26.0,"enemies":"3 Cultists","floor":22.0,"turns":6.0},{"damage":42.0,"enemies":"Book of Stabbing","floor":24.0,"turns":4.0},{"damage":52.0,"enemies":"Slavers","floor":27.0,"turns":5.0},{"damage":14.0,"enemies":"Snake Plant","floor":28.0,"turns":3.0},{"damage":11,"enemies":"Book of Stabbing","floor":29,"turns":2}],"seed_played":"8392853834247374898","potions_obtained":[{"floor":3.0,"key":"Block Potion"},{"floor":5.0,"key":"Strength Potion"},{"floor":12.0,"key":"GamblersBrew"},{"floor":14.0,"key":"SkillPotion"},{"floor":17.0,"key":"FairyPotion"},{"floor":18.0,"key":"Regen Potion"},{"floor":24.0,"key":"Ancient Potion"},{"floor":28.0,"key":"Fire Potion"}],"is_trial":false,"path_per_floor":["M","?","M","M","M","E","R","?","T","E","?","E","R","M","R","B",null,"M","?","M","$","M","R","E","R","T","E","M","E"],"character_chosen":"IRONCLAD","items_purchased":["Membership Card","Bottled Lightning","Fire Potion","Sword Boomerang","Frozen Egg 2"],"campfire_rested":2,"item_purchase_floors":[21,21,21,21,21],"current_hp_per_floor":[73,73,75,75,71,50,50,50,50,34,59,57,57,55,55,55,75,80,80,58,58,38,62,26,50,50,18,10,0],"gold":117,"neow_bonus":"UPGRADE_CARD","is_prod":false,"is_daily":false,"chose_seed":false,"campfire_upgraded":3,"win_rate":0,"timestamp":1548633573,"path_taken":["M","?","M","M","?","E","R","?","T","E","?","E","R","M","R","BOSS","M","?","M","$","M","R","E","R","T","E","M","E"],"build_version":"2019-01-23","purchased_purges":0,"victory":false,"max_hp_per_floor":[75,75,75,75,75,75,75,75,75,75,75,75,75,75,75,75,80,80,80,80,80,80,80,80,80,80,80,80,80],"card_choices":[{"not_picked":["Warcry","Sword Boomerang"],"picked":"Pommel Strike","floor":1.0},{"not_picked":["True Grit","Flex"],"picked":"Perfected Strike","floor":3.0},{"not_picked":["Heavy Blade","Feel No Pain"],"picked":"Ghostly Armor","floor":4.0},{"not_picked":["Burning Pact","Entrench"],"picked":"Uppercut","floor":5.0},{"not_picked":["Shrug It Off","Iron Wave"],"picked":"Spot Weakness","floor":6.0},{"not_picked":["Flex","Fire Breathing"],"picked":"Barricade","floor":10.0},{"not_picked":["Bloodletting","Anger"],"picked":"Pummel","floor":12.0},{"not_picked":["Clash","Pommel Strike"],"picked":"Seeing Red","floor":14.0},{"not_picked":["Barricade","Demon Form"],"picked":"Limit Break","floor":16.0},{"not_picked":["Searing Blow","Wild Strike"],"picked":"Sword Boomerang","floor":17.0},{"not_picked":["Iron Wave","Twin Strike+1"],"picked":"Perfected Strike","floor":18.0},{"not_picked":["Wild Strike","Spot Weakness"],"picked":"Battle Trance","floor":20.0},{"not_picked":["Bloodletting","Body Slam"],"picked":"Offering","floor":22.0},{"not_picked":["Thunderclap","Warcry"],"picked":"Whirlwind","floor":24.0},{"not_picked":["Headbutt","Wild Strike+1"],"picked":"Uppercut+1","floor":27.0},{"not_picked":["Havoc","True Grit"],"picked":"Perfected Strike","floor":28.0}],"player_experience":825112,"relics_obtained":[{"floor":6.0,"key":"Vajra"},{"floor":9.0,"key":"Tiny Chest"},{"floor":10.0,"key":"Boot"},{"floor":12.0,"key":"Bag of Preparation"},{"floor":24.0,"key":"Self Forming Clay"},{"floor":26.0,"key":"Champion Belt"},{"floor":27.0,"key":"Sundial"}],"event_choices":[{"damage_healed":0.0,"max_hp_gain":0.0,"max_hp_loss":0.0,"gold_gain":0.0,"event_name":"Match and Keep!","player_choice":"1 cards matched","floor":2.0,"gold_loss":0.0,"damage_taken":0.0,"cards_obtained":["Armaments"]},{"damage_healed":0.0,"max_hp_gain":0.0,"max_hp_loss":0.0,"gold_gain":71.0,"event_name":"Golden Wing","player_choice":"Gained Gold","floor":8.0,"gold_loss":0.0,"damage_taken":0.0},{"damage_healed":25.0,"max_hp_gain":0.0,"max_hp_loss":0.0,"gold_gain":0.0,"event_name":"Big Fish","player_choice":"Banana","floor":11.0,"gold_loss":0.0,"damage_taken":0.0},{"damage_healed":0.0,"max_hp_gain":0.0,"max_hp_loss":0.0,"gold_gain":0.0,"event_name":"Drug Dealer","player_choice":"Inject Mutagens","floor":19.0,"gold_loss":0.0,"damage_taken":0.0,"relics_obtained":["MutagenicStrength"]}],"is_beta":false,"boss_relics":[{"not_picked":["Astrolabe","Calling Bell"],"picked":"Tiny House"}],"items_purged_floors":[],"is_endless":false,"potions_floor_spawned":[3,5,12,14,18,24,28],"killed_by":"Book of Stabbing","ascension_level":20}