{"gold_per_floor":[111,122,15,15,28,28,55,55,55,90,10,30,48,76,76,178,178,197,272,291,73,84,84,84,84,84,118,118,118,130,148,148,248,248,265,276,286,286,299,333,345,374,374,401,401,81,113,213,213,213,213,213,16,49,49],"floor_reached":56,"playtime":3414,"items_purged":["Parasite"],"score":1518,"play_id":"cc03bf46-5b94-490a-bf79-ae38fb3a72f1","local_time":"20181124124447","is_ascension_mode":true,"campfire_choices":[{"data":"Consume","floor":6,"key":"SMITH"},{"data":"Storm","floor":8,"key":"SMITH"},{"data":"Capacitor","floor":15,"key":"SMITH"},{"data":"Buffer","floor":23,"key":"SMITH"},{"data":"Loop","floor":25,"key":"SMITH"},{"data":"Chill","floor":29,"key":"SMITH"},{"data":"Fission","floor":32,"key":"SMITH"},{"data":"Defragment","floor":45,"key":"SMITH"},{"floor":49,"key":"RECALL"},{"data":"Machine Learning","floor":52,"key":"SMITH"}],"neow_cost":"NONE","seed_source_timestamp":26538439505452,"circlet_count":0,"master_deck":["Defend_B","Defend_B","Defend_B","Defend_B","Zap","Dualcast+1","Hologram","FTL","Chill+1","Storm+1","Self Repair","Consume+1","Machine Learning+1","Go for the Eyes","Capacitor+1","Loop+1","Cold Snap","Buffer+1","Electrodynamics","Leap+1","Amplify+1","Capacitor","Steam+1","Fission+1","Sunder","Echo Form","Loop","Steam Power","Chill+1","Echo Form","Defragment+1","Coolheaded+1","Double Energy+1","Leap","Conserve Battery+1"],"relics":["Cracked Core","Cables","Blood Vial","Turnip","PreservedInsect","Empty Cage","War Paint","Gremlin Horn","Cursed Key","Potion Belt","Peace Pipe","Emotion Chip","Bottled Flame","Pantograph","Ancient Tea Set","Du-Vu Doll","DataDisk","Singing Bowl"],"potions_floor_usage":[7,27,31,50,55,55,55,55],"damage_taken":[{"damage":0,"enemies":"Cultist","floor":1,"turns":4},{"damage":0,"enemies":"Jaw Worm","floor":2,"turns":4},{"damage":0,"enemies":"2 Louse","floor":5,"turns":4},{"damage":23,"enemies":"Gremlin Nob","floor":7,"turns":4},{"damage":13,"enemies":"Lagavulin","floor":10,"turns":6},{"damage":16,"enemies":"Large Slime","floor":12,"turns":5},{"damage":5,"enemies":"2 Fungi Beasts","floor":13,"turns":3},{"damage":9,"enemies":"3 Sentries","floor":14,"turns":6},{"damage":0,"enemies":"The Guardian","floor":16,"turns":7},{"damage":3,"enemies":"3 Byrds","floor":18,"turns":4},{"damage":5,"enemies":"Chosen","floor":20,"turns":4},{"damage":20,"enemies":"Centurion and Healer","floor":22,"turns":4},{"damage":27,"enemies":"Slavers","floor":27,"turns":2},{"damage":4,"enemies":"Chosen and Byrds","floor":30,"turns":7},{"damage":3,"enemies":"Cultist and Chosen","floor":31,"turns":5},{"damage":0,"enemies":"Champ","floor":33,"turns":8},{"damage":0,"enemies":"3 Darklings","floor":35,"turns":2},{"damage":16,"enemies":"Orb Walker","floor":36,"turns":3},{"damage":29,"enemies":"Spire Growth","floor":37,"turns":4},{"damage":11,"enemies":"Jaw Worm Horde","floor":39,"turns":2},{"damage":0,"enemies":"Giant Head","floor":40,"turns":6},{"damage":0,"enemies":"Sphere and 2 Shapes","floor":41,"turns":3},{"damage":14,"enemies":"Nemesis","floor":42,"turns":5},{"damage":6,"enemies":"Reptomancer","floor":44,"turns":5},{"damage":7,"enemies":"Giant Head","floor":47,"turns":5},{"damage":0,"enemies":"Mind Bloom Boss Battle","floor":48,"turns":5},{"damage":23,"enemies":"Donu and Deca","floor":50,"turns":6},{"damage":62,"enemies":"Shield and Spear","floor":54,"turns":5},{"damage":28,"enemies":"The Heart","floor":55,"turns":8}],"seed_played":"-8790126443156862826","potions_obtained":[{"floor":2,"key":"PowerPotion"},{"floor":7,"key":"PowerPotion"},{"floor":12,"key":"FearPotion"},{"floor":13,"key":"PowerPotion"},{"floor":30,"key":"SkillPotion"},{"floor":31,"key":"FearPotion"},{"floor":33,"key":"EssenceOfSteel"},{"floor":39,"key":"PowerPotion"},{"floor":40,"key":"PowerPotion"},{"floor":41,"key":"SkillPotion"}],"is_trial":false,"path_per_floor":["M","M","$","?","M","R","E","R","T","E","$","M","M","E","R","B",null,"M","?","M","$","M","R","?","R","T","E","?","R","M","M","R","B",null,"M","M","M","?","M","E","M","E","T","E","R","$","E","?","R","B",null,"R","$","E","B",null],"character_chosen":"DEFECT","items_purchased":["Chill","Storm","Capacitor","War Paint","Capacitor","Pantograph","DataDisk","Leap"],"campfire_rested":0,"item_purchase_floors":[3,3,11,21,21,46,53,53],"current_hp_per_floor":[75,75,75,75,75,75,59,59,59,55,55,48,52,52,52,61,75,75,68,72,72,61,61,61,61,61,50,50,50,55,61,61,70,75,75,66,53,53,58,74,75,75,75,75,75,72,72,72,72,56,72,72,72,24,37],"gold":49,"neow_bonus":"THREE_CARDS","is_prod":false,"is_daily":false,"chose_seed":false,"campfire_upgraded":9,"win_rate":0,"timestamp":1543081487,"path_taken":["M","?","$","?","M","R","E","R","T","E","$","?","M","E","R","BOSS","M","?","?","$","M","R","?","R","T","E","?","R","M","?","R","BOSS","M","M","M","?","M","E","M","E","T","E","R","$","E","?","R","BOSS","R","$","E","BOSS"],"build_version":"2018-11-15","purchased_purges":1,"victory":true,"max_hp_per_floor":[75,75,75,75,75,75,75,75,75,75,75,75,75,75,75,75,75,75,75,75,75,75,75,75,75,75,75,75,75,75,75,75,75,75,75,75,75,75,75,75,75,75,75,75,75,72,72,72,72,72,72,72,72,72,72],"card_choices":[{"not_picked":["Force Field","Turbo"],"picked":"Hologram","floor":0},{"not_picked":["Go for the Eyes","Conserve Battery"],"picked":"FTL","floor":1},{"not_picked":["Turbo","Compile Driver","Hologram"],"picked":"SKIP","floor":2},{"not_picked":["Barrage","Hologram"],"picked":"Consume","floor":5},{"not_picked":["Reprogram","Aggregate"],"picked":"Machine Learning","floor":7},{"not_picked":["Hologram","Stack"],"picked":"Go for the Eyes","floor":10},{"not_picked":["Blizzard","Force Field"],"picked":"Loop","floor":12},{"not_picked":["Genetic Algorithm","Rebound"],"picked":"Cold Snap","floor":13},{"not_picked":["Chill","Barrage"],"picked":"Buffer","floor":14},{"not_picked":["Reboot","Thunder Strike"],"picked":"Electrodynamics","floor":16},{"not_picked":["White Noise","Compile Driver"],"picked":"Leap+1","floor":18},{"not_picked":["Leap","Consume"],"picked":"Amplify","floor":20},{"not_picked":["Redo","Turbo"],"picked":"Steam+1","floor":22},{"not_picked":["Gash+1","Chaos","Beam Cell+1"],"picked":"SKIP","floor":27},{"not_picked":["Steam","Skim"],"picked":"Fission","floor":30},{"not_picked":["Darkness","Go for the Eyes"],"picked":"Sunder","floor":31},{"not_picked":["Multi-Cast","Machine Learning"],"picked":"Echo Form","floor":33},{"not_picked":["Chaos","Turbo+1","Redo"],"picked":"SKIP","floor":35},{"not_picked":["Hologram","Compile Driver"],"picked":"Loop","floor":36},{"not_picked":["Self Repair","Sweeping Beam"],"picked":"Steam Power","floor":37},{"not_picked":["Ball Lightning+1","Stack"],"picked":"Chill+1","floor":39},{"not_picked":["Ball Lightning+1","Barrage"],"picked":"Echo Form","floor":40},{"not_picked":["Rebound+1","Redo","Compile Driver+1"],"picked":"SKIP","floor":41},{"not_picked":["Compile Driver+1","Sweeping Beam+1"],"picked":"Defragment","floor":42},{"not_picked":["Beam Cell","Reprogram"],"picked":"Coolheaded+1","floor":44},{"not_picked":["Steam","Streamline"],"picked":"Double Energy+1","floor":47},{"not_picked":["Ball Lightning+1","Sunder"],"picked":"Conserve Battery+1","floor":54}],"player_experience":3527887,"relics_obtained":[{"floor":7,"key":"Cables"},{"floor":9,"key":"Blood Vial"},{"floor":10,"key":"Turnip"},{"floor":14,"key":"PreservedInsect"},{"floor":27,"key":"Gremlin Horn"},{"floor":40,"key":"Potion Belt"},{"floor":42,"key":"Peace Pipe"},{"floor":43,"key":"Emotion Chip"},{"floor":44,"key":"Bottled Flame"},{"floor":47,"key":"Ancient Tea Set"},{"floor":48,"key":"Du-Vu Doll"},{"floor":54,"key":"Singing Bowl"}],"event_choices":[{"damage_healed":0,"gold_gain":0,"cards_transformed":["Strike_B"],"player_choice":"Transformed","damage_taken":0,"max_hp_gain":0,"max_hp_loss":0,"event_name":"Transmorgrifier","floor":4,"gold_loss":0,"cards_obtained":["Self Repair"]},{"damage_healed":0,"gold_gain":75,"player_choice":"Touch","damage_taken":7,"max_hp_gain":0,"max_hp_loss":0,"event_name":"FaceTrader","floor":19,"gold_loss":0},{"damage_healed":0,"gold_gain":0,"player_choice":"Ignored","damage_taken":0,"max_hp_gain":0,"max_hp_loss":0,"event_name":"Vampires","floor":24,"gold_loss":0},{"cards_removed":["Strike_B"],"damage_healed":0,"gold_gain":0,"player_choice":"Purged","damage_taken":0,"max_hp_gain":0,"max_hp_loss":0,"event_name":"Purifier","floor":28,"gold_loss":0},{"damage_healed":0,"gold_gain":0,"player_choice":"Ignored","damage_taken":0,"max_hp_gain":0,"max_hp_loss":0,"event_name":"Tomb of Lord Red Mask","floor":38,"gold_loss":0},{"damage_healed":0,"gold_gain":0,"player_choice":"Fight","damage_taken":0,"max_hp_gain":0,"max_hp_loss":0,"event_name":"MindBloom","floor":48,"gold_loss":0}],"is_beta":true,"boss_relics":[{"not_picked":["Eternal Feather","Tiny House"],"picked":"Empty Cage"},{"not_picked":["Runic Pyramid","White Beast Statue"],"picked":"Cursed Key"}],"items_purged_floors":[46],"is_endless":false,"potions_floor_spawned":[2,7,12,13,30,31,33,37,39,40,41,48],"ascension_level":1}