{"gold_per_floor":[116,116,130,142,162,162,197,197,222,222,222,250,264,275,275,275],"floor_reached":16,"playtime":445,"items_purged":[],"score":224,"play_id":"f8d87aa3-6a5a-4a63-b1cd-3da9a7ac4853","local_time":"20190220220719","is_ascension_mode":true,"campfire_choices":[{"data":"Whirlwind","floor":6.0,"key":"SMITH"},{"floor":11.0,"key":"REST"},{"data":"Uppercut","floor":15.0,"key":"SMITH"}],"neow_cost":"NONE","seed_source_timestamp":162886353923800,"circlet_count":0,"master_deck":["AscendersBane","Strike_R","Strike_R+1","Strike_R","Strike_R","Strike_R+1","Defend_R+1","Defend_R","Defend_R+1","Defend_R","Bash","Clothesline","Twin Strike","Shrug It Off","Whirlwind+1","Limit Break","Uppercut+1","Heavy Blade"],"special_seed":0,"relics":["Burning Blood","War Paint","Lantern","Regal Pillow","Centennial Puzzle"],"potions_floor_usage":[16],"damage_taken":[{"damage":3.0,"enemies":"2 Louse","floor":1.0,"turns":3.0},{"damage":5.0,"enemies":"Cultist","floor":3.0,"turns":5.0},{"damage":5.0,"enemies":"Jaw Worm","floor":4.0,"turns":4.0},{"damage":3.0,"enemies":"Looter","floor":5.0,"turns":3.0},{"damage":46.0,"enemies":"Gremlin Nob","floor":7.0,"turns":5.0},{"damage":15.0,"enemies":"Lagavulin","floor":12.0,"turns":5.0},{"damage":6.0,"enemies":"Red Slaver","floor":13.0,"turns":3.0},{"damage":1.0,"enemies":"Blue Slaver","floor":14.0,"turns":3.0},{"damage":46,"enemies":"The Guardian","floor":16,"turns":11}],"seed_played":"3334387249424724727","potions_obtained":[{"floor":1.0,"key":"SneckoOil"},{"floor":3.0,"key":"AttackPotion"},{"floor":5.0,"key":"EssenceOfSteel"},{"floor":7.0,"key":"Strength Potion"},{"floor":13.0,"key":"Ancient Potion"}],"is_trial":false,"path_per_floor":["M","?","M","M","M","R","E","?","T","?","R","E","M","M","R","B"],"character_chosen":"IRONCLAD","items_purchased":[],"campfire_rested":1,"item_purchase_floors":[],"current_hp_per_floor":[71,71,72,73,75,75,35,12,12,12,49,40,40,45,45,0],"gold":275,"neow_bonus":"RANDOM_COMMON_RELIC","is_prod":false,"is_daily":false,"chose_seed":false,"campfire_upgraded":2,"win_rate":0,"timestamp":1550668039,"path_taken":["M","?","?","M","M","R","E","?","T","?","R","E","M","?","R","BOSS"],"build_version":"2019-01-23","purchased_purges":0,"victory":false,"max_hp_per_floor":[75,75,75,75,75,75,75,75,75,75,75,75,75,75,75,75],"card_choices":[{"not_picked":["Wild Strike","Sever Soul"],"picked":"Clothesline","floor":1.0},{"not_picked":["Wild Strike","Intimidate"],"picked":"Twin Strike","floor":3.0},{"not_picked":["Thunderclap","Warcry"],"picked":"Shrug It Off","floor":4.0},{"not_picked":["Wild Strike","Corruption"],"picked":"Whirlwind","floor":5.0},{"not_picked":["Intimidate","Fire Breathing"],"picked":"Limit Break","floor":7.0},{"not_picked":["Rampage","Thunderclap","True Grit"],"picked":"SKIP","floor":12.0},{"not_picked":["Burning Pact","True Grit"],"picked":"Uppercut","floor":13.0},{"not_picked":["Combust","True Grit"],"picked":"Heavy Blade","floor":14.0}],"player_experience":1148387,"relics_obtained":[{"floor":7.0,"key":"Lantern"},{"floor":9.0,"key":"Regal Pillow"},{"floor":12.0,"key":"Centennial Puzzle"}],"event_choices":[{"damage_healed":0.0,"max_hp_gain":0.0,"max_hp_loss":0.0,"gold_gain":0.0,"event_name":"Wheel of Change","player_choice":"Cursed","floor":2.0,"gold_loss":0.0,"damage_taken":0.0,"cards_obtained":["Decay"]},{"damage_healed":0.0,"max_hp_gain":0.0,"max_hp_loss":0.0,"gold_gain":0.0,"event_name":"Shining Light","player_choice":"Entered Light","floor":8.0,"gold_loss":0.0,"damage_taken":23.0,"cards_upgraded":["Strike_R","Strike_R"]},{"cards_removed":["Decay"],"damage_healed":0.0,"max_hp_gain":0.0,"max_hp_loss":0.0,"gold_gain":0.0,"event_name":"Fountain of Cleansing","player_choice":"Removed Curses","floor":10.0,"gold_loss":0.0,"damage_taken":0.0}],"is_beta":false,"boss_relics":[],"items_purged_floors":[],"is_endless":false,"potions_floor_spawned":[1,3,5,7,13],"killed_by":"The Guardian","ascension_level":20}