{"gold_per_floor":[15,33,33,44,62,93,106,137,137,148,148,148,173,185,197,281,293,316,328,340],"floor_reached":20,"playtime":1018,"items_purged":[],"score":388,"play_id":"5dd940d0-ecfa-4999-8ac4-996265167809","local_time":"20190221114205","is_ascension_mode":true,"campfire_choices":[{"floor":11.0,"key":"REST"},{"floor":15.0,"key":"REST"}],"neow_cost":"NO_GOLD","seed_source_timestamp":94977758308310,"circlet_count":0,"master_deck":["AscendersBane","Defend_G","Defend_G","Defend_G","Defend_G","Defend_G","Strike_G","Strike_G","Strike_G","Survivor","Neutralize","Quick Slash","Dash","Caltrops","Poisoned Stab","Dagger Spray","Deflect","Corpse Explosion","Flying Knee","Backflip","Escape Plan","Flying Knee","Glass Knife","Leg Sweep","Night Terror","Phantasmal Killer"],"special_seed":0,"relics":["Ring of the Snake","Prayer Wheel","Ginger","Pantograph","Orichalcum","MawBank","Coffee Dripper"],"potions_floor_usage":[],"damage_taken":[{"damage":17.0,"enemies":"Jaw Worm","floor":1.0,"turns":11.0},{"damage":1.0,"enemies":"Small Slimes","floor":2.0,"turns":4.0},{"damage":0.0,"enemies":"2 Louse","floor":4.0,"turns":3.0},{"damage":0.0,"enemies":"Exordium Wildlife","floor":5.0,"turns":3.0},{"damage":10.0,"enemies":"3 Sentries","floor":6.0,"turns":9.0},{"damage":1.0,"enemies":"3 Louse","floor":7.0,"turns":3.0},{"damage":31.0,"enemies":"Lagavulin","floor":8.0,"turns":8.0},{"damage":2.0,"enemies":"Blue Slaver","floor":10.0,"turns":4.0},{"damage":11.0,"enemies":"3 Sentries","floor":13.0,"turns":4.0},{"damage":50.0,"enemies":"Slime Boss","floor":16.0,"turns":12.0},{"damage":31.0,"enemies":"Spheric Guardian","floor":18.0,"turns":6.0},{"damage":29,"enemies":"Colosseum Slavers","floor":20,"turns":3}],"seed_played":"3781164333979102732","potions_obtained":[{"floor":1.0,"key":"Block Potion"},{"floor":4.0,"key":"Regen Potion"},{"floor":6.0,"key":"Block Potion"},{"floor":8.0,"key":"EssenceOfSteel"}],"is_trial":false,"path_per_floor":["M","M","?","M","M","E","M","E","T","M","R","?","E","?","R","B",null,"M","?","?"],"character_chosen":"THE_SILENT","items_purchased":[],"campfire_rested":2,"item_purchase_floors":[],"current_hp_per_floor":[42,41,41,41,41,46,45,14,14,12,31,31,20,20,39,14,53,22,22,0],"gold":340,"neow_bonus":"ONE_RARE_RELIC","is_prod":false,"is_daily":false,"chose_seed":false,"campfire_upgraded":0,"win_rate":0,"timestamp":1550767325,"path_taken":["M","M","?","M","M","E","M","E","T","M","R","?","E","?","R","BOSS","M","?","?"],"build_version":"2019-01-23","purchased_purges":0,"victory":false,"max_hp_per_floor":[66,66,66,66,66,66,66,66,66,66,66,66,66,66,66,66,66,66,66,66],"card_choices":[{"not_picked":["Infinite Blades","Concentrate"],"picked":"Quick Slash","floor":1.0},{"not_picked":["Blade Dance","Dagger Spray"],"picked":"Dash","floor":1.0},{"not_picked":["Expertise","Acrobatics"],"picked":"Caltrops","floor":2.0},{"not_picked":["Venomology","Underhanded Strike"],"picked":"Poisoned Stab","floor":2.0},{"not_picked":["Distraction","Underhanded Strike"],"picked":"Dagger Spray","floor":4.0},{"not_picked":["Underhanded Strike","Eviscerate","Bane"],"picked":"SKIP","floor":4.0},{"not_picked":["Tools of the Trade","Blade Dance"],"picked":"Deflect","floor":5.0},{"not_picked":["Quick Slash","Blade Dance","Terror"],"picked":"SKIP","floor":5.0},{"not_picked":["Flying Knee","Caltrops"],"picked":"Corpse Explosion","floor":6.0},{"not_picked":["PiercingWail","Deflect"],"picked":"Flying Knee","floor":7.0},{"not_picked":["Calculated Gamble","Deflect"],"picked":"Backflip","floor":7.0},{"not_picked":["Reflex","Deadly Poison"],"picked":"Escape Plan","floor":8.0},{"not_picked":["Riddle With Holes","Underhanded Strike"],"picked":"Flying Knee","floor":10.0},{"not_picked":["Backflip","Masterful Stab","Deflect"],"picked":"SKIP","floor":10.0},{"not_picked":["Flechettes","Eviscerate","Caltrops"],"picked":"SKIP","floor":13.0},{"not_picked":["Night Terror","Envenom"],"picked":"Glass Knife","floor":16.0},{"not_picked":["Poisoned Stab","Sucker Punch"],"picked":"Leg Sweep","floor":18.0},{"not_picked":["Bane","Poisoned Stab","Acrobatics"],"picked":"SKIP","floor":18.0}],"player_experience":975116,"relics_obtained":[{"floor":6.0,"key":"Ginger"},{"floor":8.0,"key":"Pantograph"},{"floor":9.0,"key":"Orichalcum"},{"floor":13.0,"key":"MawBank"}],"event_choices":[{"damage_healed":0.0,"max_hp_gain":0.0,"max_hp_loss":0.0,"gold_gain":0.0,"event_name":"The Cleric","player_choice":"Leave","floor":3.0,"gold_loss":0.0,"damage_taken":0.0},{"damage_healed":0.0,"max_hp_gain":0.0,"max_hp_loss":0.0,"gold_gain":0.0,"event_name":"Liars Game","player_choice":"Ignored","floor":12.0,"gold_loss":0.0,"damage_taken":0.0},{"damage_healed":0.0,"max_hp_gain":0.0,"max_hp_loss":0.0,"gold_gain":0.0,"event_name":"Dead Adventurer","player_choice":"Searched \u00270\u0027 times","floor":14.0,"gold_loss":0.0,"damage_taken":0.0},{"damage_healed":0.0,"max_hp_gain":0.0,"max_hp_loss":0.0,"gold_gain":0.0,"cards_transformed":["Strike_G","Strike_G"],"event_name":"Drug Dealer","player_choice":"Became Test Subject","floor":19.0,"gold_loss":0.0,"damage_taken":0.0,"cards_obtained":["Night Terror","Phantasmal Killer"]},{"damage_healed":0,"gold_gain":0,"player_choice":"Fight","damage_taken":0,"max_hp_gain":0,"max_hp_loss":0,"event_name":"Colosseum","floor":20,"gold_loss":0}],"is_beta":false,"boss_relics":[{"not_picked":["Runic Pyramid","Velvet Choker"],"picked":"Coffee Dripper"}],"items_purged_floors":[],"is_endless":false,"potions_floor_spawned":[1,4,6,8],"killed_by":"Colosseum Slavers","ascension_level":20}