{"gold_per_floor":[109,209,95,111,122,156,156,156,156,156,28,40,52,67,67,170,170,140,103,119,30,30],"floor_reached":22,"playtime":1082,"items_purged":["Strike_G"],"score":288,"play_id":"d9ed9f97-94de-4e5f-8954-e9a094021a30","local_time":"20190216195433","is_ascension_mode":true,"campfire_choices":[{"data":"Dagger Throw","floor":7,"key":"SMITH"},{"data":"Cloak And Dagger","floor":10,"key":"SMITH"},{"floor":15,"key":"REST"}],"neow_cost":"NONE","seed_source_timestamp":22795809689729,"circlet_count":0,"master_deck":["AscendersBane","Defend_G","Defend_G","Defend_G","Defend_G","Defend_G","Strike_G","Strike_G","Strike_G","Strike_G","Survivor","Neutralize","Footwork","Well Laid Plans","Sucker Punch","Cloak And Dagger+1","Dagger Throw+1","PiercingWail","Poisoned Stab","Quick Slash","Dagger Throw","Doppelganger","Blade Dance","Dash","Slice","Flash of Steel"],"relics":["Ring of the Snake","NeowsBlessing","Bottled Lightning","GremlinMask","Oddly Smooth Stone","Black Star"],"potions_floor_usage":[16,16,18],"damage_taken":[{"damage":0,"enemies":"Jaw Worm","floor":1,"turns":1},{"damage":0,"enemies":"Cultist","floor":4,"turns":1},{"damage":0,"enemies":"2 Louse","floor":5,"turns":1},{"damage":37,"enemies":"Lagavulin","floor":6,"turns":13},{"damage":11,"enemies":"Lots of Slimes","floor":12,"turns":6},{"damage":0,"enemies":"Gremlin Gang","floor":13,"turns":6},{"damage":9,"enemies":"Blue Slaver","floor":14,"turns":3},{"damage":26,"enemies":"The Guardian","floor":16,"turns":16},{"damage":23,"enemies":"2 Thieves","floor":18,"turns":5},{"damage":13,"enemies":"3 Byrds","floor":20,"turns":8},{"damage":21,"enemies":"Snecko","floor":22,"turns":3}],"seed_played":"-5501371363129566287","potions_obtained":[{"floor":1,"key":"SpeedPotion"},{"floor":5,"key":"Energy Potion"},{"floor":16,"key":"SkillPotion"}],"is_trial":false,"path_per_floor":["M","?","$","M","M","E","R","?","T","R","$","M","M","M","R","B",null,"M","$","M","$","M"],"character_chosen":"THE_SILENT","items_purchased":["Well Laid Plans","Sucker Punch","PiercingWail","Dash","Flash of Steel"],"campfire_rested":1,"item_purchase_floors":[3,3,11,19,21],"current_hp_per_floor":[63,63,63,63,63,26,26,26,26,26,26,15,15,6,27,1,53,30,30,17,17,0],"gold":30,"neow_bonus":"THREE_ENEMY_KILL","is_prod":false,"is_daily":false,"chose_seed":false,"campfire_upgraded":2,"win_rate":0,"timestamp":1550375673,"path_taken":["M","?","$","?","M","E","R","?","T","R","$","M","M","?","R","BOSS","M","$","?","$","M"],"build_version":"2019-01-23","purchased_purges":1,"victory":false,"max_hp_per_floor":[70,70,70,70,70,70,70,70,70,70,70,70,70,70,70,70,70,70,70,70,70,70],"card_choices":[{"not_picked":["Accuracy","Bane"],"picked":"Footwork","floor":1},{"not_picked":["Accuracy","Slice"],"picked":"Cloak And Dagger","floor":4},{"not_picked":["Riddle With Holes","Setup","Masterful Stab"],"picked":"SKIP","floor":5},{"not_picked":["Predator","Dagger Throw","Sucker Punch"],"picked":"SKIP","floor":6},{"not_picked":["Predator","Sucker Punch"],"picked":"Dagger Throw","floor":6},{"not_picked":["Bane","Dagger Throw"],"picked":"Poisoned Stab","floor":12},{"not_picked":["Sucker Punch","Slice"],"picked":"Quick Slash","floor":13},{"not_picked":["Dodge and Roll","Underhanded Strike"],"picked":"Dagger Throw","floor":14},{"not_picked":["Night Terror","Tools of the Trade"],"picked":"Doppelganger","floor":16},{"not_picked":["PiercingWail","Finisher"],"picked":"Blade Dance","floor":18},{"not_picked":["Endless Agony","Distraction"],"picked":"Slice","floor":20}],"player_experience":187970,"relics_obtained":[{"floor":6,"key":"Bottled Lightning"},{"floor":9,"key":"Oddly Smooth Stone"}],"event_choices":[{"damage_healed":0,"gold_gain":100,"player_choice":"Pray","damage_taken":0,"max_hp_gain":0,"max_hp_loss":0,"event_name":"Golden Shrine","floor":2,"gold_loss":0},{"damage_healed":0,"gold_gain":0,"player_choice":"Trade","damage_taken":0,"relics_obtained":["GremlinMask"],"max_hp_gain":0,"max_hp_loss":0,"event_name":"FaceTrader","floor":8,"gold_loss":0}],"is_beta":false,"boss_relics":[{"not_picked":["White Beast Statue","Cursed Key"],"picked":"Black Star"}],"items_purged_floors":[11],"is_endless":false,"potions_floor_spawned":[1,5,12,16],"killed_by":"Snecko","ascension_level":11}