{"gold_per_floor":[119,119,48,48,66,98,109,34,102,102,134,34,67,78,78,175,175,186,186,198,198,213,240,240,272,272,289,289,315,332,32,32,137,137,154,154,165,165,184,219,219,250,250,283,283,283,27,47,47,47,47,47,47,81,81],"floor_reached":55,"playtime":2948,"items_purged":["Strike_R","Strike_R"],"score":1035,"play_id":"ebec2bc7-1479-4ff6-bcf3-c7baf4079359","local_time":"20181124162625","is_ascension_mode":true,"campfire_choices":[{"data":"Feel No Pain","floor":10,"key":"SMITH"},{"data":"Burning Pact","floor":15,"key":"SMITH"},{"data":"True Grit","floor":24,"key":"SMITH"},{"floor":32,"key":"REST"},{"data":"True Grit","floor":41,"key":"SMITH"},{"floor":49,"key":"RECALL"},{"data":"Armaments","floor":52,"key":"SMITH"}],"neow_cost":"NONE","seed_source_timestamp":40559154875616,"circlet_count":0,"master_deck":["Strike_R","Strike_R+1","Defend_R","Defend_R+1","Defend_R+1","Defend_R","Bash","Feel No Pain+1","Rampage+1","True Grit+1","Burning Pact+1","True Grit+1","Offering","Juggernaut+1","True Grit+1","Double Tap","Shrug It Off","Brutality+1","Impatience","Shrug It Off+1","Mayhem+1","Impatience","Armaments+1"],"relics":["Burning Blood","NeowsBlessing","Centennial Puzzle","Kunai","Blood Vial","Busted Crown","Nloth\u0027s Gift","Frozen Egg 2","Boot","Sundial","Dodecahedron","Mummified Hand","White Beast Statue","PreservedInsect","Bottled Lightning","Orichalcum","War Paint"],"potions_floor_usage":[11,23,25,39,40,40,55,55],"damage_taken":[{"damage":0,"enemies":"2 Louse","floor":1,"turns":1},{"damage":0,"enemies":"Jaw Worm","floor":5,"turns":1},{"damage":0,"enemies":"3 Sentries","floor":6,"turns":1},{"damage":0,"enemies":"Cultist","floor":7,"turns":4},{"damage":27,"enemies":"Gremlin Nob","floor":11,"turns":5},{"damage":13,"enemies":"3 Sentries","floor":13,"turns":10},{"damage":6,"enemies":"Large Slime","floor":14,"turns":5},{"damage":15,"enemies":"Hexaghost","floor":16,"turns":7},{"damage":11,"enemies":"3 Byrds","floor":18,"turns":4},{"damage":5,"enemies":"Spheric Guardian","floor":20,"turns":4},{"damage":6,"enemies":"Centurion and Healer","floor":22,"turns":5},{"damage":19,"enemies":"Slavers","floor":23,"turns":6},{"damage":6,"enemies":"Book of Stabbing","floor":25,"turns":5},{"damage":6,"enemies":"Chosen and Byrds","floor":27,"turns":6},{"damage":25,"enemies":"Slavers","floor":29,"turns":5},{"damage":6,"enemies":"Snake Plant","floor":30,"turns":2},{"damage":36,"enemies":"Automaton","floor":33,"turns":7},{"damage":9,"enemies":"Orb Walker","floor":35,"turns":4},{"damage":9,"enemies":"3 Shapes","floor":37,"turns":3},{"damage":7,"enemies":"Spire Growth","floor":39,"turns":6},{"damage":10,"enemies":"Reptomancer","floor":40,"turns":5},{"damage":48,"enemies":"Nemesis","floor":42,"turns":5},{"damage":6,"enemies":"Giant Head","floor":44,"turns":6},{"damage":8,"enemies":"Jaw Worm Horde","floor":48,"turns":3},{"damage":11,"enemies":"Donu and Deca","floor":50,"turns":6},{"damage":10,"enemies":"Shield and Spear","floor":54,"turns":5},{"damage":75,"enemies":"The Heart","floor":55,"turns":3}],"seed_played":"4324837280476338586","potions_obtained":[{"floor":1,"key":"Regen Potion"},{"floor":5,"key":"Strength Potion"},{"floor":13,"key":"Strength Potion"},{"floor":14,"key":"SpeedPotion"},{"floor":16,"key":"Dexterity Potion"},{"floor":23,"key":"PowerPotion"},{"floor":30,"key":"SpeedPotion"},{"floor":37,"key":"LiquidBronze"},{"floor":39,"key":"EssenceOfSteel"},{"floor":40,"key":"FairyPotion"},{"floor":42,"key":"GamblersBrew"},{"floor":44,"key":"Energy Potion"},{"floor":48,"key":"Dexterity Potion"}],"is_trial":false,"path_per_floor":["M","?","$","?","M","E","M","$","T","R","E","$","E","M","R","B",null,"M","?","M","?","M","E","R","E","T","M","?","E","M","$","R","B",null,"M","?","M","?","M","E","R","E","T","E","?","?","$","M","R","B",null,"R","$","E","B"],"character_chosen":"IRONCLAD","items_purchased":["Rampage","Mummified Hand","Shrug It Off","Mayhem+1","Impatience"],"campfire_rested":1,"item_purchase_floors":[3,31,31,47,47],"current_hp_per_floor":[80,73,73,57,63,69,75,75,75,75,54,54,47,49,49,42,80,75,60,63,63,65,69,69,71,71,73,73,56,58,58,83,55,85,82,82,81,71,72,70,70,30,30,32,74,70,70,68,68,65,70,70,70,66,0],"gold":81,"neow_bonus":"THREE_ENEMY_KILL","is_prod":false,"is_daily":false,"chose_seed":false,"campfire_upgraded":5,"win_rate":0,"timestamp":1543094785,"path_taken":["M","?","$","?","M","E","M","$","T","R","E","$","E","M","R","BOSS","M","?","M","?","M","E","R","E","T","?","?","E","?","?","R","BOSS","M","?","M","?","M","E","R","E","T","E","?","?","?","M","R","BOSS","R","$","E","BOSS"],"build_version":"2018-11-15","purchased_purges":2,"victory":false,"max_hp_per_floor":[80,80,80,80,80,80,80,80,80,80,80,80,80,80,80,80,80,80,85,85,85,85,85,85,85,85,85,85,85,85,85,85,85,85,85,85,85,85,85,85,85,85,85,85,74,70,70,70,70,70,70,70,70,70,70],"card_choices":[{"not_picked":["Flex","Wild Strike"],"picked":"Feel No Pain","floor":1},{"not_picked":["Pommel Strike","Spot Weakness"],"picked":"True Grit","floor":5},{"not_picked":["Warcry","Flex"],"picked":"Burning Pact","floor":6},{"not_picked":["Cleave","Seeing Red"],"picked":"True Grit","floor":7},{"not_picked":["Corruption","Pommel Strike"],"picked":"Offering","floor":11},{"not_picked":["Wild Strike","Bloodletting","Reckless Charge"],"picked":"SKIP","floor":13},{"not_picked":["Rampage","Body Slam","Infernal Blade"],"picked":"SKIP","floor":14},{"not_picked":["Brutality","Berserk"],"picked":"Juggernaut","floor":16},{"not_picked":[],"picked":"True Grit+1","floor":18},{"not_picked":["Dual Wield"],"picked":"SKIP","floor":20},{"not_picked":["Ghostly Armor+1"],"picked":"SKIP","floor":22},{"not_picked":[],"picked":"Double Tap","floor":23},{"not_picked":["Heavy Blade"],"picked":"SKIP","floor":25},{"not_picked":["Heavy Blade+1"],"picked":"SKIP","floor":27},{"not_picked":["Bludgeon"],"picked":"SKIP","floor":29},{"not_picked":["Wild Strike"],"picked":"SKIP","floor":30},{"not_picked":[],"picked":"Brutality+1","floor":33},{"not_picked":["Armaments+1"],"picked":"SKIP","floor":35},{"not_picked":["Wild Strike"],"picked":"SKIP","floor":37},{"not_picked":[],"picked":"Impatience","floor":38},{"not_picked":["Clash"],"picked":"SKIP","floor":39},{"not_picked":[],"picked":"Shrug It Off+1","floor":40},{"not_picked":["Inflame+1"],"picked":"SKIP","floor":42},{"not_picked":["Disarm"],"picked":"SKIP","floor":44},{"not_picked":[],"picked":"Armaments","floor":48},{"not_picked":["Combust+1"],"picked":"SKIP","floor":54}],"player_experience":3531301,"relics_obtained":[{"floor":6,"key":"Centennial Puzzle"},{"floor":9,"key":"Kunai"},{"floor":11,"key":"Shuriken"},{"floor":13,"key":"Blood Vial"},{"floor":23,"key":"Frozen Egg 2"},{"floor":25,"key":"Boot"},{"floor":26,"key":"Sundial"},{"floor":29,"key":"Dodecahedron"},{"floor":40,"key":"PreservedInsect"},{"floor":42,"key":"Bottled Lightning"},{"floor":44,"key":"Orichalcum"},{"floor":54,"key":"War Paint"}],"event_choices":[{"cards_removed":["Strike_R"],"damage_healed":0,"gold_gain":0,"player_choice":"Card Removal","damage_taken":7,"max_hp_gain":0,"max_hp_loss":0,"event_name":"Golden Wing","floor":2,"gold_loss":0},{"damage_healed":0,"gold_gain":0,"player_choice":"Entered Light","damage_taken":16,"max_hp_gain":0,"max_hp_loss":0,"event_name":"Shining Light","floor":4,"gold_loss":0,"cards_upgraded":["Rampage","Strike_R"]},{"damage_healed":0,"gold_gain":0,"player_choice":"Shed Blood","damage_taken":20,"max_hp_gain":5,"max_hp_loss":0,"event_name":"Forgotten Altar","floor":19,"gold_loss":0},{"damage_healed":0,"gold_gain":0,"player_choice":"Traded Relic","damage_taken":0,"relics_obtained":["Nloth\u0027s Gift"],"max_hp_gain":0,"max_hp_loss":0,"event_name":"N\u0027loth","floor":21,"relics_lost":["Shuriken"],"gold_loss":0},{"damage_healed":0,"gold_gain":0,"player_choice":"Forge","damage_taken":0,"max_hp_gain":0,"max_hp_loss":0,"event_name":"Accursed Blacksmith","floor":28,"gold_loss":0,"cards_upgraded":["Juggernaut"]},{"damage_healed":0,"gold_gain":0,"player_choice":"Ignored","damage_taken":0,"max_hp_gain":0,"max_hp_loss":0,"event_name":"Mysterious Sphere","floor":36,"gold_loss":0},{"damage_healed":0,"gold_gain":0,"player_choice":"Memory 3","damage_taken":10,"max_hp_gain":0,"max_hp_loss":0,"event_name":"SensoryStone","floor":38,"gold_loss":0},{"damage_healed":74,"gold_gain":0,"player_choice":"Heal","damage_taken":0,"max_hp_gain":0,"max_hp_loss":11,"event_name":"The Moai Head","floor":45,"gold_loss":0},{"damage_healed":0,"gold_gain":0,"player_choice":"Max HP","damage_taken":0,"max_hp_gain":0,"max_hp_loss":4,"event_name":"Winding Halls","floor":46,"gold_loss":0}],"is_beta":true,"boss_relics":[{"not_picked":["Runic Pyramid","Eternal Feather"],"picked":"Busted Crown"},{"not_picked":["Snecko Eye","Philosopher\u0027s Stone"],"picked":"White Beast Statue"}],"items_purged_floors":[8,12],"is_endless":false,"potions_floor_spawned":[1,5,13,14,16,18,23,30,35,37,39,40,42,44,48,54],"killed_by":"The Heart","ascension_level":1}