{"gold_per_floor":[113,131,131,147,162,162,190,190,190,190,217,217,230,256,256,351,351,365,365,385,345,142,142,167,167,191,217,230,243,260,175,175,276,276,293,311,311,326,336,371,384,412,438,438,438,449,28,61,61,61,61,61,12,39,39],"floor_reached":55,"playtime":6662,"items_purged":["Writhe"],"score":965,"play_id":"80b47ffc-d4bb-47db-af15-c037ceaa6b49","local_time":"20190214140306","is_ascension_mode":true,"campfire_choices":[{"data":"Shrug It Off","floor":6.0,"key":"SMITH"},{"data":"Shrug It Off","floor":8.0,"key":"SMITH"},{"data":"Metallicize","floor":12.0,"key":"SMITH"},{"data":"Offering","floor":15.0,"key":"SMITH"},{"data":"Double Tap","floor":23.0,"key":"SMITH"},{"data":"Evolve","floor":25.0,"key":"SMITH"},{"data":"Carnage","floor":32.0,"key":"SMITH"},{"floor":49.0,"key":"RECALL"},{"data":"Disarm","floor":52.0,"key":"SMITH"}],"neow_cost":"NONE","seed_source_timestamp":1356927461546500,"circlet_count":0,"master_deck":["Strike_R+1","Strike_R+1","Strike_R+1","Strike_R","Strike_R","Defend_R+1","Defend_R","Defend_R","Defend_R","Bash+1","Shrug It Off+1","Shockwave","Shrug It Off+1","Evolve+1","Metallicize+1","Shockwave","Uppercut","Offering+1","Double Tap+1","Whirlwind+1","Metallicize+1","Metallicize","Carnage+1","Inflame+1","Offering","Flex+1","Whirlwind+1","Armaments+1","Pommel Strike+1","Warcry+1","Intimidate+1","Reaper+1","True Grit+1","Disarm+1","Dropkick+1","Inflame"],"special_seed":0,"relics":["Burning Blood","Bronze Scales","Orichalcum","Bottled Tornado","Lantern","Mark of Pain","DollysMirror","Dream Catcher","Blue Candle","Pen Nib","Black Star","Gremlin Horn","Charon\u0027s Ashes","Smiling Mask","Potion Belt","Centennial Puzzle","Torii","Strawberry","Whetstone","Champion Belt"],"potions_floor_usage":[55,55,55,55,55],"damage_taken":[{"damage":2.0,"enemies":"Jaw Worm","floor":1.0,"turns":5.0},{"damage":3.0,"enemies":"Cultist","floor":2.0,"turns":4.0},{"damage":2.0,"enemies":"Small Slimes","floor":4.0,"turns":3.0},{"damage":7.0,"enemies":"3 Louse","floor":5.0,"turns":5.0},{"damage":16.0,"enemies":"3 Sentries","floor":7.0,"turns":11.0},{"damage":25.0,"enemies":"Gremlin Nob","floor":11.0,"turns":5.0},{"damage":0.0,"enemies":"Exordium Wildlife","floor":13.0,"turns":4.0},{"damage":1.0,"enemies":"Lagavulin","floor":14.0,"turns":8.0},{"damage":39.0,"enemies":"Slime Boss","floor":16.0,"turns":15.0},{"damage":0.0,"enemies":"3 Byrds","floor":18.0,"turns":4.0},{"damage":7.0,"enemies":"2 Thieves","floor":20.0,"turns":4.0},{"damage":2.0,"enemies":"Book of Stabbing","floor":24.0,"turns":6.0},{"damage":6.0,"enemies":"Gremlin Leader","floor":27.0,"turns":4.0},{"damage":18.0,"enemies":"Centurion and Healer","floor":28.0,"turns":6.0},{"damage":0.0,"enemies":"Snecko","floor":29.0,"turns":5.0},{"damage":0.0,"enemies":"Chosen and Byrds","floor":30.0,"turns":5.0},{"damage":10.0,"enemies":"Champ","floor":33.0,"turns":9.0},{"damage":8.0,"enemies":"3 Shapes","floor":35.0,"turns":6.0},{"damage":17.0,"enemies":"3 Darklings","floor":36.0,"turns":5.0},{"damage":15.0,"enemies":"Spire Growth","floor":38.0,"turns":3.0},{"damage":9.0,"enemies":"Jaw Worm Horde","floor":39.0,"turns":3.0},{"damage":25.0,"enemies":"Giant Head","floor":40.0,"turns":7.0},{"damage":0.0,"enemies":"4 Shapes","floor":41.0,"turns":9.0},{"damage":41.0,"enemies":"Nemesis","floor":42.0,"turns":5.0},{"damage":11.0,"enemies":"3 Darklings","floor":46.0,"turns":14.0},{"damage":12.0,"enemies":"Reptomancer","floor":48.0,"turns":3.0},{"damage":42.0,"enemies":"Donu and Deca","floor":50.0,"turns":8.0},{"damage":17,"enemies":"Shield and Spear","floor":54,"turns":8},{"damage":97,"enemies":"The Heart","floor":55,"turns":8}],"seed_played":"-3294589622238378386","potions_obtained":[{"floor":4.0,"key":"AttackPotion"},{"floor":7.0,"key":"SpeedPotion"},{"floor":14.0,"key":"Fire Potion"},{"floor":16.0,"key":"FearPotion"},{"floor":24.0,"key":"LiquidBronze"},{"floor":28.0,"key":"EssenceOfSteel"},{"floor":36.0,"key":"SteroidPotion"},{"floor":46.0,"key":"Dexterity Potion"},{"floor":48.0,"key":"Regen Potion"},{"floor":54,"key":"EssenceOfSteel"}],"is_trial":false,"path_per_floor":["M","M","?","M","M","R","E","R","T","?","E","R","M","E","R","B",null,"M","?","M","?","$","R","E","R","T","E","M","M","M","?","R","B",null,"M","M","?","M","M","E","M","E","T","?","?","M","$","E","R","B",null,"R","$","E","B"],"character_chosen":"IRONCLAD","items_purchased":["DollysMirror","Torii","Disarm","Block Potion","Block Potion"],"campfire_rested":0,"item_purchase_floors":[22,47,47,47,53],"current_hp_per_floor":[80,80,64,68,67,67,57,57,57,62,43,43,49,54,54,21,85,85,85,84,84,84,84,85,85,85,85,73,79,85,85,85,81,85,83,72,72,63,60,41,47,12,12,33,33,44,44,45,45,24,92,92,92,81,0],"gold":39,"neow_bonus":"UPGRADE_CARD","is_prod":false,"is_daily":false,"chose_seed":false,"campfire_upgraded":8,"win_rate":0,"timestamp":1550149386,"path_taken":["M","M","?","M","M","R","E","R","T","?","E","R","M","E","R","BOSS","M","?","M","?","$","R","E","R","T","E","M","?","M","?","R","BOSS","M","M","?","M","M","E","?","E","T","?","?","?","?","E","R","BOSS","R","$","E","BOSS"],"build_version":"2019-01-23","purchased_purges":1,"victory":false,"max_hp_per_floor":[80,80,80,80,80,80,80,80,80,85,85,85,85,85,85,85,85,85,85,85,85,85,85,85,85,85,85,85,85,85,85,85,85,85,85,85,85,85,85,85,85,85,85,85,85,85,85,92,92,92,92,92,92,92,92],"card_choices":[{"not_picked":["Anger","Feel No Pain"],"picked":"Shrug It Off","floor":1.0},{"not_picked":["Shrug It Off","Thunderclap"],"picked":"Shockwave","floor":2.0},{"not_picked":["Sword Boomerang","Armaments"],"picked":"Shrug It Off","floor":4.0},{"not_picked":["Dropkick","Rupture"],"picked":"Evolve","floor":5.0},{"not_picked":["Warcry","Pommel Strike"],"picked":"Metallicize","floor":7.0},{"not_picked":["Evolve","Rage"],"picked":"Shockwave","floor":11.0},{"not_picked":["Second Wind","Headbutt"],"picked":"Uppercut","floor":13.0},{"not_picked":["Blood for Blood","Shockwave"],"picked":"Offering","floor":14.0},{"not_picked":["Fiend Fire","Exhume"],"picked":"Double Tap","floor":16.0},{"not_picked":["Clash","Cleave"],"picked":"Whirlwind","floor":18.0},{"not_picked":["Clash+1","Hemokinesis","Searing Blow+1"],"picked":"SKIP","floor":20.0},{"not_picked":["Havoc","Twin Strike"],"picked":"Metallicize","floor":24.0},{"not_picked":["Flex","Body Slam"],"picked":"Carnage","floor":27.0},{"not_picked":["Thunderclap","Blood for Blood","Second Wind"],"picked":"SKIP","floor":28.0},{"not_picked":["True Grit","Rage","Rampage"],"picked":"SKIP","floor":29.0},{"not_picked":["Cleave","Ghostly Armor+1"],"picked":"Inflame+1","floor":30.0},{"not_picked":["Barricade","Limit Break"],"picked":"Offering","floor":33.0},{"not_picked":["Clash+1","Blood for Blood"],"picked":"Flex+1","floor":35.0},{"not_picked":["Perfected Strike","Rupture+1"],"picked":"Whirlwind+1","floor":36.0},{"not_picked":["Second Wind","Body Slam+1"],"picked":"Armaments+1","floor":38.0},{"not_picked":["Body Slam+1","Flex+1"],"picked":"Pommel Strike+1","floor":39.0},{"not_picked":["Armaments","Rampage+1"],"picked":"Warcry+1","floor":40.0},{"not_picked":["Fire Breathing+1","Pommel Strike"],"picked":"Intimidate+1","floor":41.0},{"not_picked":["Iron Wave","Havoc"],"picked":"Reaper","floor":42.0},{"not_picked":["Thunderclap+1","Anger+1"],"picked":"True Grit+1","floor":46.0},{"not_picked":["Heavy Blade","Flex+1"],"picked":"Dropkick+1","floor":48.0},{"not_picked":["Shrug It Off+1","Sentinel+1"],"picked":"Inflame","floor":54}],"player_experience":153598,"relics_obtained":[{"floor":7.0,"key":"Bronze Scales"},{"floor":9.0,"key":"Orichalcum"},{"floor":11.0,"key":"Bottled Tornado"},{"floor":14.0,"key":"Lantern"},{"floor":24.0,"key":"Dream Catcher"},{"floor":27.0,"key":"Blue Candle"},{"floor":40.0,"key":"Gremlin Horn"},{"floor":40.0,"key":"Charon\u0027s Ashes"},{"floor":42.0,"key":"Smiling Mask"},{"floor":42.0,"key":"Potion Belt"},{"floor":43.0,"key":"Centennial Puzzle"},{"floor":48.0,"key":"Strawberry"},{"floor":54,"key":"Whetstone"},{"floor":54,"key":"Champion Belt"}],"event_choices":[{"damage_healed":0.0,"max_hp_gain":0.0,"max_hp_loss":0.0,"gold_gain":0.0,"event_name":"Shining Light","player_choice":"Entered Light","floor":3.0,"gold_loss":0.0,"damage_taken":16.0,"cards_upgraded":["Defend_R","Strike_R"]},{"damage_healed":0.0,"max_hp_gain":5.0,"max_hp_loss":0.0,"gold_gain":0.0,"event_name":"Big Fish","player_choice":"Donut","floor":10.0,"gold_loss":0.0,"damage_taken":0.0},{"damage_healed":0.0,"max_hp_gain":0.0,"max_hp_loss":0.0,"gold_gain":0.0,"event_name":"Ghosts","player_choice":"Ignored","floor":19.0,"gold_loss":0.0,"damage_taken":0.0},{"damage_healed":0.0,"max_hp_gain":0.0,"max_hp_loss":0.0,"gold_gain":0.0,"event_name":"Designer","player_choice":"Upgrade","floor":21.0,"gold_loss":40.0,"damage_taken":0.0,"cards_upgraded":["Whirlwind"]},{"damage_healed":0.0,"max_hp_gain":0.0,"max_hp_loss":0.0,"gold_gain":0.0,"event_name":"Addict","player_choice":"Obtained Relic","floor":31.0,"gold_loss":85.0,"damage_taken":0.0,"relics_obtained":["Pen Nib"]},{"damage_healed":0.0,"max_hp_gain":0.0,"max_hp_loss":0.0,"gold_gain":0.0,"event_name":"Match and Keep!","player_choice":"0 cards matched","floor":37.0,"gold_loss":0.0,"damage_taken":0.0,"cards_obtained":[]},{"damage_healed":21.0,"max_hp_gain":0.0,"max_hp_loss":0.0,"gold_gain":0.0,"event_name":"Winding Halls","player_choice":"Writhe","floor":44.0,"gold_loss":0.0,"damage_taken":0.0,"cards_obtained":["Writhe"]},{"damage_healed":0.0,"max_hp_gain":0.0,"max_hp_loss":0.0,"gold_gain":0.0,"event_name":"Upgrade Shrine","player_choice":"Upgraded","floor":45.0,"gold_loss":0.0,"damage_taken":0.0,"cards_upgraded":["Reaper"]}],"is_beta":false,"boss_relics":[{"not_picked":["Black Blood","Runic Dome"],"picked":"Mark of Pain"},{"not_picked":["Runic Cube","Pandora\u0027s Box"],"picked":"Black Star"}],"items_purged_floors":[47],"is_endless":false,"potions_floor_spawned":[4,7,14,16,24,28,30,33,36,38,46,48,54],"killed_by":"The Heart","ascension_level":3}