{"gold_per_floor":[18,30,30,40,54,54,89,89,89,89,102,117,117,135,135,135],"floor_reached":16,"playtime":395,"items_purged":[],"score":208,"play_id":"a4a458be-45ce-433c-9e3d-da8baf224106","local_time":"20190210215119","is_ascension_mode":true,"campfire_choices":[{"data":"Sunder","floor":6,"key":"SMITH"},{"data":"Steam","floor":8,"key":"SMITH"},{"data":"Strike_B","floor":13,"key":"PURGE"},{"floor":15,"key":"REST"}],"neow_cost":"NO_GOLD","seed_source_timestamp":1220234582683300,"circlet_count":0,"master_deck":["AscendersBane","Strike_B","Strike_B","Strike_B","Defend_B","Defend_B","Defend_B","Defend_B","Zap","Dualcast","Swift Strike","Finesse","Rebound+1","Steam+1","Sunder+1","Amplify","Ball Lightning","Rip and Tear","Hyperbeam+1","Ball Lightning","Hologram"],"special_seed":0,"relics":["Cracked Core","Peace Pipe","Blue Candle"],"potions_floor_usage":[11,16],"damage_taken":[{"damage":0.0,"enemies":"2 Louse","floor":1.0,"turns":3.0},{"damage":0.0,"enemies":"Cultist","floor":2.0,"turns":3.0},{"damage":10,"enemies":"Small Slimes","floor":4,"turns":3},{"damage":1,"enemies":"Exordium Wildlife","floor":5,"turns":2},{"damage":19,"enemies":"Lagavulin","floor":7,"turns":6},{"damage":8,"enemies":"Exordium Thugs","floor":11,"turns":3},{"damage":1,"enemies":"Looter","floor":12,"turns":2},{"damage":4,"enemies":"Exordium Wildlife","floor":14,"turns":2},{"damage":36,"enemies":"Hexaghost","floor":16,"turns":7}],"seed_played":"-1599399372778156659","potions_obtained":[{"floor":2.0,"key":"Regen Potion"},{"floor":14,"key":"PowerPotion"}],"is_trial":false,"path_per_floor":["M","M","?","M","M","R","E","R","T","?","M","M","R","M","R","B"],"character_chosen":"DEFECT","items_purchased":[],"campfire_rested":1,"item_purchase_floors":[],"current_hp_per_floor":[64,64,64,54,53,53,34,34,34,13,14,13,13,9,30,0],"gold":135,"neow_bonus":"RANDOM_COLORLESS_2","is_prod":false,"is_daily":false,"chose_seed":false,"campfire_upgraded":2,"win_rate":0,"timestamp":1549803079,"path_taken":["M","M","?","?","M","R","E","R","T","?","M","M","R","M","R","BOSS"],"build_version":"2019-01-23","purchased_purges":0,"victory":false,"max_hp_per_floor":[71,71,71,71,71,71,71,71,71,71,71,71,71,71,71,71],"card_choices":[{"not_picked":["Leap","Coolheaded"],"picked":"Rebound","floor":1.0},{"not_picked":["Steam Power","Leap"],"picked":"Steam","floor":2.0},{"not_picked":["Steam","Rip and Tear"],"picked":"Ball Lightning","floor":4},{"not_picked":["Aggregate","Coolheaded"],"picked":"Rip and Tear","floor":5},{"not_picked":["Chill","Redo"],"picked":"Hyperbeam","floor":7},{"not_picked":["Barrage","Skim"],"picked":"Ball Lightning","floor":11},{"not_picked":["Beam Cell","Compile Driver","Coolheaded"],"picked":"SKIP","floor":12},{"not_picked":["Beam Cell","Compile Driver"],"picked":"Hologram","floor":14}],"player_experience":1114086,"relics_obtained":[{"floor":7,"key":"Peace Pipe"},{"floor":9,"key":"Blue Candle"}],"event_choices":[{"damage_healed":0,"gold_gain":0,"player_choice":"2 cards matched","damage_taken":0,"max_hp_gain":0,"max_hp_loss":0,"event_name":"Match and Keep!","floor":3,"gold_loss":0,"cards_obtained":["Sunder","Amplify"]},{"damage_healed":0,"gold_gain":0,"player_choice":"Entered Light","damage_taken":21,"max_hp_gain":0,"max_hp_loss":0,"event_name":"Shining Light","floor":10,"gold_loss":0,"cards_upgraded":["Hyperbeam","Rebound"]}],"is_beta":false,"boss_relics":[],"items_purged_floors":[],"is_endless":false,"potions_floor_spawned":[2,14],"killed_by":"Hexaghost","ascension_level":20}