{"gold_per_floor":[113,113,124,124,140,153,153,194,194,194,207,207,247,247,247,338,338,361,361,375,375],"floor_reached":21,"playtime":565,"items_purged":[],"score":369,"play_id":"e4c4f5c7-b4ad-4b8b-a26e-50b8c57ae23b","local_time":"20190116153123","is_ascension_mode":true,"campfire_choices":[{"data":"Zap","floor":7.0,"key":"SMITH"},{"floor":12.0,"key":"REST"},{"data":"Defragment","floor":15.0,"key":"SMITH"}],"neow_cost":"NONE","seed_source_timestamp":0,"circlet_count":0,"master_deck":["AscendersBane","Strike_B","Strike_B","Strike_B+1","Strike_B","Defend_B","Defend_B","Defend_B","Defend_B","Zap+1","Dualcast","Defragment+1","Barrage+1","Stack","Electrodynamics","Loop","Streamline","Melter","Seek","Consume+1"],"special_seed":0,"relics":["Cracked Core","Symbiotic Virus","Golden Idol","Cables","Sundial","Blue Candle","Whetstone","Velvet Choker"],"potions_floor_usage":[20,20],"damage_taken":[{"damage":0.0,"enemies":"2 Louse","floor":1.0,"turns":3.0},{"damage":0.0,"enemies":"Small Slimes","floor":3.0,"turns":2.0},{"damage":12.0,"enemies":"Jaw Worm","floor":5.0,"turns":2.0},{"damage":7.0,"enemies":"Looter","floor":6.0,"turns":3.0},{"damage":14.0,"enemies":"3 Sentries","floor":8.0,"turns":3.0},{"damage":3.0,"enemies":"Exordium Thugs","floor":11.0,"turns":2.0},{"damage":8.0,"enemies":"Gremlin Nob","floor":13.0,"turns":3.0},{"damage":15.0,"enemies":"Slime Boss","floor":16.0,"turns":7.0},{"damage":19.0,"enemies":"Shell Parasite","floor":18.0,"turns":4.0},{"damage":27.0,"enemies":"Colosseum Slavers","floor":19.0,"turns":2.0},{"damage":8,"enemies":"3 Byrds","floor":20,"turns":2},{"damage":14,"enemies":"Shelled Parasite and Fungi","floor":21,"turns":1}],"seed_played":"-1678951127506839102","potions_obtained":[{"floor":1.0,"key":"FearPotion"},{"floor":8.0,"key":"AttackPotion"},{"floor":11.0,"key":"LiquidBronze"},{"floor":16.0,"key":"Weak Potion"},{"floor":18.0,"key":"SpeedPotion"}],"is_trial":false,"path_per_floor":["M","?","M","?","M","M","R","E","T","?","M","R","E","T","R","B",null,"M","?","M","M"],"character_chosen":"DEFECT","items_purchased":[],"campfire_rested":1,"item_purchase_floors":[],"current_hp_per_floor":[71,66,66,39,27,20,20,6,6,6,3,26,18,18,18,3,59,40,13,5,0],"gold":375,"neow_bonus":"TEN_PERCENT_HP_BONUS","is_prod":false,"is_daily":false,"chose_seed":false,"campfire_upgraded":2,"win_rate":0,"timestamp":1547620283,"path_taken":["M","?","M","?","M","M","R","E","T","?","M","R","E","?","R","BOSS","M","?","M","M"],"build_version":"2019-01-10","purchased_purges":0,"victory":false,"max_hp_per_floor":[78,78,78,78,78,78,78,78,78,78,78,78,78,78,78,78,78,78,78,78,78],"card_choices":[{"not_picked":["Stack","Sweeping Beam"],"picked":"Defragment","floor":1.0},{"not_picked":["Sweeping Beam","Hologram"],"picked":"Barrage","floor":3.0},{"not_picked":["Leap","Aggregate"],"picked":"Stack","floor":5.0},{"not_picked":["Heatsinks","Ball Lightning"],"picked":"Electrodynamics","floor":6.0},{"not_picked":["Redo","Tempest"],"picked":"Loop","floor":8.0},{"not_picked":["Force Field","Fusion"],"picked":"Streamline","floor":11.0},{"not_picked":["Turbo","Recycle"],"picked":"Melter","floor":13.0},{"not_picked":["Creative AI","Amplify"],"picked":"Seek","floor":16.0},{"not_picked":["Cold Snap","Leap"],"picked":"Consume+1","floor":18.0},{"not_picked":["Tempest","Gash","Turbo"],"picked":"SKIP","floor":20}],"player_experience":1042687,"relics_obtained":[{"floor":8.0,"key":"Cables"},{"floor":9.0,"key":"Sundial"},{"floor":13.0,"key":"Blue Candle"},{"floor":14.0,"key":"Whetstone"}],"event_choices":[{"damage_healed":0.0,"max_hp_gain":0.0,"max_hp_loss":0.0,"gold_gain":0.0,"event_name":"Scrap Ooze","player_choice":"Success","floor":2.0,"gold_loss":0.0,"damage_taken":5.0,"relics_obtained":["Symbiotic Virus"]},{"damage_healed":0.0,"max_hp_gain":0.0,"max_hp_loss":0.0,"gold_gain":0.0,"event_name":"Golden Idol","player_choice":"Take Damage","floor":4.0,"gold_loss":0.0,"damage_taken":27.0,"relics_obtained":["Golden Idol"]},{"damage_healed":0.0,"max_hp_gain":0.0,"max_hp_loss":0.0,"gold_gain":0.0,"event_name":"Shining Light","player_choice":"Ignored","floor":10.0,"gold_loss":0.0,"damage_taken":0.0},{"damage_healed":0.0,"max_hp_gain":0.0,"max_hp_loss":0.0,"gold_gain":0.0,"event_name":"Colosseum","player_choice":"Fight","floor":19.0,"gold_loss":0.0,"damage_taken":0.0},{"damage_healed":0.0,"max_hp_gain":0.0,"max_hp_loss":0.0,"gold_gain":0.0,"event_name":"Colosseum","player_choice":"Fled From Nobs","floor":19.0,"gold_loss":0.0,"damage_taken":0.0}],"is_beta":false,"boss_relics":[{"not_picked":["Empty Cage","FrozenCore"],"picked":"Velvet Choker"}],"items_purged_floors":[],"is_endless":false,"potions_floor_spawned":[1,8,11,16,18,19],"killed_by":"Shelled Parasite and Fungi","ascension_level":19}