{"gold_per_floor":[119,119,135,148,162,195,211,211,211,229,244,279,279,304,304,304],"floor_reached":16,"playtime":625,"items_purged":[],"score":248,"play_id":"63cbbc6d-45b7-4005-b885-a3e094635d7b","local_time":"20190211005933","is_ascension_mode":true,"campfire_choices":[{"floor":8.0,"key":"REST"},{"floor":15.0,"key":"REST"}],"neow_cost":"NONE","seed_source_timestamp":1231328416662800,"circlet_count":0,"master_deck":["AscendersBane","Defend_G","Defend_G","Defend_G","Defend_G","Defend_G","Strike_G","Strike_G","Strike_G+1","Strike_G","Strike_G","Survivor+1","Neutralize+1","Flying Knee","Skewer","Dagger Spray","Dash","Cloak And Dagger","Glass Knife","Footwork+1","Dodge and Roll","Masterful Stab"],"special_seed":0,"relics":["Ring of the Snake","Orichalcum","Ancient Tea Set","Blood Vial","Mummified Hand"],"potions_floor_usage":[16],"damage_taken":[{"damage":5.0,"enemies":"Jaw Worm","floor":1.0,"turns":8.0},{"damage":0.0,"enemies":"Cultist","floor":3.0,"turns":4.0},{"damage":0.0,"enemies":"2 Louse","floor":4.0,"turns":2.0},{"damage":13.0,"enemies":"Lots of Slimes","floor":5.0,"turns":4.0},{"damage":10.0,"enemies":"3 Sentries","floor":6.0,"turns":5.0},{"damage":7.0,"enemies":"Exordium Wildlife","floor":7.0,"turns":3.0},{"damage":2.0,"enemies":"3 Louse","floor":10.0,"turns":5.0},{"damage":0.0,"enemies":"Red Slaver","floor":11.0,"turns":3.0},{"damage":12.0,"enemies":"Gremlin Nob","floor":12.0,"turns":4.0},{"damage":7.0,"enemies":"Lagavulin","floor":14.0,"turns":9.0},{"damage":52,"enemies":"Slime Boss","floor":16,"turns":10}],"seed_played":"-2940123499656994548","potions_obtained":[{"floor":4.0,"key":"Poison Potion"},{"floor":5.0,"key":"Explosive Potion"},{"floor":6.0,"key":"SkillPotion"},{"floor":11.0,"key":"Strength Potion"},{"floor":14.0,"key":"Regen Potion"}],"is_trial":false,"path_per_floor":["M","?","M","M","M","E","M","R","T","M","M","E","?","E","R","B"],"character_chosen":"THE_SILENT","items_purchased":[],"campfire_rested":2,"item_purchase_floors":[],"current_hp_per_floor":[54,54,54,54,41,31,24,43,43,41,41,29,9,4,23,0],"gold":304,"neow_bonus":"UPGRADE_CARD","is_prod":false,"is_daily":false,"chose_seed":false,"campfire_upgraded":0,"win_rate":0,"timestamp":1549814373,"path_taken":["M","?","?","?","?","E","M","R","T","?","M","E","?","E","R","BOSS"],"build_version":"2019-01-23","purchased_purges":0,"victory":false,"max_hp_per_floor":[66,66,66,66,66,66,66,66,66,66,66,66,66,66,66,66],"card_choices":[{"not_picked":["Well Laid Plans","PiercingWail"],"picked":"Flying Knee","floor":1.0},{"not_picked":["Poisoned Stab","PiercingWail"],"picked":"Skewer","floor":3.0},{"not_picked":["Acrobatics","Slice"],"picked":"Dagger Spray","floor":4.0},{"not_picked":["Backflip","Calculated Gamble"],"picked":"Dash","floor":5.0},{"not_picked":["Dodge and Roll","Caltrops"],"picked":"Cloak And Dagger","floor":6.0},{"not_picked":["Underhanded Strike","Bane","Quick Slash"],"picked":"SKIP","floor":7.0},{"not_picked":["Dagger Throw","Flechettes"],"picked":"Glass Knife","floor":10.0},{"not_picked":["Cloak And Dagger","Distraction"],"picked":"Footwork","floor":11.0},{"not_picked":["Dagger Throw","Underhanded Strike"],"picked":"Dodge and Roll","floor":12.0},{"not_picked":["Prepared","Flechettes"],"picked":"Masterful Stab","floor":14.0}],"player_experience":1122764,"relics_obtained":[{"floor":6.0,"key":"Orichalcum"},{"floor":9.0,"key":"Ancient Tea Set"},{"floor":12.0,"key":"Blood Vial"},{"floor":14.0,"key":"Mummified Hand"}],"event_choices":[{"damage_healed":0.0,"max_hp_gain":0.0,"max_hp_loss":0.0,"gold_gain":0.0,"event_name":"Accursed Blacksmith","player_choice":"Forge","floor":2.0,"gold_loss":0.0,"damage_taken":0.0,"cards_upgraded":["Survivor"]},{"damage_healed":0.0,"max_hp_gain":0.0,"max_hp_loss":0.0,"gold_gain":0.0,"event_name":"Shining Light","player_choice":"Entered Light","floor":13.0,"gold_loss":0.0,"damage_taken":20.0,"cards_upgraded":["Footwork","Strike_G"]}],"is_beta":false,"boss_relics":[],"items_purged_floors":[],"is_endless":false,"potions_floor_spawned":[4,5,6,11,14],"killed_by":"Slime Boss","ascension_level":20}