{"gold_per_floor":[117,117,42,58,77,103,115,147,147,161,189,15,15],"floor_reached":13,"playtime":1109,"items_purged":["Defend_R","Strike_R"],"score":156,"play_id":"5e4eaa22-b401-4bb1-acc4-c561f02db022","local_time":"20190217222201","is_ascension_mode":true,"campfire_choices":[],"neow_cost":"NONE","seed_source_timestamp":166491562778343,"circlet_count":0,"master_deck":["Strike_R","Strike_R","Strike_R","Strike_R","Defend_R","Defend_R","Bash","Disarm","Iron Wave","Infernal Blade","Burning Pact","Hemokinesis","Iron Wave","Shrug It Off","Ghostly Armor","Blood for Blood","Double Tap","Combust"],"relics":["Burning Blood","Potion Belt","Blood Vial","Red Skull","Singing Bowl"],"potions_floor_usage":[6,8,8,10,13],"damage_taken":[{"damage":5,"enemies":"Small Slimes","floor":1,"turns":4},{"damage":0,"enemies":"Cultist","floor":4,"turns":3},{"damage":11,"enemies":"2 Louse","floor":5,"turns":2},{"damage":36,"enemies":"3 Sentries","floor":6,"turns":7},{"damage":14,"enemies":"Blue Slaver","floor":7,"turns":3},{"damage":29,"enemies":"Lagavulin","floor":8,"turns":7},{"damage":9,"enemies":"Lots of Slimes","floor":10,"turns":4},{"damage":3,"enemies":"Gremlin Nob","floor":11,"turns":2},{"damage":36,"enemies":"Lagavulin","floor":13,"turns":3}],"seed_played":"4726068880439902682","potions_obtained":[{"floor":4,"key":"Dexterity Potion"},{"floor":5,"key":"AttackPotion"},{"floor":7,"key":"Fruit Juice"},{"floor":8,"key":"EssenceOfSteel"},{"floor":10,"key":"Energy Potion"}],"is_trial":false,"path_per_floor":["M","?","$","M","M","E","M","E","T","M","E","$","E"],"character_chosen":"IRONCLAD","items_purchased":["Combust"],"campfire_rested":0,"item_purchase_floors":[12],"current_hp_per_floor":[80,80,80,80,75,45,37,19,19,18,23,23,0],"gold":15,"neow_bonus":"THREE_CARDS","is_prod":false,"is_daily":false,"chose_seed":false,"campfire_upgraded":0,"win_rate":0,"timestamp":1550470921,"path_taken":["M","?","?","M","M","E","M","E","T","?","E","$","E"],"build_version":"2019-01-23","purchased_purges":2,"victory":false,"max_hp_per_floor":[80,80,80,80,80,80,80,85,85,85,85,85,85],"card_choices":[{"not_picked":["Flex","Clash"],"picked":"Disarm","floor":0},{"not_picked":["Perfected Strike","Warcry"],"picked":"Iron Wave","floor":1},{"not_picked":["Perfected Strike","Sword Boomerang"],"picked":"Burning Pact","floor":4},{"not_picked":["Iron Wave","Armaments"],"picked":"Hemokinesis","floor":5},{"not_picked":["Heavy Blade","Pommel Strike"],"picked":"Iron Wave","floor":6},{"not_picked":["Thunderclap","Second Wind"],"picked":"Shrug It Off","floor":7},{"not_picked":["Sword Boomerang","Second Wind"],"picked":"Ghostly Armor","floor":8},{"not_picked":["Pummel","Armaments"],"picked":"Blood for Blood","floor":10},{"not_picked":["Reckless Charge","Anger"],"picked":"Double Tap","floor":11}],"player_experience":170330,"relics_obtained":[{"floor":6,"key":"Potion Belt"},{"floor":8,"key":"Blood Vial"},{"floor":9,"key":"Red Skull"},{"floor":11,"key":"Singing Bowl"}],"event_choices":[{"damage_healed":0,"gold_gain":0,"cards_transformed":["Defend_R"],"player_choice":"Transformed","damage_taken":0,"max_hp_gain":0,"max_hp_loss":0,"event_name":"Transmorgrifier","floor":2,"gold_loss":0,"cards_obtained":["Infernal Blade"]}],"is_beta":false,"boss_relics":[],"items_purged_floors":[3,12],"is_endless":false,"potions_floor_spawned":[4,5,7,8,10],"killed_by":"Lagavulin","ascension_level":4}