{"gold_per_floor":[109,128,128,139,150,182,182,194,240,259,290,305,230,257,257,257],"floor_reached":16,"playtime":573,"items_purged":[],"score":273,"play_id":"3beb185e-824b-45cb-9412-fc39da4129d6","local_time":"20190220140154","is_ascension_mode":true,"campfire_choices":[{"data":"Feed","floor":7.0,"key":"SMITH"},{"data":"True Grit","floor":15.0,"key":"SMITH"}],"neow_cost":"NONE","seed_source_timestamp":576769567105244,"circlet_count":0,"master_deck":["AscendersBane","Strike_R","Strike_R","Strike_R","Strike_R","Strike_R","Defend_R","Defend_R","Defend_R","Bash","Perfected Strike","Pommel Strike","Perfected Strike","Feed+1","Shrug It Off","True Grit+1","Rage","Battle Trance","Perfected Strike"],"special_seed":0,"relics":["Burning Blood","Bag of Preparation","PreservedInsect","Gremlin Horn","Lantern"],"potions_floor_usage":[16],"damage_taken":[{"damage":9.0,"enemies":"Jaw Worm","floor":1.0,"turns":4.0},{"damage":7.0,"enemies":"2 Louse","floor":2.0,"turns":4.0},{"damage":0.0,"enemies":"Small Slimes","floor":4.0,"turns":3.0},{"damage":13.0,"enemies":"3 Louse","floor":5.0,"turns":4.0},{"damage":37.0,"enemies":"Gremlin Nob","floor":6.0,"turns":4.0},{"damage":16.0,"enemies":"Blue Slaver","floor":8.0,"turns":5.0},{"damage":21.0,"enemies":"Lots of Slimes","floor":10.0,"turns":5.0},{"damage":5.0,"enemies":"Lagavulin","floor":11.0,"turns":5.0},{"damage":5.0,"enemies":"Looter","floor":12.0,"turns":2.0},{"damage":13.0,"enemies":"3 Sentries","floor":14.0,"turns":6.0},{"damage":62,"enemies":"Hexaghost","floor":16,"turns":10}],"seed_played":"-2433652295846981508","potions_obtained":[{"floor":6.0,"key":"Weak Potion"},{"floor":8.0,"key":"Regen Potion"},{"floor":10.0,"key":"PowerPotion"},{"floor":12.0,"key":"Regen Potion"}],"is_trial":false,"path_per_floor":["M","M","?","M","M","E","R","M","T","M","E","M","?","E","R","B"],"character_chosen":"IRONCLAD","items_purchased":[],"campfire_rested":0,"item_purchase_floors":[],"current_hp_per_floor":[72,71,71,77,70,39,39,33,33,36,41,42,42,54,54,0],"gold":257,"neow_bonus":"TEN_PERCENT_HP_BONUS","is_prod":false,"is_daily":false,"chose_seed":false,"campfire_upgraded":2,"win_rate":0,"timestamp":1550638914,"path_taken":["M","M","?","M","M","E","R","M","T","M","E","M","?","E","R","BOSS"],"build_version":"2019-01-23","purchased_purges":0,"victory":false,"max_hp_per_floor":[82,82,82,82,82,82,82,86,86,90,94,94,94,98,98,98],"card_choices":[{"not_picked":["Twin Strike","Cleave"],"picked":"Perfected Strike","floor":1.0},{"not_picked":["Dropkick","Body Slam"],"picked":"Pommel Strike","floor":2.0},{"not_picked":["Clothesline","Rupture","Searing Blow"],"picked":"SKIP","floor":4.0},{"not_picked":["Carnage","Evolve"],"picked":"Perfected Strike","floor":5.0},{"not_picked":["Combust","True Grit"],"picked":"Feed","floor":6.0},{"not_picked":["Blood for Blood","Armaments"],"picked":"Shrug It Off","floor":8.0},{"not_picked":["Sword Boomerang","Wild Strike"],"picked":"True Grit","floor":10.0},{"not_picked":["Wild Strike","Body Slam"],"picked":"Rage","floor":11.0},{"not_picked":["Rage","Anger"],"picked":"Battle Trance","floor":12.0},{"not_picked":["Sentinel","Feel No Pain"],"picked":"Perfected Strike","floor":14.0}],"player_experience":1144374,"relics_obtained":[{"floor":6.0,"key":"Bag of Preparation"},{"floor":9.0,"key":"PreservedInsect"},{"floor":11.0,"key":"Gremlin Horn"},{"floor":14.0,"key":"Lantern"}],"event_choices":[{"damage_healed":0.0,"max_hp_gain":0.0,"max_hp_loss":0.0,"gold_gain":0.0,"event_name":"Liars Game","player_choice":"Ignored","floor":3.0,"gold_loss":0.0,"damage_taken":0.0},{"cards_removed":["Defend_R"],"damage_healed":0.0,"max_hp_gain":0.0,"max_hp_loss":0.0,"gold_gain":0.0,"event_name":"The Cleric","player_choice":"Card Removal","floor":13.0,"gold_loss":75.0,"damage_taken":0.0}],"is_beta":false,"boss_relics":[],"items_purged_floors":[],"is_endless":false,"potions_floor_spawned":[6,8,10,12],"killed_by":"Hexaghost","ascension_level":20}