{"gold_per_floor":[118,10,24,24,36,36,50,50,98,116,116,146,158,182,194,307,319,359,381,13,13,13,13,13,32,56,0,0,14,114,133,133,133],"floor_reached":33,"playtime":2415,"items_purged":[],"score":247,"play_id":"740d41ca-1917-4f58-9cbe-8f1d4d9c4250","local_time":"20190215221349","is_ascension_mode":false,"campfire_choices":[{"data":"blackbeard:CloakAndCannonball","floor":6,"key":"SMITH"},{"data":"blackbeard:Cutlass","floor":11,"key":"SMITH"},{"data":"blackbeard:Sword","floor":13,"key":"SMITH"},{"floor":23,"key":"REST"},{"data":"blackbeard:InfiniteBarrage","floor":23,"key":"SMITH"},{"floor":28,"key":"REST"},{"data":"blackbeard:DoubleCannonball","floor":28,"key":"SMITH"},{"floor":32,"key":"REST"},{"data":"blackbeard:CannonBarrage","floor":32,"key":"SMITH"}],"neow_cost":"NONE","seed_source_timestamp":195355181152300,"circlet_count":0,"master_deck":["blackbeard:StrikeBlackbeard","blackbeard:StrikeBlackbeard","blackbeard:StrikeBlackbeard","blackbeard:IntimidatingStrike","blackbeard:DefendBlackbeard","blackbeard:DefendBlackbeard","blackbeard:DefendBlackbeard","blackbeard:DefendBlackbeard","blackbeard:Cutlass+1","blackbeard:Sword+1","blackbeard:HumongousCannonball+1","blackbeard:Sharpening","blackbeard:CloakAndCannonball+1","blackbeard:PirateEarring","blackbeard:Shrapnel","blackbeard:Bandana","blackbeard:Fencing+1","blackbeard:Parrot","blackbeard:DoubleCannonball+1","blackbeard:Revenge","blackbeard:GoldenCannonball","blackbeard:InfiniteBarrage+1","blackbeard:GoldenCannonball","blackbeard:CannonBarrage+1"],"relics":["blackbeard:LoadTheCannons","NeowsBlessing","ReplayTheSpireMod:TigerMarble","Bird Faced Urn","MawBank","blackbeard:Soberminded","infinitespire:Magic Flask","hubris:BottledHeart","Pet Ghost"],"potions_floor_usage":[16,16,33],"damage_taken":[{"damage":0,"enemies":"Small Slimes","floor":1,"turns":1},{"damage":0,"enemies":"Cultist","floor":3,"turns":1},{"damage":0,"enemies":"Jaw Worm","floor":5,"turns":1},{"damage":5,"enemies":"Looter","floor":7,"turns":2},{"damage":11,"enemies":"Exordium Wildlife","floor":10,"turns":3},{"damage":14,"enemies":"Gremlin Nob","floor":12,"turns":3},{"damage":33,"enemies":"Gremlin Gang","floor":14,"turns":4},{"damage":23,"enemies":"Hexaghost","floor":16,"turns":5},{"damage":5,"enemies":"Chosen","floor":18,"turns":3},{"damage":43,"enemies":"2 Thieves","floor":19,"turns":4},{"damage":0,"enemies":"Cultist and Chosen","floor":25,"turns":5},{"damage":0,"enemies":"3 Cultists","floor":29,"turns":5},{"damage":0,"enemies":"Snake Plant","floor":31,"turns":3},{"damage":22,"enemies":"Champ","floor":33,"turns":7}],"seed_played":"-8622543115555510672","potions_obtained":[{"floor":5,"key":"SpeedPotion"},{"floor":7,"key":"Ancient Potion"},{"floor":10,"key":"FearPotion"},{"floor":14,"key":"PowerPotion"},{"floor":18,"key":"Fire Potion"},{"floor":31,"key":"Flashbang"}],"is_trial":false,"path_per_floor":["M","$","M","?","M","R","M","?","T","M","R","E","R","M","R_BF","B",null,"M","M","$","?","?","R","$","M","T","?","R","M","?","M","R","B"],"character_chosen":"BLACKBEARD_CLASS","items_purchased":["blackbeard:HumongousCannonball+1","infinitespire:Magic Flask","blackbeard:GoldenCannonball"],"campfire_rested":3,"item_purchase_floors":[2,20,20],"current_hp_per_floor":[75,75,75,75,75,75,70,70,70,64,64,50,50,21,43,26,75,72,37,37,1,1,1,1,1,1,1,1,1,1,1,1,0],"gold":133,"neow_bonus":"THREE_ENEMY_KILL","is_prod":false,"is_daily":false,"chose_seed":false,"campfire_upgraded":6,"win_rate":0.0,"timestamp":1550286829,"path_taken":["M","$","M","?","?","R","M","?","T","M","R","E","R","M","R_BF","BOSS","M","M","$","?","?","R","?","?","T","?","R","M","?","M","R","BOSS"],"build_version":"2019-01-23","purchased_purges":0,"victory":false,"max_hp_per_floor":[75,75,75,75,75,75,75,75,75,75,75,75,75,75,75,75,75,75,75,75,1,1,1,1,1,1,1,1,1,1,1,1,1],"card_choices":[{"not_picked":["blackbeard:Dagger","blackbeard:Toast"],"picked":"blackbeard:Sword","floor":1},{"not_picked":["blackbeard:WiseDefend","blackbeard:RearmingStrike"],"picked":"blackbeard:Sharpening","floor":3},{"not_picked":["blackbeard:RearmingStrike","blackbeard:WiseDefend"],"picked":"blackbeard:CloakAndCannonball","floor":5},{"not_picked":["blackbeard:Boarding","blackbeard:BlindAttacks"],"picked":"blackbeard:PirateEarring","floor":7},{"not_picked":["blackbeard:GoldenStrike","blackbeard:WiseDefend"],"picked":"blackbeard:Shrapnel","floor":10},{"not_picked":["blackbeard:BrownPants","blackbeard:Eyepatch"],"picked":"blackbeard:Bandana","floor":12},{"not_picked":["blackbeard:GoldenStrike","blackbeard:ArmorUp"],"picked":"blackbeard:Fencing","floor":14},{"not_picked":["blackbeard:BoostMorale","blackbeard:PirateStrength"],"picked":"blackbeard:Parrot","floor":16},{"not_picked":["blackbeard:Spear","blackbeard:Shrapnel+1"],"picked":"blackbeard:DoubleCannonball","floor":18},{"not_picked":["blackbeard:Sharpening","blackbeard:Scrap"],"picked":"blackbeard:Revenge","floor":19},{"not_picked":["blackbeard:Fencing","blackbeard:BeatUp"],"picked":"blackbeard:GoldenCannonball","floor":25},{"not_picked":["blackbeard:BuriedTreasure","blackbeard:PiratesWill+1","blackbeard:RearmingStrike+1"],"picked":"SKIP","floor":29},{"not_picked":["blackbeard:GoldenStrike","blackbeard:TacticalRetreat"],"picked":"blackbeard:CannonBarrage","floor":31}],"player_experience":94940,"relics_obtained":[{"floor":9,"key":"ReplayTheSpireMod:TigerMarble"},{"floor":12,"key":"MawBank"},{"floor":26,"key":"Pet Ghost"}],"event_choices":[{"cards_removed":["blackbeard:StrikeBlackbeard"],"damage_healed":0,"gold_gain":0,"player_choice":"Purged","damage_taken":0,"max_hp_gain":0,"max_hp_loss":0,"event_name":"Purifier","floor":4,"gold_loss":0},{"damage_healed":0,"gold_gain":0,"player_choice":"Read","damage_taken":0,"max_hp_gain":0,"max_hp_loss":0,"event_name":"The Library","floor":22,"gold_loss":0,"cards_obtained":["blackbeard:InfiniteBarrage"]},{"damage_healed":0,"gold_gain":0,"player_choice":"Paid Fearfully","damage_taken":0,"max_hp_gain":0,"max_hp_loss":0,"event_name":"Masked Bandits","floor":27,"gold_loss":56},{"damage_healed":0,"gold_gain":100,"player_choice":"Pray","damage_taken":0,"max_hp_gain":0,"max_hp_loss":0,"event_name":"Golden Shrine","floor":30,"gold_loss":0}],"is_beta":false,"boss_relics":[{"not_picked":["Calling Bell","hubris:BlackHole"],"picked":"blackbeard:Soberminded"}],"items_purged_floors":[],"is_endless":false,"potions_floor_spawned":[5,7,10,14,18,31],"killed_by":"Champ","ascension_level":0}