{"gold_per_floor":[117,192,209,224,224,224,249,249,249,11,54,6,6,6,6,137,137,151,175,213,231,231,250,250,250,250,250,250],"floor_reached":28,"playtime":910,"items_purged":[],"score":248,"play_id":"9af311a3-3ac3-47ef-ab61-39d1ad203add","local_time":"20190222203704","is_ascension_mode":true,"campfire_choices":[{"data":"Zap","floor":6,"key":"SMITH"},{"data":"Defragment","floor":8,"key":"SMITH"},{"floor":13,"key":"REST"},{"data":"Coolheaded","floor":15,"key":"SMITH"},{"floor":24,"key":"REST"},{"data":"Conserve Battery","floor":27,"key":"SMITH"}],"neow_cost":"NONE","seed_source_timestamp":18525857565542,"circlet_count":0,"master_deck":["Strike_B","Strike_B","Strike_B+1","Defend_B","Defend_B","Defend_B","Defend_B","Zap+1","Dualcast","Barrage","Defragment+1","Rebound+1","Conserve Battery+1","Machine Learning+1","Coolheaded+1","Biased Cognition+1","Consume","Coolheaded+1","Tempest+1","Self Repair+1","Compile Driver","Decay"],"relics":["Cracked Core","NeowsBlessing","Golden Idol","Whetstone","Cables","Frozen Egg 2","Darkstone Periapt","Cursed Key","Red Mask"],"potions_floor_usage":[7,11,16,18,28],"damage_taken":[{"damage":0,"enemies":"Jaw Worm","floor":1,"turns":1},{"damage":0,"enemies":"2 Louse","floor":3,"turns":1},{"damage":0,"enemies":"Small Slimes","floor":4,"turns":1},{"damage":11,"enemies":"Looter","floor":7,"turns":2},{"damage":18,"enemies":"Lagavulin","floor":11,"turns":4},{"damage":13,"enemies":"Hexaghost","floor":16,"turns":9},{"damage":19,"enemies":"3 Byrds","floor":18,"turns":4},{"damage":9,"enemies":"Shell Parasite","floor":19,"turns":4},{"damage":18,"enemies":"Masked Bandits","floor":20,"turns":3},{"damage":1,"enemies":"Snecko","floor":21,"turns":5},{"damage":12,"enemies":"Snake Plant","floor":23,"turns":5},{"damage":48,"enemies":"Slavers","floor":28,"turns":4}],"seed_played":"5546586586482087219","potions_obtained":[{"floor":3,"key":"AttackPotion"},{"floor":4,"key":"Poison Potion"},{"floor":11,"key":"Explosive Potion"},{"floor":16,"key":"Weak Potion"},{"floor":19,"key":"SpeedPotion"},{"floor":20,"key":"SpeedPotion"}],"is_trial":false,"path_per_floor":["M","?","M","M","?","R","M","R","T","$","E","$","R","T","R","B",null,"M","M","?","M","?","M","R","?","T","R","E"],"character_chosen":"DEFECT","items_purchased":["Cables","Coolheaded"],"campfire_rested":2,"item_purchase_floors":[10,12],"current_hp_per_floor":[75,64,64,64,46,46,35,35,35,35,17,17,39,39,39,26,75,56,47,29,28,28,16,38,38,44,44,0],"gold":250,"neow_bonus":"THREE_ENEMY_KILL","is_prod":false,"is_daily":false,"chose_seed":false,"campfire_upgraded":4,"win_rate":0,"timestamp":1550864224,"path_taken":["M","?","M","M","?","R","M","R","T","?","E","$","R","?","R","BOSS","M","M","?","M","?","M","R","?","T","R","E"],"build_version":"2019-01-23","purchased_purges":0,"victory":false,"max_hp_per_floor":[75,75,75,75,75,75,75,75,75,75,75,75,75,75,75,75,75,75,75,75,75,75,75,75,75,81,81,81],"card_choices":[{"not_picked":["Recycle","Redo"],"picked":"Barrage","floor":1},{"not_picked":["Leap","Melter"],"picked":"Defragment","floor":3},{"not_picked":["Conserve Battery","Stack"],"picked":"Rebound","floor":4},{"not_picked":["Aggregate","Storm"],"picked":"Conserve Battery","floor":7},{"not_picked":["Redo","Compile Driver"],"picked":"Machine Learning","floor":11},{"not_picked":["Machine Learning+1","All For One"],"picked":"Biased Cognition+1","floor":16},{"not_picked":["Rebound+1","Redo"],"picked":"Consume","floor":18},{"not_picked":["Fusion","Consume"],"picked":"Coolheaded+1","floor":19},{"not_picked":["Leap","Beam Cell"],"picked":"Tempest+1","floor":21},{"not_picked":["Rebound","Streamline"],"picked":"Self Repair+1","floor":23}],"player_experience":225679,"relics_obtained":[{"floor":9,"key":"Whetstone"},{"floor":11,"key":"Frozen Egg 2"},{"floor":14,"key":"Darkstone Periapt"},{"floor":20,"key":"Red Mask"}],"event_choices":[{"damage_healed":0,"gold_gain":75,"player_choice":"Gather Gold","damage_taken":11,"max_hp_gain":0,"max_hp_loss":0,"event_name":"World of Goop","floor":2,"gold_loss":0},{"damage_healed":0,"gold_gain":0,"player_choice":"Take Damage","damage_taken":18,"relics_obtained":["Golden Idol"],"max_hp_gain":0,"max_hp_loss":0,"event_name":"Golden Idol","floor":5,"gold_loss":0},{"damage_healed":0,"gold_gain":0,"player_choice":"Fought Bandits","damage_taken":0,"max_hp_gain":0,"max_hp_loss":0,"event_name":"Masked Bandits","floor":20,"gold_loss":0},{"damage_healed":0,"gold_gain":0,"player_choice":"Ignored","damage_taken":0,"max_hp_gain":0,"max_hp_loss":0,"event_name":"Ghosts","floor":22,"gold_loss":0},{"damage_healed":0,"gold_gain":0,"cards_transformed":["Strike_B"],"player_choice":"Transformed","damage_taken":0,"max_hp_gain":0,"max_hp_loss":0,"event_name":"Transmorgrifier","floor":25,"gold_loss":0,"cards_obtained":["Compile Driver"]}],"is_beta":false,"boss_relics":[{"not_picked":["Busted Crown","Tiny House"],"picked":"Cursed Key"}],"items_purged_floors":[],"is_endless":false,"potions_floor_spawned":[3,4,11,16,19,20],"killed_by":"Slavers","ascension_level":3}