{"gold_per_floor":[118,43,62,62,77,77,77,109,109,109,121,121,121],"floor_reached":13,"playtime":310,"items_purged":["Defend_B"],"score":166,"play_id":"f0c12219-7239-4771-b8fc-e1ff25ec1be4","local_time":"20190222204855","is_ascension_mode":true,"campfire_choices":[{"data":"Zap","floor":6,"key":"SMITH"},{"floor":10,"key":"REST"},{"data":"Capacitor","floor":12,"key":"SMITH"}],"neow_cost":"NONE","seed_source_timestamp":23848643899200,"circlet_count":0,"master_deck":["AscendersBane","Strike_B","Strike_B","Strike_B","Strike_B","Defend_B","Defend_B","Defend_B","Zap+1","Dualcast","Conserve Battery","Conserve Battery","Capacitor+1"],"relics":["Cracked Core","Gambling Chip","Mummified Hand"],"potions_floor_usage":[13],"damage_taken":[{"damage":1,"enemies":"Small Slimes","floor":1,"turns":3},{"damage":2,"enemies":"Jaw Worm","floor":3,"turns":3},{"damage":0,"enemies":"Cultist","floor":5,"turns":4},{"damage":52,"enemies":"Lagavulin","floor":8,"turns":9},{"damage":15,"enemies":"Exordium Wildlife","floor":11,"turns":4},{"damage":31,"enemies":"Gremlin Gang","floor":13,"turns":3}],"seed_played":"8975574017806087113","potions_obtained":[{"floor":8,"key":"PowerPotion"}],"is_trial":false,"path_per_floor":["M","$","M","?","M","R","?","E","T","R","M","R","M"],"character_chosen":"DEFECT","items_purchased":[],"campfire_rested":1,"item_purchase_floors":[],"current_hp_per_floor":[70,70,68,68,68,68,73,21,21,45,30,30,0],"gold":121,"neow_bonus":"TEN_PERCENT_HP_BONUS","is_prod":false,"is_daily":false,"chose_seed":false,"campfire_upgraded":2,"win_rate":0,"timestamp":1550861335,"path_taken":["M","$","M","?","M","R","?","E","T","R","M","R","M"],"build_version":"2019-01-23","purchased_purges":1,"victory":false,"max_hp_per_floor":[78,78,78,78,78,78,83,83,83,83,83,83,83],"card_choices":[{"not_picked":["Gash","Reprogram"],"picked":"Conserve Battery","floor":1},{"not_picked":["Redo","Storm"],"picked":"Conserve Battery","floor":3},{"not_picked":["Gash","BootSequence"],"picked":"Capacitor","floor":5},{"not_picked":["Barrage","Reprogram","Turbo"],"picked":"SKIP","floor":8},{"not_picked":["Rebound","Beam Cell","Leap"],"picked":"SKIP","floor":11}],"player_experience":881199,"relics_obtained":[{"floor":8,"key":"Gambling Chip"},{"floor":9,"key":"Mummified Hand"}],"event_choices":[{"damage_healed":0,"gold_gain":0,"player_choice":"Leave","damage_taken":0,"max_hp_gain":0,"max_hp_loss":0,"event_name":"The Cleric","floor":4,"gold_loss":0},{"damage_healed":0,"gold_gain":0,"player_choice":"Donut","damage_taken":0,"max_hp_gain":5,"max_hp_loss":0,"event_name":"Big Fish","floor":7,"gold_loss":0}],"is_beta":false,"boss_relics":[],"items_purged_floors":[2],"is_endless":false,"potions_floor_spawned":[8],"killed_by":"Gremlin Gang","ascension_level":20}