{"gold_per_floor":[114,114,129,146,59,86,86,121,197,209,227,227,258,104,104,208,208,225,225,245,260,271,271,302,302,602,602,620,620,720,747,747,848,848,861,396,396,123,123,152,152,184,210,221,246,259,81,181,181,181,181,181,7,38,38],"floor_reached":56,"playtime":5071,"items_purged":["Strike_B","Defend_B","Defend_B"],"score":1528,"play_id":"a9bd4039-113e-463a-9492-3d575433daf9","local_time":"20190109040106","is_ascension_mode":true,"campfire_choices":[{"data":"Zap","floor":7,"key":"SMITH"},{"data":"Consume","floor":12,"key":"SMITH"},{"data":"Hello World","floor":15,"key":"SMITH"},{"data":"Sunder","floor":23,"key":"SMITH"},{"data":"Storm","floor":27,"key":"SMITH"},{"data":"Machine Learning","floor":29,"key":"SMITH"},{"data":"Ghostly","floor":32,"key":"SMITH"},{"floor":49,"key":"RECALL"},{"data":"Apotheosis","floor":52,"key":"SMITH"}],"neow_cost":"NONE","seed_source_timestamp":2043039155649226,"circlet_count":0,"master_deck":["Defend_B","Defend_B","Zap+1","Dualcast","Sweeping Beam","Auto Shields","Reinforced Body","Hologram","Hello World+1","Ball Lightning","Consume+1","Steam Power","Glacier","Machine Learning+1","Storm+1","Sunder+1","Undo","Gash","Glacier","Ghostly+1","Ghostly","Ghostly","Ghostly","Ghostly","Chill","Reboot","Electrodynamics","Tempest+1","Steam+1","Sweeping Beam+1","Glacier+1","Turbo","Apotheosis+1","Defragment","Gash","BootSequence+1","Go for the Eyes+1","Steam","Steam+1","All For One"],"relics":["Cracked Core","Anchor","Peace Pipe","Oddly Smooth Stone","Mercury Hourglass","DataDisk","Inserter","Du-Vu Doll","Matryoshka","Dream Catcher","Old Coin","Pocketwatch","Cables","Art of War","Astrolabe","Potion Belt","ClockworkSouvenir","Vajra","Bag of Preparation","Boot","Pen Nib","Lantern","Emotion Chip","Orichalcum"],"potions_floor_usage":[6,20,54,55,55,55,55],"damage_taken":[{"damage":0,"enemies":"2 Louse","floor":1,"turns":2},{"damage":1,"enemies":"Cultist","floor":3,"turns":3},{"damage":1,"enemies":"Jaw Worm","floor":4,"turns":2},{"damage":2,"enemies":"3 Sentries","floor":6,"turns":8},{"damage":18,"enemies":"Gremlin Nob","floor":8,"turns":4},{"damage":0,"enemies":"Large Slime","floor":10,"turns":4},{"damage":0,"enemies":"2 Fungi Beasts","floor":11,"turns":3},{"damage":9,"enemies":"3 Sentries","floor":13,"turns":5},{"damage":0,"enemies":"Hexaghost","floor":16,"turns":10},{"damage":0,"enemies":"Chosen","floor":18,"turns":4},{"damage":0,"enemies":"Spheric Guardian","floor":20,"turns":4},{"damage":6,"enemies":"Chosen and Byrds","floor":21,"turns":7},{"damage":0,"enemies":"Sentry and Sphere","floor":22,"turns":4},{"damage":0,"enemies":"Gremlin Leader","floor":24,"turns":9},{"damage":0,"enemies":"Snecko","floor":28,"turns":2},{"damage":1,"enemies":"Colosseum Slavers","floor":30,"turns":5},{"damage":2,"enemies":"Colosseum Nobs","floor":30,"turns":5},{"damage":3,"enemies":"Champ","floor":33,"turns":16},{"damage":7,"enemies":"3 Darklings","floor":35,"turns":4},{"damage":8,"enemies":"Nemesis","floor":40,"turns":7},{"damage":0,"enemies":"Reptomancer","floor":42,"turns":7},{"damage":0,"enemies":"Orb Walker","floor":44,"turns":3},{"damage":0,"enemies":"Nemesis","floor":45,"turns":9},{"damage":0,"enemies":"Writhing Mass","floor":46,"turns":6},{"damage":0,"enemies":"Mind Bloom Boss Battle","floor":48,"turns":6},{"damage":0,"enemies":"Time Eater","floor":50,"turns":13},{"damage":0,"enemies":"Shield and Spear","floor":54,"turns":5},{"damage":6,"enemies":"The Heart","floor":55,"turns":11}],"seed_played":"2487124536900991353","potions_obtained":[{"floor":3,"key":"EssenceOfSteel"},{"floor":4,"key":"Ancient Potion"},{"floor":8,"key":"EssenceOfSteel"},{"floor":11,"key":"Dexterity Potion"},{"floor":28,"key":"SpeedPotion"},{"floor":42,"key":"SkillPotion"},{"floor":46,"key":"Strength Potion"},{"floor":48,"key":"PowerPotion"}],"is_trial":false,"path_per_floor":["M","?","M","M","$","E","R","E","T","M","M","R","E","$","R","B",null,"M","?","M","M","M","R","E","?","T","R","M","R","?","T","R","B",null,"M","$","?","$","?","E","?","E","T","M","E","M","$","?","R","B",null,"R","$","E","B",null],"character_chosen":"DEFECT","items_purchased":["Hologram","Hello World","Glacier","Turbo","Apotheosis","Potion Belt","ClockworkSouvenir","Defragment","Lantern","Steam","SpeedPotion"],"campfire_rested":0,"item_purchase_floors":[5,5,14,36,36,36,38,38,47,47,53],"current_hp_per_floor":[75,75,74,73,73,71,71,53,53,53,53,53,44,44,44,44,75,75,75,75,69,69,69,69,37,37,37,37,37,34,34,34,31,37,30,30,30,30,30,22,22,22,22,22,22,22,22,22,22,22,35,35,35,35,29],"gold":38,"neow_bonus":"RANDOM_COMMON_RELIC","is_prod":false,"is_daily":false,"chose_seed":false,"campfire_upgraded":8,"win_rate":0,"timestamp":1547024466,"path_taken":["M","?","M","?","$","E","R","E","T","M","M","R","E","$","R","BOSS","M","?","M","M","M","R","E","?","T","R","M","R","?","?","R","BOSS","M","$","?","$","?","E","?","E","T","M","E","?","?","?","R","BOSS","R","$","E","BOSS"],"build_version":"2019-01-08","purchased_purges":3,"victory":true,"max_hp_per_floor":[75,75,75,75,75,75,75,75,75,75,75,75,75,75,75,75,75,75,75,75,75,75,75,75,37,37,37,37,37,37,37,37,37,37,37,37,37,37,35,35,35,35,35,35,35,35,35,35,35,35,35,35,35,35,35],"card_choices":[{"not_picked":["Steam","Hologram"],"picked":"Sweeping Beam","floor":1},{"not_picked":["Coolheaded","Reprogram"],"picked":"Auto Shields","floor":3},{"not_picked":["Stack","Turbo"],"picked":"Reinforced Body","floor":4},{"not_picked":["Steam","Streamline"],"picked":"Ball Lightning","floor":6},{"not_picked":["Ball Lightning","Rebound"],"picked":"Consume","floor":8},{"not_picked":["Gash","Static Discharge","Storm"],"picked":"SKIP","floor":10},{"not_picked":["Gash","Coolheaded"],"picked":"Steam Power","floor":11},{"not_picked":["Aggregate","Reinforced Body"],"picked":"FTL","floor":13},{"not_picked":["Multi-Cast","Hyperbeam"],"picked":"Machine Learning","floor":16},{"not_picked":["Genetic Algorithm+1","Leap"],"picked":"Storm","floor":18},{"not_picked":["Gash","Barrage"],"picked":"Sunder","floor":20},{"not_picked":["Barrage","Beam Cell"],"picked":"Undo","floor":21},{"not_picked":["Ball Lightning","Go for the Eyes"],"picked":"Gash","floor":22},{"not_picked":["Hologram","Steam"],"picked":"Glacier","floor":24},{"not_picked":["Streamline+1","Melter"],"picked":"Chill","floor":28},{"not_picked":["Chill","Coolheaded"],"picked":"Reboot","floor":30},{"not_picked":["All For One","Core Surge"],"picked":"Electrodynamics","floor":33},{"not_picked":["Heatsinks+1","Sweeping Beam+1"],"picked":"Glacier+1","floor":35},{"not_picked":["Storm","Darkness","Melter+1"],"picked":"SKIP","floor":40},{"not_picked":["Coolheaded+1","Steam Power"],"picked":"Gash","floor":42},{"not_picked":["Reinforced Body+1","FTL+1","Chill"],"picked":"SKIP","floor":44},{"not_picked":["Turbo","Hologram+1"],"picked":"BootSequence+1","floor":45},{"not_picked":["Stack+1","Turbo"],"picked":"Go for the Eyes+1","floor":46},{"not_picked":["Streamline+1","Cold Snap+1"],"picked":"Steam+1","floor":48},{"not_picked":["Rebound+1","Consume"],"picked":"All For One","floor":54}],"player_experience":4021919,"relics_obtained":[{"floor":6,"key":"Peace Pipe"},{"floor":8,"key":"Oddly Smooth Stone"},{"floor":9,"key":"Mercury Hourglass"},{"floor":13,"key":"DataDisk"},{"floor":24,"key":"Matryoshka"},{"floor":26,"key":"Dream Catcher"},{"floor":26,"key":"Old Coin"},{"floor":30,"key":"Pocketwatch"},{"floor":30,"key":"Cables"},{"floor":31,"key":"Art of War"},{"floor":40,"key":"Vajra"},{"floor":42,"key":"Bag of Preparation"},{"floor":43,"key":"Boot"},{"floor":45,"key":"Pen Nib"},{"floor":48,"key":"Emotion Chip"},{"floor":54,"key":"Orichalcum"}],"event_choices":[{"damage_healed":0,"gold_gain":0,"player_choice":"Bought 0 Potions","damage_taken":0,"max_hp_gain":0,"max_hp_loss":0,"event_name":"The Woman in Blue","floor":2,"gold_loss":0},{"damage_healed":0,"gold_gain":0,"player_choice":"Opened","damage_taken":0,"relics_obtained":["Du-Vu Doll"],"max_hp_gain":0,"max_hp_loss":0,"event_name":"The Mausoleum","floor":19,"gold_loss":0},{"damage_healed":0,"gold_gain":0,"player_choice":"Became a Ghost","damage_taken":0,"max_hp_gain":0,"max_hp_loss":38,"event_name":"Ghosts","floor":25,"gold_loss":0,"cards_obtained":["Ghostly","Ghostly","Ghostly","Ghostly","Ghostly"]},{"damage_healed":0,"gold_gain":0,"player_choice":"Fight","damage_taken":0,"max_hp_gain":0,"max_hp_loss":0,"event_name":"Colosseum","floor":30,"gold_loss":0},{"damage_healed":0,"gold_gain":0,"player_choice":"Fought Nobs","damage_taken":0,"max_hp_gain":0,"max_hp_loss":0,"event_name":"Colosseum","floor":30,"gold_loss":0},{"cards_removed":["FTL"],"damage_healed":0,"gold_gain":0,"player_choice":"Removed Attack","damage_taken":0,"max_hp_gain":0,"max_hp_loss":0,"event_name":"Falling","floor":37,"gold_loss":0},{"damage_healed":0,"gold_gain":0,"player_choice":"Max HP","damage_taken":0,"max_hp_gain":0,"max_hp_loss":2,"event_name":"Winding Halls","floor":39,"gold_loss":0},{"damage_healed":0,"gold_gain":0,"player_choice":"Ignored","damage_taken":0,"max_hp_gain":0,"max_hp_loss":0,"event_name":"Tomb of Lord Red Mask","floor":41,"gold_loss":0},{"damage_healed":0,"gold_gain":0,"player_choice":"Fight","damage_taken":0,"max_hp_gain":0,"max_hp_loss":0,"event_name":"MindBloom","floor":48,"gold_loss":0}],"is_beta":true,"boss_relics":[{"not_picked":["Black Star","Eternal Feather"],"picked":"Inserter"},{"not_picked":["FrozenCore","Lizard Tail"],"picked":"Astrolabe"}],"items_purged_floors":[14,36,53],"is_endless":false,"potions_floor_spawned":[3,4,8,11,18,28,30,33,42,46,48],"ascension_level":1}