{"gold_per_floor":[16,16,29,29,47,47,62,87,87,87,101,101,101,101,101,224,224,238,163,163,163,112,136,136,66,93,109,109,123,123],"floor_reached":30,"playtime":3769,"items_purged":[],"score":218,"play_id":"8a4cb5ea-4441-4041-80ba-5fb22ccfc91c","local_time":"20190217142643","is_ascension_mode":false,"campfire_choices":[{"data":"Echo Form","floor":6.0,"key":"SMITH"},{"floor":13.0,"key":"REST"},{"data":"Leap","floor":15.0,"key":"SMITH"},{"data":"Creative AI","floor":24.0,"key":"SMITH"},{"floor":28.0,"key":"REST"}],"neow_cost":"NO_GOLD","seed_source_timestamp":0,"circlet_count":0,"master_deck":["Strike_B","Defend_B","Defend_B","Defend_B","Zap","Dualcast","Steam","Echo Form+1","Hologram","Darkness","Go for the Eyes","Leap+1","Steam","Barrage","Creative AI+1","Self Repair","Redo","Barrage","Hello World","White Noise","Heatsinks"],"special_seed":0,"relics":["Cracked Core","Odd Mushroom","Mango","Golden Idol","Velvet Choker","Smiling Mask"],"potions_floor_usage":[30],"damage_taken":[{"damage":1.0,"enemies":"Jaw Worm","floor":1.0,"turns":4.0},{"damage":0.0,"enemies":"2 Louse","floor":3.0,"turns":2.0},{"damage":6.0,"enemies":"Cultist","floor":5.0,"turns":4.0},{"damage":8.0,"enemies":"3 Louse","floor":7.0,"turns":4.0},{"damage":13.0,"enemies":"The Mushroom Lair","floor":8.0,"turns":6.0},{"damage":10.0,"enemies":"Lots of Slimes","floor":11.0,"turns":4.0},{"damage":29.0,"enemies":"Hexaghost","floor":16.0,"turns":11.0},{"damage":12.0,"enemies":"Shell Parasite","floor":18.0,"turns":8.0},{"damage":18.0,"enemies":"3 Byrds","floor":23.0,"turns":6.0},{"damage":42.0,"enemies":"Centurion and Healer","floor":27.0,"turns":6.0},{"damage":25.0,"enemies":"Shelled Parasite and Fungi","floor":29.0,"turns":10.0},{"damage":48,"enemies":"Slavers","floor":30,"turns":4}],"seed_played":"-6607777414697461448","potions_obtained":[{"floor":1.0,"key":"Energy Potion"},{"floor":8.0,"key":"Dexterity Potion"},{"floor":11.0,"key":"SteroidPotion"},{"floor":23.0,"key":"Regen Potion"},{"floor":27.0,"key":"GamblersBrew"}],"is_trial":false,"path_per_floor":["M","?","M","?","M","R","M","?","T","?","M","$","R","?","R","B",null,"M","?","?","?","$","M","R","$","T","M","R","M","E"],"character_chosen":"DEFECT","items_purchased":["Redo","Hello World"],"campfire_rested":2,"item_purchase_floors":[22,25],"current_hp_per_floor":[74,79,79,72,66,66,58,45,59,59,49,49,75,75,75,46,87,75,75,75,59,59,48,48,48,48,28,54,43,0],"gold":123,"neow_bonus":"TRANSFORM_TWO_CARDS","is_prod":false,"is_daily":false,"chose_seed":false,"campfire_upgraded":3,"win_rate":0.0,"timestamp":1550431603,"path_taken":["M","?","M","?","?","R","M","?","T","?","M","$","R","?","R","BOSS","M","?","?","?","?","M","R","$","T","?","R","M","E"],"build_version":"2019-01-23","purchased_purges":0,"victory":false,"max_hp_per_floor":[75,80,80,80,80,80,80,80,94,87,87,87,87,87,87,87,87,87,87,87,87,87,87,87,87,87,87,87,87,87],"card_choices":[{"not_picked":["Blizzard","Leap"],"picked":"Hologram","floor":1.0},{"not_picked":["Defragment","Gash"],"picked":"Darkness","floor":3.0},{"not_picked":["Rebound","Coolheaded"],"picked":"Go for the Eyes","floor":5.0},{"not_picked":["Thunder Strike","Gash"],"picked":"Leap","floor":7.0},{"not_picked":["Skim","Rebound"],"picked":"Steam","floor":8.0},{"not_picked":["Static Discharge","Consume"],"picked":"Barrage","floor":11.0},{"not_picked":["Amplify","Machine Learning"],"picked":"Creative AI","floor":16.0},{"not_picked":["Go for the Eyes+1","Cold Snap+1"],"picked":"Self Repair","floor":18.0},{"not_picked":["Sweeping Beam","Stack"],"picked":"Barrage","floor":23.0},{"not_picked":["Compile Driver+1","Lockon+1"],"picked":"White Noise","floor":27.0},{"not_picked":["Hologram","Doom and Gloom"],"picked":"Heatsinks","floor":29.0}],"player_experience":72627,"relics_obtained":[{"floor":8.0,"key":"Odd Mushroom"},{"floor":9.0,"key":"Mango"},{"floor":26.0,"key":"Smiling Mask"}],"event_choices":[{"damage_healed":0.0,"max_hp_gain":5.0,"max_hp_loss":0.0,"gold_gain":0.0,"event_name":"Big Fish","player_choice":"Donut","floor":2.0,"gold_loss":0.0,"damage_taken":0.0},{"cards_removed":["Defend_B"],"damage_healed":0.0,"max_hp_gain":0.0,"max_hp_loss":0.0,"gold_gain":0.0,"event_name":"Golden Wing","player_choice":"Card Removal","floor":4.0,"gold_loss":0.0,"damage_taken":7.0},{"damage_healed":0.0,"max_hp_gain":0.0,"max_hp_loss":0.0,"gold_gain":0.0,"event_name":"Mushrooms","player_choice":"Fought Mushrooms","floor":8.0,"gold_loss":0.0,"damage_taken":0.0},{"damage_healed":0.0,"max_hp_gain":0.0,"max_hp_loss":7.0,"gold_gain":0.0,"event_name":"Golden Idol","player_choice":"Lose Max HP","floor":10.0,"gold_loss":0.0,"damage_taken":0.0,"relics_obtained":["Golden Idol"]},{"damage_healed":0.0,"max_hp_gain":0.0,"max_hp_loss":0.0,"gold_gain":0.0,"event_name":"Liars Game","player_choice":"Ignored","floor":14.0,"gold_loss":0.0,"damage_taken":0.0},{"cards_removed":["Strike_B"],"damage_healed":0.0,"max_hp_gain":0.0,"max_hp_loss":0.0,"gold_gain":0.0,"event_name":"Beggar","player_choice":"Gave Gold","floor":19.0,"gold_loss":75.0,"damage_taken":0.0},{"damage_healed":0.0,"max_hp_gain":0.0,"max_hp_loss":0.0,"gold_gain":0.0,"event_name":"The Mausoleum","player_choice":"Ignored","floor":20.0,"gold_loss":0.0,"damage_taken":0.0},{"damage_healed":0.0,"max_hp_gain":0.0,"max_hp_loss":0.0,"gold_gain":0.0,"event_name":"Cursed Tome","player_choice":"Obtained Book","floor":21.0,"gold_loss":0.0,"damage_taken":16.0}],"is_beta":false,"boss_relics":[{"not_picked":["Philosopher\u0027s Stone","Black Star"],"picked":"Velvet Choker"}],"items_purged_floors":[],"is_endless":false,"potions_floor_spawned":[1,8,11,23,27],"killed_by":"Slavers","ascension_level":0}