{"gold_per_floor":[116,127,138,138,138,164,164,174,174,206,224,28,39,56,56,153,153,170,185,195,195,120,148,148,183,206,206,234,246,276,296,296,396,396,412,412,18,35,51,51,84,84,110,110,137,155,2,15,15,15,15,15,15,44,44],"floor_reached":56,"playtime":2894,"items_purged":[],"score":1508,"play_id":"76554560-a6ce-4214-96cd-3382f5127967","local_time":"20181202172834","is_ascension_mode":true,"campfire_choices":[{"data":"Perfected Strike","floor":7,"key":"SMITH"},{"data":"Uppercut","floor":15,"key":"SMITH"},{"data":"Armaments","floor":24,"key":"SMITH"},{"floor":27,"key":"REST"},{"data":"Perfected Strike","floor":32,"key":"SMITH"},{"data":"Perfected Strike","floor":40,"key":"SMITH"},{"data":"Shockwave","floor":42,"key":"SMITH"},{"floor":49,"key":"RECALL"},{"data":"Offering","floor":52,"key":"SMITH"}],"neow_cost":"NONE","seed_source_timestamp":735460324502375,"circlet_count":0,"master_deck":["Strike_R","Strike_R","Strike_R","Strike_R","Strike_R","Defend_R","Defend_R","Bash","Perfected Strike+1","Pommel Strike","Shrug It Off","Evolve","Ghostly Armor","Offering","Headbutt","Seeing Red","Shrug It Off","Uppercut+1","Armaments+1","Feed","Thunderclap","Perfected Strike+1","Shockwave+1","Flame Barrier","Perfected Strike+1","Perfected Strike+1","True Grit+1","Twin Strike","Perfected Strike+1","Perfected Strike+1","True Grit+1","Flame Barrier+1","Pommel Strike+1","Shrug It Off+1","Offering+1","Warcry+1","Seeing Red+1"],"relics":["Burning Blood","Bottled Lightning","Ornamental Fan","Happy Flower","Orichalcum","Runic Dome","Omamori","Dream Catcher","Pen Nib","Centennial Puzzle","Red Skull","Coffee Dripper","DollysMirror","Potion Belt","Boot","PreservedInsect","Thread and Needle","Bag of Marbles"],"potions_floor_usage":[10,18,20,28,33,55,55,55,55,55],"damage_taken":[{"damage":6,"enemies":"Jaw Worm","floor":1,"turns":3},{"damage":5,"enemies":"2 Louse","floor":2,"turns":2},{"damage":6,"enemies":"Cultist","floor":3,"turns":3},{"damage":28,"enemies":"3 Sentries","floor":6,"turns":11},{"damage":0,"enemies":"2 Fungi Beasts","floor":8,"turns":3},{"damage":24,"enemies":"Lagavulin","floor":10,"turns":3},{"damage":6,"enemies":"Large Slime","floor":11,"turns":2},{"damage":4,"enemies":"Blue Slaver","floor":13,"turns":2},{"damage":2,"enemies":"Looter","floor":14,"turns":2},{"damage":14,"enemies":"Hexaghost","floor":16,"turns":9},{"damage":6,"enemies":"Spheric Guardian","floor":18,"turns":1},{"damage":12,"enemies":"2 Thieves","floor":19,"turns":2},{"damage":6,"enemies":"Chosen and Byrds","floor":20,"turns":3},{"damage":16,"enemies":"Slavers","floor":23,"turns":9},{"damage":20,"enemies":"Book of Stabbing","floor":25,"turns":4},{"damage":18,"enemies":"Gremlin Leader","floor":28,"turns":4},{"damage":6,"enemies":"Shelled Parasite and Fungi","floor":29,"turns":2},{"damage":14,"enemies":"Slavers","floor":30,"turns":10},{"damage":7,"enemies":"3 Cultists","floor":31,"turns":4},{"damage":57,"enemies":"Automaton","floor":33,"turns":8},{"damage":6,"enemies":"3 Darklings","floor":35,"turns":2},{"damage":6,"enemies":"Orb Walker","floor":38,"turns":1},{"damage":6,"enemies":"Spire Growth","floor":39,"turns":2},{"damage":6,"enemies":"Giant Head","floor":41,"turns":3},{"damage":6,"enemies":"Reptomancer","floor":45,"turns":1},{"damage":6,"enemies":"4 Shapes","floor":46,"turns":3},{"damage":6,"enemies":"Jaw Worm Horde","floor":48,"turns":1},{"damage":58,"enemies":"Awakened One","floor":50,"turns":7},{"damage":7,"enemies":"Shield and Spear","floor":54,"turns":3},{"damage":77,"enemies":"The Heart","floor":55,"turns":6}],"seed_played":"-5906644359744249467","potions_obtained":[{"floor":1,"key":"Poison Potion"},{"floor":3,"key":"Ancient Potion"},{"floor":6,"key":"Dexterity Potion"},{"floor":13,"key":"GamblersBrew"},{"floor":16,"key":"AttackPotion"},{"floor":19,"key":"FearPotion"},{"floor":23,"key":"Swift Potion"},{"floor":29,"key":"EssenceOfSteel"},{"floor":30,"key":"Fire Potion"},{"floor":33,"key":"Block Potion"},{"floor":39,"key":"BloodPotion"},{"floor":41,"key":"PowerPotion"}],"is_trial":false,"path_per_floor":["M","M","M","?","?","E","R","M","T","E","M","$","M","M","R","B",null,"M","M","M","?","?","E","R","E","T","R","E","M","E","M","R","B",null,"M","?","$","M","M","R","E","R","T","?","E","M","$","M","R","B",null,"R","$","E","B",null],"character_chosen":"IRONCLAD","items_purchased":["Orichalcum","Shrug It Off","DollysMirror","Potion Belt","Energy Potion","Offering"],"campfire_rested":1,"item_purchase_floors":[12,12,37,37,37,47],"current_hp_per_floor":[80,80,80,80,80,58,58,64,64,46,46,46,48,52,52,44,80,83,80,84,84,84,78,78,68,68,97,88,88,83,85,85,34,107,107,107,107,110,110,110,110,110,110,110,110,113,113,116,116,64,116,116,116,118,58],"gold":44,"neow_bonus":"THREE_CARDS","is_prod":false,"is_daily":false,"chose_seed":false,"campfire_upgraded":7,"win_rate":0,"timestamp":1543789714,"path_taken":["M","M","M","?","?","E","R","M","T","E","?","$","M","M","R","BOSS","M","M","M","?","?","E","R","E","T","R","E","M","E","M","R","BOSS","M","?","$","M","M","R","E","R","T","?","E","M","$","M","R","BOSS","R","$","E","BOSS"],"build_version":"2018-11-15","purchased_purges":0,"victory":true,"max_hp_per_floor":[80,80,80,80,80,80,80,80,80,80,80,80,80,80,80,80,80,83,86,90,90,90,94,94,98,98,98,101,101,104,107,107,107,107,107,107,107,110,110,110,110,110,110,110,110,113,113,116,116,116,116,116,116,119,119],"card_choices":[{"not_picked":["True Grit","Flex"],"picked":"Perfected Strike","floor":0},{"not_picked":["Searing Blow","Combust"],"picked":"Pommel Strike","floor":1},{"not_picked":["Flex","Heavy Blade"],"picked":"Shrug It Off","floor":2},{"not_picked":["Warcry","Rupture"],"picked":"Evolve","floor":3},{"not_picked":["Anger","True Grit"],"picked":"Offering","floor":6},{"not_picked":["Infernal Blade","Burning Pact"],"picked":"Headbutt","floor":8},{"not_picked":["Warcry","Uppercut"],"picked":"Seeing Red","floor":10},{"not_picked":["Second Wind","Inflame","Entrench"],"picked":"SKIP","floor":11},{"not_picked":["Rage","Infernal Blade"],"picked":"Uppercut","floor":13},{"not_picked":["Flex","Demon Form"],"picked":"Armaments","floor":14},{"not_picked":["Impervious","Juggernaut"],"picked":"Feed","floor":16},{"not_picked":["Iron Wave","Armaments"],"picked":"Thunderclap","floor":18},{"not_picked":["Clothesline","Rupture","Havoc+1"],"picked":"SKIP","floor":19},{"not_picked":["Barricade","Sever Soul","Evolve"],"picked":"SKIP","floor":20},{"not_picked":["Battle Trance","Body Slam"],"picked":"Perfected Strike+1","floor":23},{"not_picked":["Disarm+1","Dual Wield+1"],"picked":"Shockwave","floor":25},{"not_picked":["Brutality","Rupture"],"picked":"Flame Barrier","floor":28},{"not_picked":["Combust+1","Havoc"],"picked":"Perfected Strike","floor":29},{"not_picked":["Iron Wave","Metallicize+1"],"picked":"Perfected Strike","floor":30},{"not_picked":["Body Slam+1","Intimidate"],"picked":"True Grit+1","floor":31},{"not_picked":["Clothesline","Seeing Red+1"],"picked":"Twin Strike","floor":35},{"not_picked":["Blood for Blood+1","Shrug It Off+1"],"picked":"Perfected Strike+1","floor":38},{"not_picked":["Combust","Inflame+1"],"picked":"True Grit+1","floor":39},{"not_picked":["Spot Weakness","Reckless Charge"],"picked":"Flame Barrier+1","floor":41},{"not_picked":["Feel No Pain+1","Body Slam+1"],"picked":"Pommel Strike+1","floor":45},{"not_picked":["Headbutt+1","Rupture+1"],"picked":"Shrug It Off+1","floor":46},{"not_picked":["Pommel Strike","Havoc+1"],"picked":"Warcry+1","floor":48},{"not_picked":["Limit Break","Burning Pact+1"],"picked":"Seeing Red+1","floor":54}],"player_experience":3635972,"relics_obtained":[{"floor":6,"key":"Bottled Lightning"},{"floor":9,"key":"Ornamental Fan"},{"floor":10,"key":"Happy Flower"},{"floor":23,"key":"Dream Catcher"},{"floor":25,"key":"Pen Nib"},{"floor":28,"key":"Centennial Puzzle"},{"floor":30,"key":"Red Skull"},{"floor":41,"key":"Boot"},{"floor":43,"key":"PreservedInsect"},{"floor":45,"key":"Thread and Needle"},{"floor":54,"key":"Bag of Marbles"}],"event_choices":[{"damage_healed":0,"gold_gain":0,"player_choice":"Leave","damage_taken":0,"max_hp_gain":0,"max_hp_loss":0,"event_name":"The Cleric","floor":4,"gold_loss":0},{"damage_healed":0,"gold_gain":0,"cards_transformed":["Defend_R"],"player_choice":"Transformed","damage_taken":0,"max_hp_gain":0,"max_hp_loss":0,"event_name":"Transmorgrifier","floor":5,"gold_loss":0,"cards_obtained":["Ghostly Armor"]},{"damage_healed":0,"gold_gain":0,"player_choice":"Opened","damage_taken":0,"relics_obtained":["Omamori"],"max_hp_gain":0,"max_hp_loss":0,"event_name":"The Mausoleum","floor":21,"gold_loss":0,"cards_obtained":["Writhe"]},{"cards_removed":["Writhe"],"damage_healed":0,"gold_gain":0,"player_choice":"Gave Gold","damage_taken":0,"max_hp_gain":0,"max_hp_loss":0,"event_name":"Beggar","floor":22,"gold_loss":75},{"cards_removed":["Defend_R"],"damage_healed":0,"gold_gain":0,"player_choice":"Removed Skill","damage_taken":0,"max_hp_gain":0,"max_hp_loss":0,"event_name":"Falling","floor":36,"gold_loss":0},{"damage_healed":0,"gold_gain":0,"player_choice":"Ignored","damage_taken":0,"max_hp_gain":0,"max_hp_loss":0,"event_name":"Tomb of Lord Red Mask","floor":44,"gold_loss":0}],"is_beta":true,"boss_relics":[{"not_picked":["Fusion Hammer","Cursed Key"],"picked":"Runic Dome"},{"not_picked":["Pandora\u0027s Box","Runic Cube"],"picked":"Coffee Dripper"}],"items_purged_floors":[],"is_endless":false,"potions_floor_spawned":[1,3,6,13,16,19,23,29,30,31,33,39,41,46,54],"ascension_level":1}