{"gold_per_floor":[112,126,301,301,317,317,337,367,392,392,423,450,462,493,505,612,624,652,664,39,39,57,57,91,91,91,110,133,153,153,153,153,248,298,313,327,327,327,83,83,117,117,117,131,131,144,0,10,10,10],"floor_reached":51,"playtime":1387,"items_purged":[],"score":755,"play_id":"610b706e-76cf-449b-a990-57d8661e39fe","local_time":"20181116225032","is_ascension_mode":false,"campfire_choices":[{"data":"Die Die Die","floor":6.0,"key":"SMITH"},{"data":"Dodge and Roll","floor":10.0,"key":"SMITH"},{"floor":13.0,"key":"REST"},{"data":"Dash","floor":15.0,"key":"SMITH"},{"data":"Corpse Explosion","floor":23.0,"key":"SMITH"},{"data":"Noxious Fumes","floor":25.0,"key":"SMITH"},{"data":"Dark Shackles","floor":30,"key":"SMITH"},{"data":"Cloak And Dagger","floor":32,"key":"SMITH"},{"data":"Bullet Time","floor":40,"key":"SMITH"},{"data":"The Bomb","floor":42,"key":"SMITH"},{"floor":45,"key":"REST"},{"floor":49,"key":"REST"}],"neow_cost":"PERCENT_DAMAGE","seed_source_timestamp":0,"circlet_count":0,"master_deck":["Defend_G","Defend_G","Defend_G","Defend_G","Defend_G","Strike_G","Strike_G","Strike_G","Strike_G","Strike_G","Survivor","Neutralize+1","Dark Shackles+1","Enlightenment+1","Masterful Stab+1","Dodge and Roll+1","Doubt","Die Die Die+1","PiercingWail+1","Heel Hook","Dash+1","Cloak And Dagger+1","Cloak And Dagger+1","Corpse Explosion+1","Endless Agony+1","Noxious Fumes+1","Shame","Bouncing Flask+1","Heel Hook","Bullet Time+1","Deflect+1","Riddle With Holes+1","The Bomb+1","Backflip","Footwork+1"],"special_seed":0,"relics":["Ring of the Snake","Bag of Marbles","Whetstone","Boot","MawBank","Busted Crown","Juzu Bracelet","Meat on the Bone","Toy Ornithopter","Vajra","Mango","Blue Candle","War Paint","Tiny House","Blood Vial","Pear","Regal Pillow","Red Mask"],"potions_floor_usage":[27,29,33,41,41,41,50,50,50],"damage_taken":[{"damage":0.0,"enemies":"Jaw Worm","floor":1.0,"turns":4.0},{"damage":0.0,"enemies":"Small Slimes","floor":2.0,"turns":3.0},{"damage":0.0,"enemies":"2 Louse","floor":5.0,"turns":3.0},{"damage":7.0,"enemies":"Blue Slaver","floor":7.0,"turns":3.0},{"damage":4.0,"enemies":"3 Sentries","floor":8.0,"turns":7.0},{"damage":24.0,"enemies":"Lagavulin","floor":11.0,"turns":12.0},{"damage":0.0,"enemies":"Exordium Wildlife","floor":12.0,"turns":2.0},{"damage":0.0,"enemies":"2 Fungi Beasts","floor":14.0,"turns":2.0},{"damage":4.0,"enemies":"Hexaghost","floor":16.0,"turns":10.0},{"damage":2.0,"enemies":"Spheric Guardian","floor":18.0,"turns":5.0},{"damage":8.0,"enemies":"Shell Parasite","floor":22.0,"turns":4.0},{"damage":17.0,"enemies":"Book of Stabbing","floor":24.0,"turns":5.0},{"damage":10,"enemies":"Sentry and Sphere","floor":27,"turns":5},{"damage":0,"enemies":"Centurion and Healer","floor":29,"turns":1},{"damage":69,"enemies":"Champ","floor":33,"turns":11},{"damage":3,"enemies":"3 Darklings","floor":35,"turns":4},{"damage":17,"enemies":"3 Shapes","floor":36,"turns":4},{"damage":34,"enemies":"Reptomancer","floor":41,"turns":7},{"damage":13,"enemies":"Transient","floor":44,"turns":5},{"damage":18,"enemies":"3 Darklings","floor":46,"turns":4},{"damage":23,"enemies":"Jaw Worm Horde","floor":48,"turns":5},{"damage":105,"enemies":"Awakened One","floor":50,"turns":18}],"seed_played":"363869767209748684","potions_obtained":[{"floor":1.0,"key":"GamblersBrew"},{"floor":2.0,"key":"FearPotion"},{"floor":7.0,"key":"PowerPotion"},{"floor":11.0,"key":"PowerPotion"},{"floor":16.0,"key":"FearPotion"},{"floor":18.0,"key":"SkillPotion"},{"floor":27,"key":"SkillPotion"},{"floor":29,"key":"Poison Potion"},{"floor":34,"key":"Weak Potion"},{"floor":41,"key":"Energy Potion"},{"floor":46,"key":"Energy Potion"},{"floor":48,"key":"EssenceOfSteel"}],"is_trial":false,"path_per_floor":["M","M","?","?","M","R","M","E","T","R","E","M","R","M","R","B",null,"M","?","$","?","M","R","E","R","T","M","T","M","R","?","R","B",null,"M","M","?","?","$","R","E","R","T","M","R","M","?","M","R","B",null],"character_chosen":"THE_SILENT","items_purchased":["Juzu Bracelet","Meat on the Bone","Toy Ornithopter","Strength Potion","Blood Vial","Block Potion","FearPotion"],"campfire_rested":3,"item_purchase_floors":[20,20,20,20,39,39,39],"current_hp_per_floor":[49,49,49,46,46,46,39,35,35,35,11,11,32,32,32,28,70,68,68,68,68,60,60,67,67,67,62,62,67,67,67,67,15,89,86,69,69,69,69,69,62,62,62,51,95,79,79,58,99,21],"gold":10,"neow_bonus":"RANDOM_COLORLESS_2","is_prod":false,"is_daily":false,"chose_seed":false,"campfire_upgraded":9,"win_rate":0,"timestamp":1542376232,"path_taken":["M","M","?","?","M","R","?","E","T","R","E","M","R","M","R","BOSS","M","?","$","?","M","R","E","R","T","M","?","M","R","?","R","BOSS","M","M","?","?","$","R","E","R","T","M","R","M","?","M","R","BOSS"],"build_version":"2018-11-15","purchased_purges":0,"victory":true,"max_hp_per_floor":[70,70,70,70,70,70,70,70,70,70,70,70,70,70,70,70,70,70,70,70,70,70,70,84,84,84,84,84,84,84,84,84,84,89,89,89,89,89,89,89,99,99,99,99,99,99,99,99,99,99],"card_choices":[{"not_picked":["Accuracy","Reflex"],"picked":"Masterful Stab","floor":1.0},{"not_picked":["Deadly Poison","Well Laid Plans"],"picked":"Dodge and Roll","floor":2.0},{"not_picked":["Concentrate","Slice"],"picked":"Die Die Die","floor":5.0},{"not_picked":["Quick Slash","Blade Dance"],"picked":"PiercingWail","floor":7.0},{"not_picked":["Distraction","Deflect"],"picked":"Heel Hook","floor":8.0},{"not_picked":["Deflect","Poisoned Stab"],"picked":"Dash","floor":11.0},{"not_picked":["Tactician","Backflip"],"picked":"Cloak And Dagger","floor":12.0},{"not_picked":["Well Laid Plans","Quick Slash"],"picked":"Cloak And Dagger","floor":14.0},{"not_picked":["Malaise","Night Terror"],"picked":"Corpse Explosion","floor":16.0},{"not_picked":[],"picked":"Endless Agony+1","floor":18.0},{"not_picked":[],"picked":"Bouncing Flask+1","floor":22.0},{"not_picked":["Dagger Spray"],"picked":"SKIP","floor":24.0},{"not_picked":["Accuracy"],"picked":"SKIP","floor":27},{"not_picked":[],"picked":"Heel Hook","floor":29},{"not_picked":[],"picked":"Bullet Time","floor":33},{"not_picked":[],"picked":"Deflect+1","floor":35},{"not_picked":[],"picked":"Riddle With Holes+1","floor":36},{"not_picked":[],"picked":"The Bomb","floor":37},{"not_picked":[],"picked":"Backflip","floor":41},{"not_picked":[],"picked":"Footwork+1","floor":44},{"not_picked":["Blade Dance"],"picked":"SKIP","floor":46},{"not_picked":["Dagger Spray"],"picked":"SKIP","floor":48}],"player_experience":826841,"relics_obtained":[{"floor":8.0,"key":"Whetstone"},{"floor":9.0,"key":"Boot"},{"floor":11.0,"key":"MawBank"},{"floor":24.0,"key":"Mango"},{"floor":26.0,"key":"Blue Candle"},{"floor":28,"key":"War Paint"},{"floor":41,"key":"Pear"},{"floor":43,"key":"Regal Pillow"}],"event_choices":[{"damage_healed":0.0,"max_hp_gain":0.0,"max_hp_loss":0.0,"gold_gain":175.0,"event_name":"Liars Game","player_choice":"AGREE","floor":3.0,"gold_loss":0.0,"damage_taken":0.0,"cards_obtained":["Doubt"]},{"damage_healed":0.0,"max_hp_gain":0.0,"max_hp_loss":0.0,"gold_gain":0.0,"event_name":"Scrap Ooze","player_choice":"Success","floor":4.0,"gold_loss":0.0,"damage_taken":3.0,"relics_obtained":["Bag of Marbles"]},{"damage_healed":0.0,"max_hp_gain":0.0,"max_hp_loss":0.0,"gold_gain":0.0,"event_name":"The Library","player_choice":"Read","floor":19.0,"gold_loss":0.0,"damage_taken":0.0,"cards_obtained":["Noxious Fumes"]},{"damage_healed":0.0,"max_hp_gain":0.0,"max_hp_loss":0.0,"gold_gain":0.0,"event_name":"Addict","player_choice":"Stole Relic","floor":21.0,"gold_loss":0.0,"damage_taken":0.0,"relics_obtained":["Vajra"],"cards_obtained":["Shame"]},{"damage_healed":0,"gold_gain":0,"player_choice":"Ignored","damage_taken":0,"max_hp_gain":0,"max_hp_loss":0,"event_name":"Ghosts","floor":31,"gold_loss":0},{"damage_healed":0,"gold_gain":0,"player_choice":"Memory 1","damage_taken":0,"max_hp_gain":0,"max_hp_loss":0,"event_name":"SensoryStone","floor":37,"gold_loss":0},{"damage_healed":0,"gold_gain":0,"player_choice":"Ignored","damage_taken":0,"max_hp_gain":0,"max_hp_loss":0,"event_name":"Mysterious Sphere","floor":38,"gold_loss":0},{"damage_healed":0,"gold_gain":0,"player_choice":"Paid","damage_taken":0,"relics_obtained":["Red Mask"],"max_hp_gain":0,"max_hp_loss":0,"event_name":"Tomb of Lord Red Mask","floor":47,"gold_loss":144}],"is_beta":false,"boss_relics":[{"not_picked":["Velvet Choker","Ectoplasm"],"picked":"Busted Crown"},{"not_picked":["Black Star","HoveringKite"],"picked":"Tiny House"}],"items_purged_floors":[],"is_endless":false,"potions_floor_spawned":[1,2,7,11,16,18,27,29,41,46,48],"ascension_level":0}