{"gold_per_floor":[209,159,175,193,9,9,37,37,37,37,37,56,67,67],"floor_reached":14,"playtime":703,"items_purged":[],"score":99,"play_id":"ee808f2d-126a-45ce-8363-86719f30107d","local_time":"20190217164849","is_ascension_mode":true,"campfire_choices":[{"data":"Caltrops","floor":6,"key":"SMITH"},{"data":"Bane","floor":8,"key":"SMITH"}],"neow_cost":"NONE","seed_source_timestamp":197678911797887,"circlet_count":0,"master_deck":["Defend_G","Defend_G","Defend_G","Defend_G","Defend_G","Strike_G","Strike_G","Strike_G","Strike_G","Survivor","Neutralize","Leg Sweep","Cloak And Dagger","Well Laid Plans","Caltrops+1","Bane+1","Cloak And Dagger","Footwork"],"relics":["Ring of the Snake","Anchor","Dodecahedron","Omamori"],"potions_floor_usage":[7,14,14,14],"damage_taken":[{"damage":12,"enemies":"Jaw Worm","floor":1,"turns":5},{"damage":1,"enemies":"2 Louse","floor":3,"turns":4},{"damage":7,"enemies":"Cultist","floor":4,"turns":7},{"damage":4,"enemies":"Lagavulin","floor":7,"turns":14},{"damage":6,"enemies":"Large Slime","floor":12,"turns":8},{"damage":6,"enemies":"Exordium Wildlife","floor":13,"turns":4},{"damage":38,"enemies":"Gremlin Nob","floor":14,"turns":5}],"seed_played":"8373800610404360894","potions_obtained":[{"floor":3,"key":"Dexterity Potion"},{"floor":7,"key":"SpeedPotion"},{"floor":12,"key":"FearPotion"},{"floor":13,"key":"Explosive Potion"}],"is_trial":false,"path_per_floor":["M","?","M","M","$","R","E","R","T","?","?","M","M","E"],"character_chosen":"THE_SILENT","items_purchased":["Caltrops","Anchor"],"campfire_rested":0,"item_purchase_floors":[5,5],"current_hp_per_floor":[58,58,57,50,50,50,46,46,46,46,46,40,34,0],"gold":67,"neow_bonus":"HUNDRED_GOLD","is_prod":false,"is_daily":false,"chose_seed":false,"campfire_upgraded":2,"win_rate":0,"timestamp":1550418529,"path_taken":["M","?","M","M","$","R","E","R","T","?","?","?","M","E"],"build_version":"2019-01-23","purchased_purges":0,"victory":false,"max_hp_per_floor":[70,70,70,70,70,70,70,70,70,70,70,70,70,70],"card_choices":[{"not_picked":["Underhanded Strike","Tactician"],"picked":"Leg Sweep","floor":1},{"not_picked":["Outmaneuver","Dagger Throw"],"picked":"Cloak And Dagger","floor":3},{"not_picked":["Blur","Slice"],"picked":"Well Laid Plans","floor":4},{"not_picked":["Endless Agony","Prepared"],"picked":"Bane","floor":7},{"not_picked":["Tactician","Quick Slash"],"picked":"Cloak And Dagger","floor":12},{"not_picked":["Noxious Fumes","Well Laid Plans"],"picked":"Footwork","floor":13}],"player_experience":215384,"relics_obtained":[{"floor":7,"key":"Dodecahedron"},{"floor":9,"key":"Omamori"}],"event_choices":[{"cards_removed":["Strike_G"],"damage_healed":0,"gold_gain":0,"player_choice":"Card Removal","damage_taken":0,"max_hp_gain":0,"max_hp_loss":0,"event_name":"The Cleric","floor":2,"gold_loss":50},{"damage_healed":0,"gold_gain":0,"player_choice":"Ignored","damage_taken":0,"max_hp_gain":0,"max_hp_loss":0,"event_name":"Liars Game","floor":10,"gold_loss":0},{"damage_healed":0,"gold_gain":0,"player_choice":"Ignored","damage_taken":0,"max_hp_gain":0,"max_hp_loss":0,"event_name":"NoteForYourself","floor":11,"gold_loss":0}],"is_beta":false,"boss_relics":[],"items_purged_floors":[],"is_endless":false,"potions_floor_spawned":[3,7,12,13],"killed_by":"Gremlin Nob","ascension_level":2}