{"gold_per_floor":[364,364,383,28,46,75,95,106,106,3,3,3,14,92,92,169,219,179,49,62,79,104,104,118,118],"floor_reached":25,"playtime":1254,"items_purged":["Strike_G","Strike_G"],"score":410,"play_id":"36813c12-f9d7-4ab2-957d-1575b40572ce","local_time":"20190205143310","is_ascension_mode":true,"campfire_choices":[{"floor":12.0,"key":"REST"},{"data":"Night Terror","floor":15.0,"key":"SMITH"},{"floor":23.0,"key":"REST"}],"neow_cost":"PERCENT_DAMAGE","seed_source_timestamp":2264400227408174,"circlet_count":0,"master_deck":["AscendersBane","Defend_G","Defend_G","Defend_G","Defend_G","Defend_G+1","Strike_G","Strike_G","Survivor","Neutralize","Dagger Spray","Dodge and Roll","Noxious Fumes","Finesse","Catalyst","Predator","Footwork","Backflip","Night Terror+1","Adrenaline","Deadly Poison","PiercingWail","Backflip","PiercingWail","Caltrops","Blur+1"],"special_seed":0,"relics":["Ring of the Snake","TwistedFunnel","Pear","Blue Candle","Gremlin Horn","Tiny House","Red Mask"],"potions_floor_usage":[25],"damage_taken":[{"damage":3.0,"enemies":"Small Slimes","floor":1.0,"turns":5.0},{"damage":12.0,"enemies":"Cultist","floor":3.0,"turns":6.0},{"damage":0.0,"enemies":"Jaw Worm","floor":5.0,"turns":5.0},{"damage":21.0,"enemies":"3 Sentries","floor":6.0,"turns":7.0},{"damage":0.0,"enemies":"Exordium Wildlife","floor":7.0,"turns":5.0},{"damage":2.0,"enemies":"Exordium Thugs","floor":8.0,"turns":4.0},{"damage":1.0,"enemies":"Looter","floor":13.0,"turns":3.0},{"damage":11.0,"enemies":"Hexaghost","floor":16.0,"turns":9.0},{"damage":17.0,"enemies":"2 Thieves","floor":18.0,"turns":5.0},{"damage":14.0,"enemies":"Shell Parasite","floor":20.0,"turns":7.0},{"damage":5.0,"enemies":"Snake Plant","floor":21.0,"turns":5.0},{"damage":14.0,"enemies":"Masked Bandits","floor":22.0,"turns":6.0},{"damage":17.0,"enemies":"Snecko","floor":24.0,"turns":5.0},{"damage":37,"enemies":"Gremlin Leader","floor":25,"turns":5}],"seed_played":"8827231089517233825","potions_obtained":[{"floor":5.0,"key":"AttackPotion"},{"floor":6.0,"key":"Poison Potion"},{"floor":7.0,"key":"EssenceOfSteel"},{"floor":8.0,"key":"AttackPotion"},{"floor":17.0,"key":"FearPotion"},{"floor":18.0,"key":"PowerPotion"},{"floor":22.0,"key":"Dexterity Potion"}],"is_trial":false,"path_per_floor":["M","?","M","$","M","E","M","M","T","$","?","R","M","T","R","B",null,"M","$","M","M","?","R","M","E"],"character_chosen":"THE_SILENT","items_purchased":["TwistedFunnel","Noxious Fumes","Finesse","Backflip","Backflip"],"campfire_rested":2,"item_purchase_floors":[4,4,4,10,19],"current_hp_per_floor":[41,41,29,29,29,18,18,16,16,16,16,38,37,37,37,26,69,52,52,38,33,19,43,26,0],"gold":118,"neow_bonus":"TWO_FIFTY_GOLD","is_prod":false,"is_daily":false,"chose_seed":false,"campfire_upgraded":1,"win_rate":0,"timestamp":1549395190,"path_taken":["M","?","M","$","M","E","M","?","T","$","?","R","M","?","R","BOSS","M","$","M","M","?","R","M","E"],"build_version":"2019-01-23","purchased_purges":2,"victory":false,"max_hp_per_floor":[66,66,66,66,66,76,76,76,76,76,76,76,76,76,76,76,81,81,81,81,81,81,81,81,81],"card_choices":[{"not_picked":["Cloak And Dagger","Calculated Gamble"],"picked":"Dagger Spray","floor":1.0},{"not_picked":["Riddle With Holes","Underhanded Strike"],"picked":"Dodge and Roll","floor":3.0},{"not_picked":["Riddle With Holes","Outmaneuver"],"picked":"Catalyst","floor":5.0},{"not_picked":["Blade Dance","Underhanded Strike","Dagger Spray"],"picked":"SKIP","floor":6.0},{"not_picked":["All Out Attack","Outmaneuver"],"picked":"Predator","floor":7.0},{"not_picked":["Bane","Tactician"],"picked":"Footwork","floor":8.0},{"not_picked":["Dagger Throw","Poisoned Stab"],"picked":"Night Terror","floor":13.0},{"not_picked":["Glass Knife","After Image"],"picked":"Adrenaline","floor":16.0},{"not_picked":["Deflect","Acrobatics"],"picked":"Deadly Poison","floor":17.0},{"not_picked":["Quick Slash","Masterful Stab"],"picked":"PiercingWail","floor":18.0},{"not_picked":["Dash","Terror"],"picked":"PiercingWail","floor":20.0},{"not_picked":["Blade Dance","Underhanded Strike","Slice"],"picked":"SKIP","floor":21.0},{"not_picked":["Expertise","Dagger Throw"],"picked":"Caltrops","floor":22.0},{"not_picked":["Masterful Stab","Sucker Punch"],"picked":"Blur+1","floor":24.0}],"player_experience":877422,"relics_obtained":[{"floor":6.0,"key":"Pear"},{"floor":9.0,"key":"Blue Candle"},{"floor":14.0,"key":"Gremlin Horn"},{"floor":22.0,"key":"Red Mask"}],"event_choices":[{"cards_removed":["Strike_G"],"damage_healed":0.0,"max_hp_gain":0.0,"max_hp_loss":0.0,"gold_gain":0.0,"event_name":"Purifier","player_choice":"Purged","floor":2.0,"gold_loss":0.0,"damage_taken":0.0},{"damage_healed":0.0,"max_hp_gain":0.0,"max_hp_loss":0.0,"gold_gain":0.0,"event_name":"Shining Light","player_choice":"Ignored","floor":11.0,"gold_loss":0.0,"damage_taken":0.0},{"damage_healed":0.0,"max_hp_gain":0.0,"max_hp_loss":0.0,"gold_gain":0.0,"event_name":"Masked Bandits","player_choice":"Fought Bandits","floor":22.0,"gold_loss":0.0,"damage_taken":0.0}],"is_beta":false,"boss_relics":[{"not_picked":["Lizard Tail","Ring of the Serpent"],"picked":"Tiny House"}],"items_purged_floors":[10,19],"is_endless":false,"potions_floor_spawned":[5,6,7,8,13,18,22],"killed_by":"Gremlin Leader","ascension_level":20}