{"gold_per_floor":[116,116,116,191,205,205,215,215,215,243,2,2,14,32,32,32],"floor_reached":16,"playtime":251,"items_purged":["Strike_B"],"score":200,"play_id":"17700d87-479f-4c46-aff9-2d04434e7377","local_time":"20190222232636","is_ascension_mode":true,"campfire_choices":[{"data":"Zap","floor":6,"key":"SMITH"},{"data":"Auto Shields","floor":8,"key":"SMITH"},{"floor":12,"key":"REST"},{"data":"Hyperbeam","floor":15,"key":"SMITH"}],"neow_cost":"TEN_PERCENT_HP_LOSS","seed_source_timestamp":33368294911700,"circlet_count":0,"master_deck":["AscendersBane","Strike_B","Strike_B","Strike_B","Defend_B","Defend_B","Defend_B","Defend_B","Zap+1","Dualcast","Hyperbeam+1","Auto Shields+1","Cold Snap","White Noise","Hyperbeam+1"],"relics":["Cracked Core","Gremlin Horn","Question Card","Meat on the Bone"],"potions_floor_usage":[16],"damage_taken":[{"damage":0,"enemies":"Small Slimes","floor":1,"turns":2},{"damage":0,"enemies":"2 Louse","floor":5,"turns":2},{"damage":5,"enemies":"Jaw Worm","floor":7,"turns":2},{"damage":28,"enemies":"Gremlin Nob","floor":10,"turns":4},{"damage":0,"enemies":"Exordium Thugs","floor":13,"turns":2},{"damage":9,"enemies":"Red Slaver","floor":14,"turns":2},{"damage":39,"enemies":"Hexaghost","floor":16,"turns":7}],"seed_played":"8529500361054654256","potions_obtained":[{"floor":1,"key":"Explosive Potion"},{"floor":13,"key":"Poison Potion"},{"floor":14,"key":"FearPotion"}],"is_trial":false,"path_per_floor":["M","?","?","?","M","R","M","R","T","E","$","R","M","M","R","B"],"character_chosen":"DEFECT","items_purchased":["Hyperbeam"],"campfire_rested":1,"item_purchase_floors":[11],"current_hp_per_floor":[64,46,46,35,35,35,30,30,30,2,2,21,33,36,36,0],"gold":32,"neow_bonus":"THREE_RARE_CARDS","is_prod":false,"is_daily":false,"chose_seed":false,"campfire_upgraded":3,"win_rate":0,"timestamp":1550870796,"path_taken":["M","?","?","?","?","R","M","R","T","E","?","R","M","M","R","BOSS"],"build_version":"2019-01-23","purchased_purges":1,"victory":false,"max_hp_per_floor":[64,64,64,64,64,64,64,64,64,64,64,64,64,64,64,64],"card_choices":[{"not_picked":["Machine Learning","Buffer"],"picked":"Hyperbeam","floor":0},{"not_picked":["Gash","Barrage"],"picked":"Auto Shields","floor":1},{"not_picked":["Double Energy","Stack"],"picked":"Cold Snap","floor":5},{"not_picked":["Beam Cell","Aggregate","Static Discharge"],"picked":"SKIP","floor":7},{"not_picked":["Capacitor","Ball Lightning","Rip and Tear"],"picked":"White Noise","floor":10},{"not_picked":["Coolheaded","Static Discharge","Sweeping Beam","Barrage"],"picked":"SKIP","floor":13},{"not_picked":["Sweeping Beam","Glacier","Steam","Barrage"],"picked":"SKIP","floor":14}],"player_experience":889724,"relics_obtained":[{"floor":9,"key":"Question Card"},{"floor":10,"key":"Meat on the Bone"}],"event_choices":[{"damage_healed":0,"gold_gain":0,"player_choice":"Success","damage_taken":18,"relics_obtained":["Gremlin Horn"],"max_hp_gain":0,"max_hp_loss":0,"event_name":"Scrap Ooze","floor":2,"gold_loss":0},{"damage_healed":0,"gold_gain":0,"player_choice":"Grow","damage_taken":0,"max_hp_gain":0,"max_hp_loss":0,"event_name":"Living Wall","floor":3,"gold_loss":0,"cards_upgraded":["Hyperbeam"]},{"damage_healed":0,"gold_gain":75,"player_choice":"Gather Gold","damage_taken":11,"max_hp_gain":0,"max_hp_loss":0,"event_name":"World of Goop","floor":4,"gold_loss":0}],"is_beta":false,"boss_relics":[],"items_purged_floors":[11],"is_endless":false,"potions_floor_spawned":[1,13,14],"killed_by":"Hexaghost","ascension_level":20}