{"gold_per_floor":[115,132,132,148,163,194,194,208,281,311,325,358,508,443,443,443],"floor_reached":16,"playtime":524,"items_purged":[],"score":244,"play_id":"4918664b-0a17-49b1-9cc3-5b5f11b1849d","local_time":"20190219141318","is_ascension_mode":true,"campfire_choices":[{"floor":7,"key":"REST"},{"floor":15,"key":"REST"}],"neow_cost":"NONE","seed_source_timestamp":0,"circlet_count":0,"master_deck":["AscendersBane","Defend_G","Defend_G","Defend_G","Defend_G","Defend_G","Strike_G","Strike_G","Strike_G","Strike_G","Survivor","Neutralize","Masterful Stab","Infinite Blades","Heel Hook","Deadly Poison","PiercingWail","Masterful Stab","Wraith Form v2","Blur","Leg Sweep","Doubt","Dash"],"special_seed":0,"relics":["Ring of the Snake","Du-Vu Doll","Bird Faced Urn","Dream Catcher"],"potions_floor_usage":[10,10,12,12],"damage_taken":[{"damage":5.0,"enemies":"Small Slimes","floor":1.0,"turns":8.0},{"damage":0.0,"enemies":"Cultist","floor":2.0,"turns":4.0},{"damage":0.0,"enemies":"Jaw Worm","floor":4.0,"turns":5.0},{"damage":0,"enemies":"Looter","floor":5,"turns":4},{"damage":49,"enemies":"3 Sentries","floor":6,"turns":13},{"damage":4,"enemies":"Large Slime","floor":8,"turns":5},{"damage":24,"enemies":"Gremlin Nob","floor":10,"turns":4},{"damage":0,"enemies":"Exordium Wildlife","floor":11,"turns":4},{"damage":10,"enemies":"Lagavulin","floor":12,"turns":5},{"damage":36,"enemies":"Slime Boss","floor":16,"turns":5}],"seed_played":"-1964418905618247596","potions_obtained":[{"floor":4.0,"key":"Weak Potion"},{"floor":8,"key":"Regen Potion"},{"floor":10,"key":"Strength Potion"},{"floor":11,"key":"Strength Potion"}],"is_trial":false,"path_per_floor":["M","M","?","M","M","E","R","M","T","E","M","E","?","?","R","B"],"character_chosen":"THE_SILENT","items_purchased":[],"campfire_rested":2,"item_purchase_floors":[],"current_hp_per_floor":[60,60,60,60,60,11,32,28,28,16,18,10,10,10,31,0],"gold":443,"neow_bonus":"TEN_PERCENT_HP_BONUS","is_prod":false,"is_daily":false,"chose_seed":false,"campfire_upgraded":0,"win_rate":0,"timestamp":1550553198,"path_taken":["M","M","?","?","M","E","R","M","T","E","M","E","?","?","R","BOSS"],"build_version":"2019-01-23","purchased_purges":0,"victory":false,"max_hp_per_floor":[72,72,72,72,72,72,72,72,72,72,72,72,72,72,72,72],"card_choices":[{"not_picked":["PiercingWail","Underhanded Strike"],"picked":"Masterful Stab","floor":1.0},{"not_picked":["Dagger Throw","Slice"],"picked":"Infinite Blades","floor":2.0},{"not_picked":["Riddle With Holes","Acrobatics"],"picked":"Heel Hook","floor":4.0},{"not_picked":["PiercingWail","Flying Knee"],"picked":"Deadly Poison","floor":5},{"not_picked":["Setup","Dagger Throw"],"picked":"PiercingWail","floor":6},{"not_picked":["Acrobatics","Distraction"],"picked":"Masterful Stab","floor":8},{"not_picked":["Prepared","Cloak And Dagger"],"picked":"Wraith Form v2","floor":10},{"not_picked":["Concentrate","Distraction"],"picked":"Blur","floor":11},{"not_picked":["Dagger Spray","Dagger Throw"],"picked":"Leg Sweep","floor":12},{"not_picked":["Sucker Punch","Blade Dance"],"picked":"Dash","floor":15}],"player_experience":1136544,"relics_obtained":[{"floor":6,"key":"Du-Vu Doll"},{"floor":10,"key":"Bird Faced Urn"},{"floor":12,"key":"Dream Catcher"}],"event_choices":[{"cards_removed":["Strike_G"],"damage_healed":0.0,"max_hp_gain":0.0,"max_hp_loss":0.0,"gold_gain":0.0,"event_name":"Purifier","player_choice":"Purged","floor":3.0,"gold_loss":0.0,"damage_taken":0.0},{"damage_healed":0,"gold_gain":150,"player_choice":"AGREE","damage_taken":0,"max_hp_gain":0,"max_hp_loss":0,"event_name":"Liars Game","floor":13,"gold_loss":0,"cards_obtained":["Doubt"]},{"damage_healed":0,"gold_gain":0,"player_choice":"Left Gold","damage_taken":0,"max_hp_gain":0,"max_hp_loss":0,"event_name":"World of Goop","floor":14,"gold_loss":65}],"is_beta":false,"boss_relics":[],"items_purged_floors":[],"is_endless":false,"potions_floor_spawned":[4,8,10,11],"killed_by":"Slime Boss","ascension_level":20}