{"gold_per_floor":[12,12,22,22,41,67,67,85,136,164,164,184,212,212,212,289,289,308,318,25,25,40,40,60,94,94,129,129,160,185,14,14,88,88,103,121,121,1120,311,345,345,362,362,362,396,51,64,90,90,90,90],"floor_reached":51,"playtime":3374,"items_purged":["Strike_G","Normality","Normality"],"score":1772,"play_id":"89f3e5e3-ffbe-4ad3-8c90-3e3572405634","local_time":"20190203114207","is_ascension_mode":true,"campfire_choices":[{"floor":7.0,"key":"REST"},{"data":"Glass Knife","floor":11.0,"key":"SMITH"},{"data":"Blade Dance","floor":15.0,"key":"SMITH"},{"data":"Well Laid Plans","floor":23.0,"key":"SMITH"},{"data":"Night Terror","floor":28.0,"key":"SMITH"},{"floor":32.0,"key":"REST"},{"floor":41.0,"key":"REST"},{"floor":44.0,"key":"REST"},{"data":"After Image","floor":49.0,"key":"SMITH"}],"neow_cost":"NO_GOLD","seed_source_timestamp":2077131192459060,"circlet_count":0,"master_deck":["AscendersBane","Defend_G+1","Defend_G+1","Defend_G+1","Defend_G+1","Defend_G+1","Strike_G+1","Strike_G+1","Strike_G+1","Survivor","Neutralize","Glass Knife+1","Flying Knee+1","Leg Sweep","Infinite Blades","After Image+1","Dash","Cloak And Dagger","Crippling Poison","Blade Dance+1","Corpse Explosion","Blur+1","Cloak And Dagger","Well Laid Plans+1","Heel Hook","Dagger Spray","Footwork","Cloak And Dagger","Night Terror+1","Finisher+1","Flash of Steel+1","Bullet Time","Flying Knee+1","Acrobatics+1","Apotheosis+1","Predator+1","Quick Slash+1","PiercingWail+1","Night Terror+1","Night Terror+1"],"special_seed":0,"relics":["Ring of the Snake","Meat on the Bone","Anchor","Lantern","Ornamental Fan","Philosopher\u0027s Stone","Blue Candle","Sundial","Molten Egg 2","Red Mask","Ginger","Sozu","Toxic Egg 2","Toolbox","Blood Vial","Letter Opener","Regal Pillow","DollysMirror","War Paint"],"potions_floor_usage":[51],"damage_taken":[{"damage":0.0,"enemies":"Cultist","floor":1.0,"turns":3.0},{"damage":0.0,"enemies":"Small Slimes","floor":3.0,"turns":3.0},{"damage":0.0,"enemies":"Jaw Worm","floor":5.0,"turns":3.0},{"damage":7.0,"enemies":"3 Sentries","floor":6.0,"turns":9.0},{"damage":4.0,"enemies":"3 Louse","floor":8.0,"turns":3.0},{"damage":14.0,"enemies":"Gremlin Nob","floor":10.0,"turns":4.0},{"damage":5.0,"enemies":"Large Slime","floor":12.0,"turns":4.0},{"damage":12.0,"enemies":"3 Sentries","floor":13.0,"turns":10.0},{"damage":18.0,"enemies":"Slime Boss","floor":16.0,"turns":12.0},{"damage":0.0,"enemies":"Chosen","floor":18.0,"turns":4.0},{"damage":15.0,"enemies":"Shell Parasite","floor":19.0,"turns":5.0},{"damage":11.0,"enemies":"Snecko","floor":22.0,"turns":6.0},{"damage":0.0,"enemies":"3 Cultists","floor":24.0,"turns":2.0},{"damage":1.0,"enemies":"Slavers","floor":25.0,"turns":2.0},{"damage":6.0,"enemies":"Gremlin Leader","floor":27.0,"turns":9.0},{"damage":0.0,"enemies":"Masked Bandits","floor":29.0,"turns":1.0},{"damage":46.0,"enemies":"Book of Stabbing","floor":30.0,"turns":8.0},{"damage":35.0,"enemies":"Automaton","floor":33.0,"turns":13.0},{"damage":0.0,"enemies":"3 Darklings","floor":35.0,"turns":2.0},{"damage":7.0,"enemies":"Orb Walker","floor":36.0,"turns":4.0},{"damage":10.0,"enemies":"Giant Head","floor":40.0,"turns":9.0},{"damage":28.0,"enemies":"3 Darklings","floor":42.0,"turns":4.0},{"damage":0.0,"enemies":"Nemesis","floor":45.0,"turns":7.0},{"damage":0.0,"enemies":"Maw","floor":47.0,"turns":8.0},{"damage":0.0,"enemies":"Giant Head","floor":48.0,"turns":5.0},{"damage":19.0,"enemies":"Donu and Deca","floor":50.0,"turns":9.0},{"damage":49,"enemies":"Time Eater","floor":51,"turns":9}],"seed_played":"3204158767073805582","potions_obtained":[{"floor":1.0,"key":"SneckoOil"},{"floor":5.0,"key":"AttackPotion"},{"floor":12.0,"key":"Dexterity Potion"},{"floor":16.0,"key":"GamblersBrew"},{"floor":19.0,"key":"Block Potion"},{"floor":27.0,"key":"Ancient Potion"},{"floor":29.0,"key":"Regen Potion"},{"floor":33.0,"key":"SkillPotion"}],"is_trial":false,"path_per_floor":["M","$","M","?","M","E","R","M","T","E","R","M","E","?","R","B",null,"M","M","$","?","M","R","M","E","T","E","R","?","E","$","R","B",null,"M","M","?","?","$","E","R","M","T","R","E","$","M","E","R","B","B"],"character_chosen":"THE_SILENT","items_purchased":["Well Laid Plans","Heel Hook","Fire Potion","Flash of Steel+1","Regen Potion","Toxic Egg 2","Apotheosis+1","Toolbox","DollysMirror"],"campfire_rested":4,"item_purchase_floors":[20,20,20,31,31,39,39,39,46],"current_hp_per_floor":[59,59,59,39,39,32,51,47,47,45,45,40,40,40,40,34,58,58,43,43,43,44,44,44,43,43,37,37,37,18,18,37,29,57,57,50,50,50,50,40,59,45,45,64,66,66,66,66,66,47,0],"gold":90,"neow_bonus":"THREE_RARE_CARDS","is_prod":false,"is_daily":false,"chose_seed":false,"campfire_upgraded":5,"win_rate":0,"timestamp":1549212127,"path_taken":["M","$","?","?","M","E","R","M","T","E","R","M","E","?","R","BOSS","M","M","$","?","M","R","M","E","T","E","R","?","E","$","R","BOSS","M","M","?","?","$","E","R","M","T","R","E","$","M","E","R","BOSS","BOSS"],"build_version":"2019-01-23","purchased_purges":3,"victory":false,"max_hp_per_floor":[66,66,66,66,66,66,66,66,66,66,66,66,66,66,66,66,66,66,66,66,66,66,66,66,66,66,66,66,66,66,66,66,66,66,66,66,66,66,66,66,66,66,66,66,66,66,66,66,66,66,66],"card_choices":[{"not_picked":["Storm of Steel","Envenom"],"picked":"Glass Knife","floor":0.0},{"not_picked":["Skewer","Catalyst"],"picked":"Flying Knee","floor":1.0},{"not_picked":["Dagger Spray","Deflect"],"picked":"Leg Sweep","floor":3.0},{"not_picked":["Distraction","Setup"],"picked":"Infinite Blades","floor":5.0},{"not_picked":["Dodge and Roll","Heel Hook"],"picked":"After Image","floor":6.0},{"not_picked":["Dagger Throw","Concentrate"],"picked":"Dash","floor":8.0},{"not_picked":["Outmaneuver","Leg Sweep"],"picked":"Cloak And Dagger","floor":10.0},{"not_picked":["Backflip","Dagger Throw"],"picked":"Crippling Poison","floor":12.0},{"not_picked":["Bane","Choke"],"picked":"Blade Dance","floor":13.0},{"not_picked":["Malaise","Bullet Time"],"picked":"Corpse Explosion","floor":16.0},{"not_picked":["Riddle With Holes","Concentrate"],"picked":"Blur","floor":18.0},{"not_picked":["PiercingWail","Acrobatics"],"picked":"Cloak And Dagger","floor":19.0},{"not_picked":["Escape Plan","Expertise"],"picked":"Dagger Spray","floor":22.0},{"not_picked":["Outmaneuver","Sucker Punch"],"picked":"Footwork","floor":24.0},{"not_picked":["Backflip","Outmaneuver"],"picked":"Cloak And Dagger","floor":25.0},{"not_picked":["Dodge and Roll","Slice"],"picked":"Night Terror","floor":27.0},{"not_picked":["Riddle With Holes+1","Distraction"],"picked":"Finisher+1","floor":30.0},{"not_picked":["Tools of the Trade","Storm of Steel"],"picked":"Bullet Time","floor":33.0},{"not_picked":["Skewer+1","Dash+1"],"picked":"Flying Knee+1","floor":35.0},{"not_picked":["Underhanded Strike+1","Dagger Spray+1"],"picked":"Acrobatics","floor":36.0},{"not_picked":["Concentrate+1","Deadly Poison+1"],"picked":"Predator+1","floor":40.0},{"not_picked":["Accuracy","Deflect+1"],"picked":"Quick Slash+1","floor":42.0},{"not_picked":["Tactician+1","Setup+1"],"picked":"PiercingWail+1","floor":45.0},{"not_picked":["Sucker Punch+1","Bouncing Flask+1","All Out Attack+1"],"picked":"SKIP","floor":47.0},{"not_picked":["Underhanded Strike+1","Acrobatics+1"],"picked":"Night Terror+1","floor":48.0}],"player_experience":865366,"relics_obtained":[{"floor":6.0,"key":"Meat on the Bone"},{"floor":9.0,"key":"Anchor"},{"floor":10.0,"key":"Lantern"},{"floor":13.0,"key":"Ornamental Fan"},{"floor":25.0,"key":"Blue Candle"},{"floor":26.0,"key":"Sundial"},{"floor":27.0,"key":"Molten Egg 2"},{"floor":29.0,"key":"Red Mask"},{"floor":30.0,"key":"Ginger"},{"floor":40.0,"key":"Blood Vial"},{"floor":43.0,"key":"Letter Opener"},{"floor":45.0,"key":"Regal Pillow"},{"floor":48.0,"key":"War Paint"}],"event_choices":[{"damage_healed":0.0,"max_hp_gain":0.0,"max_hp_loss":0.0,"gold_gain":0.0,"event_name":"Shining Light","player_choice":"Entered Light","floor":4.0,"gold_loss":0.0,"damage_taken":20.0,"cards_upgraded":["Flying Knee","Defend_G"]},{"damage_healed":0.0,"max_hp_gain":0.0,"max_hp_loss":0.0,"gold_gain":0.0,"event_name":"Golden Idol","player_choice":"Ignored","floor":14.0,"gold_loss":0.0,"damage_taken":0.0},{"damage_healed":0.0,"max_hp_gain":0.0,"max_hp_loss":0.0,"gold_gain":0.0,"event_name":"Back to Basics","player_choice":"Simplicity","floor":21.0,"gold_loss":0.0,"damage_taken":0.0,"cards_upgraded":["Defend_G","Defend_G","Defend_G","Defend_G","Strike_G","Strike_G","Strike_G","Strike_G"]},{"damage_healed":0.0,"max_hp_gain":0.0,"max_hp_loss":0.0,"gold_gain":0.0,"event_name":"Masked Bandits","player_choice":"Fought Bandits","floor":29.0,"gold_loss":0.0,"damage_taken":0.0},{"cards_removed":["Strike_G"],"damage_healed":0.0,"max_hp_gain":0.0,"max_hp_loss":0.0,"gold_gain":0.0,"event_name":"Falling","player_choice":"Removed Attack","floor":37.0,"gold_loss":0.0,"damage_taken":0.0},{"damage_healed":0.0,"max_hp_gain":0.0,"max_hp_loss":0.0,"gold_gain":999.0,"event_name":"MindBloom","player_choice":"Gold","floor":38.0,"gold_loss":0.0,"damage_taken":0.0,"cards_obtained":["Normality","Normality"]}],"is_beta":false,"boss_relics":[{"not_picked":["Lizard Tail","Astrolabe"],"picked":"Philosopher\u0027s Stone"},{"not_picked":["Black Star","Snecko Eye"],"picked":"Sozu"}],"items_purged_floors":[20,39,46],"is_endless":false,"potions_floor_spawned":[1,5,12,16,19,24,27,29,33,35,40,42],"killed_by":"Time Eater","ascension_level":20}