{"gold_per_floor":[112,126,126,143,163,191,191,191,242,255,287,60,60,70,70,170,170,187,205,80,99,59,89,89,99,124,136,151,151],"floor_reached":29,"playtime":2247,"items_purged":["Strike_B","Strike_B"],"score":272,"play_id":"f7582d96-cf03-4344-a433-1dde1b0c4716","local_time":"20190218201412","is_ascension_mode":true,"campfire_choices":[{"floor":7,"key":"REST"},{"data":"Loop","floor":13,"key":"SMITH"},{"data":"Storm","floor":15,"key":"SMITH"},{"floor":24,"key":"REST"}],"neow_cost":"NONE","seed_source_timestamp":311527247459728,"circlet_count":0,"master_deck":["Strike_B","Strike_B","Defend_B","Defend_B","Defend_B","Defend_B","Zap","Dualcast","Tempest","Ball Lightning","Storm+1","Self Repair","Loop+1","Steam","Reboot","Steam","Creative AI","Lockon","Rebound","Beam Cell","Conserve Battery","Streamline","Static Discharge","Heatsinks+1","Steam","Redo+1","Loop","Machine Learning+1","Cold Snap+1"],"relics":["Cracked Core","Gremlin Horn","Bronze Scales","Omamori","PreservedInsect","Orrery","Frozen Egg 2","Smiling Mask"],"potions_floor_usage":[11,16,23,28,29],"damage_taken":[{"damage":8,"enemies":"Small Slimes","floor":1,"turns":3},{"damage":0,"enemies":"Cultist","floor":2,"turns":3},{"damage":1,"enemies":"Jaw Worm","floor":4,"turns":3},{"damage":20,"enemies":"Exordium Thugs","floor":5,"turns":3},{"damage":35,"enemies":"Gremlin Nob","floor":6,"turns":4},{"damage":6,"enemies":"Large Slime","floor":10,"turns":3},{"damage":24,"enemies":"3 Sentries","floor":11,"turns":5},{"damage":1,"enemies":"3 Louse","floor":14,"turns":3},{"damage":30,"enemies":"Slime Boss","floor":16,"turns":7},{"damage":23,"enemies":"2 Thieves","floor":18,"turns":4},{"damage":9,"enemies":"3 Byrds","floor":19,"turns":3},{"damage":30,"enemies":"Snecko","floor":21,"turns":5},{"damage":15,"enemies":"Book of Stabbing","floor":23,"turns":4},{"damage":10,"enemies":"Cultist and Chosen","floor":25,"turns":5},{"damage":18,"enemies":"Centurion and Healer","floor":27,"turns":8},{"damage":5,"enemies":"Snake Plant","floor":28,"turns":3},{"damage":18,"enemies":"Snecko","floor":29,"turns":4}],"seed_played":"-7666484518161866017","potions_obtained":[{"floor":2,"key":"Ancient Potion"},{"floor":5,"key":"Regen Potion"},{"floor":19,"key":"FearPotion"},{"floor":27,"key":"Block Potion"},{"floor":28,"key":"Block Potion"}],"is_trial":false,"path_per_floor":["M","M","?","M","M","E","R","?","T","M","E","$","R","M","R","B",null,"M","M","$","M","$","E","R","M","T","M","M","M"],"character_chosen":"DEFECT","items_purchased":["PreservedInsect","Steam","Loop"],"campfire_rested":2,"item_purchase_floors":[12,20,22],"current_hp_per_floor":[67,67,72,71,58,30,54,80,80,80,72,72,72,78,78,48,80,64,55,55,25,25,10,34,24,24,13,8,0],"gold":151,"neow_bonus":"THREE_CARDS","is_prod":false,"is_daily":false,"chose_seed":false,"campfire_upgraded":2,"win_rate":0,"timestamp":1550517252,"path_taken":["M","M","?","M","M","E","R","?","T","?","E","$","R","M","R","BOSS","M","M","$","M","$","E","R","M","T","M","M","M"],"build_version":"2019-01-23","purchased_purges":2,"victory":false,"max_hp_per_floor":[75,75,80,80,80,80,80,80,80,80,80,80,80,80,80,80,80,80,80,80,80,80,80,80,80,80,80,80,80],"card_choices":[{"not_picked":["Steam","Stack"],"picked":"Tempest","floor":0},{"not_picked":["Coolheaded","Steam"],"picked":"Ball Lightning","floor":1},{"not_picked":["Tempest","Compile Driver"],"picked":"Storm","floor":2},{"not_picked":["Streamline","Leap"],"picked":"Self Repair","floor":4},{"not_picked":["Blizzard","Recycle"],"picked":"Rip and Tear","floor":5},{"not_picked":["Compile Driver","Aggregate"],"picked":"Loop","floor":6},{"not_picked":["Fusion","Chill"],"picked":"Steam","floor":10},{"not_picked":["Chill","Sweeping Beam"],"picked":"Reboot","floor":11},{"not_picked":["Ball Lightning","Cold Snap"],"picked":"Steam","floor":14},{"not_picked":["Hyperbeam","Amplify"],"picked":"Creative AI","floor":16},{"not_picked":["Ball Lightning","Gash"],"picked":"Lockon","floor":17},{"not_picked":["Leap","Turbo"],"picked":"Rebound","floor":17},{"not_picked":["Turbo","Storm"],"picked":"Beam Cell","floor":17},{"not_picked":["Barrage","Blizzard"],"picked":"Conserve Battery","floor":17},{"not_picked":["Blizzard","Beam Cell"],"picked":"Streamline","floor":17},{"not_picked":["Hologram","Conserve Battery"],"picked":"Static Discharge","floor":18},{"not_picked":["FTL","Steam"],"picked":"Heatsinks+1","floor":19},{"not_picked":["Gash","Stack"],"picked":"Redo+1","floor":21},{"not_picked":["Consume+1","Barrage"],"picked":"Machine Learning","floor":23},{"not_picked":["Melter","Redo","Gash+1"],"picked":"SKIP","floor":25},{"not_picked":["Leap","Ball Lightning"],"picked":"Cold Snap+1","floor":27},{"not_picked":["Lockon","Beam Cell","Compile Driver"],"picked":"SKIP","floor":28}],"player_experience":93562,"relics_obtained":[{"floor":6,"key":"Gremlin Horn"},{"floor":9,"key":"Bronze Scales"},{"floor":11,"key":"Omamori"},{"floor":23,"key":"Frozen Egg 2"},{"floor":26,"key":"Smiling Mask"}],"event_choices":[{"damage_healed":0,"gold_gain":0,"player_choice":"Donut","damage_taken":0,"max_hp_gain":5,"max_hp_loss":0,"event_name":"Big Fish","floor":3,"gold_loss":0},{"cards_removed":["Rip and Tear"],"damage_healed":26,"gold_gain":0,"player_choice":"Offered Uncommon","damage_taken":0,"max_hp_gain":0,"max_hp_loss":0,"event_name":"Bonfire Elementals","floor":8,"gold_loss":0}],"is_beta":false,"boss_relics":[{"not_picked":["Lizard Tail","Eternal Feather"],"picked":"Orrery"}],"items_purged_floors":[12,20],"is_endless":false,"potions_floor_spawned":[2,5,19,27,28],"killed_by":"Snecko","ascension_level":1}