{"gold_per_floor":[11,22,40,40,58,58,86,86,86,114,4,4,15,41,41,141,141,153,253,253,253,270,270,290,290,362,437,1,1,36,47,47,143,143,153,15,32,0,0,0,32,32,32,32,62,62,162,14,14,14,14,14,14,47,47],"floor_reached":56,"playtime":2796,"items_purged":["Defend_R","Regret","Normality","Parasite"],"score":1482,"play_id":"0b1b3de4-9470-4c81-bfd2-bc0e9d13e939","local_time":"20190128160505","is_ascension_mode":true,"campfire_choices":[{"data":"Perfected Strike","floor":6,"key":"SMITH"},{"data":"Shockwave","floor":15,"key":"SMITH"},{"data":"Barricade","floor":23,"key":"SMITH"},{"floor":29,"key":"REST"},{"data":"Body Slam","floor":32,"key":"SMITH"},{"floor":40,"key":"RECALL"},{"data":"Impervious","floor":42,"key":"SMITH"},{"data":"Metallicize","floor":44,"key":"SMITH"},{"data":"Feel No Pain","floor":46,"key":"SMITH"},{"data":"Rage","floor":49,"key":"SMITH"},{"data":"Defend_R","floor":52,"key":"SMITH"}],"neow_cost":"NO_GOLD","seed_source_timestamp":3730090881345123,"circlet_count":0,"master_deck":["Strike_R","Strike_R","Strike_R","Strike_R","Defend_R+1","Bash","Armaments+1","Perfected Strike+1","Shrug It Off","Thunderclap","Rage+1","Shockwave+1","Impervious+1","Twin Strike","Barricade+1","Body Slam+1","Whirlwind","Disarm+1","Feel No Pain+1","Battle Trance+1","Rage+1","Body Slam+1","Master of Strategy+1","Shrug It Off+1","Headbutt+1","Impervious+1","Shrug It Off+1","Impervious+1","Metallicize+1","Power Through+1","Warcry+1","Clothesline+1","Shrug It Off+1","Burning Pact+1"],"relics":["Burning Blood","Dodecahedron","Question Card","Gremlin Horn","Lantern","Odd Mushroom","Cursed Key","Magic Flower","Toxic Egg 2","Enchiridion","Mummified Hand","Membership Card","Meat on the Bone","Runic Dome","Red Mask","Bottled Tornado","Bronze Scales","Dream Catcher","Torii","Anchor","Red Skull"],"potions_floor_usage":[19,19,24,41,45,55,55],"damage_taken":[{"damage":6,"enemies":"Cultist","floor":1,"turns":3},{"damage":1,"enemies":"2 Louse","floor":2,"turns":2},{"damage":8,"enemies":"Jaw Worm","floor":3,"turns":3},{"damage":7,"enemies":"Looter","floor":5,"turns":3},{"damage":20,"enemies":"Gremlin Nob","floor":7,"turns":4},{"damage":20,"enemies":"Lagavulin","floor":10,"turns":7},{"damage":2,"enemies":"3 Louse","floor":13,"turns":2},{"damage":2,"enemies":"The Mushroom Lair","floor":14,"turns":4},{"damage":33,"enemies":"Hexaghost","floor":16,"turns":12},{"damage":0,"enemies":"3 Byrds","floor":18,"turns":5},{"damage":0,"enemies":"Colosseum Slavers","floor":19,"turns":2},{"damage":10,"enemies":"Colosseum Nobs","floor":19,"turns":5},{"damage":9,"enemies":"2 Thieves","floor":22,"turns":3},{"damage":24,"enemies":"Cultist and Chosen","floor":24,"turns":6},{"damage":18,"enemies":"Gremlin Leader","floor":30,"turns":6},{"damage":0,"enemies":"Chosen and Byrds","floor":31,"turns":5},{"damage":19,"enemies":"Champ","floor":33,"turns":8},{"damage":6,"enemies":"3 Shapes","floor":35,"turns":4},{"damage":1,"enemies":"Orb Walker","floor":37,"turns":2},{"damage":0,"enemies":"Reptomancer","floor":41,"turns":1},{"damage":0,"enemies":"Nemesis","floor":45,"turns":5},{"damage":0,"enemies":"Mind Bloom Boss Battle","floor":47,"turns":6},{"damage":0,"enemies":"Donu and Deca","floor":50,"turns":4},{"damage":0,"enemies":"Shield and Spear","floor":54,"turns":3},{"damage":5,"enemies":"The Heart","floor":55,"turns":6}],"seed_played":"-5816228549732749110","potions_obtained":[{"floor":2,"key":"Dexterity Potion"},{"floor":7,"key":"SpeedPotion"},{"floor":10,"key":"EssenceOfSteel"},{"floor":14,"key":"Weak Potion"},{"floor":18,"key":"AttackPotion"},{"floor":22,"key":"Regen Potion"},{"floor":33,"key":"GamblersBrew"},{"floor":37,"key":"SteroidPotion"},{"floor":41,"key":"BloodPotion"},{"floor":45,"key":"SteroidPotion"},{"floor":47,"key":"Strength Potion"},{"floor":54,"key":"Block Potion"}],"is_trial":false,"path_per_floor":["M","M","M","T","M","R","E","?","T","E","$","?","M","?","R","B",null,"M","?","?","T","M","R","M","?","T","?","$","R","E","M","R","B",null,"M","$","M","?","?","R","E","R","T","R","E","R","?","$","R","B",null,"R","$","E","B",null],"character_chosen":"IRONCLAD","items_purchased":["Shockwave","Membership Card","Battle Trance+1","Rage+1","Body Slam","Master of Strategy+1","Impervious+1","Metallicize","Anchor"],"campfire_rested":1,"item_purchase_floors":[11,28,28,28,28,28,36,36,48],"current_hp_per_floor":[80,80,78,78,77,77,63,63,63,49,49,54,58,62,62,35,85,85,81,65,65,65,65,74,58,58,49,49,76,67,76,76,66,90,90,90,90,90,90,90,90,90,90,90,90,90,90,87,87,87,87,87,87,87,87],"gold":47,"neow_bonus":"REMOVE_TWO","is_prod":false,"is_daily":false,"chose_seed":false,"campfire_upgraded":9,"win_rate":0,"timestamp":1548709505,"path_taken":["M","M","M","?","?","R","E","?","T","E","?","?","M","?","R","BOSS","M","?","?","?","?","R","M","?","T","?","$","R","E","M","R","BOSS","M","$","?","?","?","R","E","R","T","R","E","R","?","?","R","BOSS","R","$","E","BOSS"],"build_version":"2019-01-23","purchased_purges":4,"victory":true,"max_hp_per_floor":[80,80,80,80,80,80,80,80,80,80,80,85,85,85,85,85,85,85,85,85,85,85,85,85,90,90,90,90,90,90,90,90,90,90,90,90,90,90,90,90,90,90,90,90,90,90,90,87,87,87,87,87,87,87,87],"card_choices":[{"not_picked":["Heavy Blade","Seeing Red"],"picked":"Armaments","floor":1},{"not_picked":["Dual Wield","Warcry"],"picked":"Perfected Strike","floor":2},{"not_picked":["Intimidate","Armaments"],"picked":"Shrug It Off","floor":3},{"not_picked":["Clash","Havoc"],"picked":"Thunderclap","floor":5},{"not_picked":["Inflame","Uppercut"],"picked":"Rage","floor":7},{"not_picked":["Clothesline","Infernal Blade","Burning Pact","Anger"],"picked":"SKIP","floor":10},{"not_picked":["Burning Pact","Intimidate","Shrug It Off"],"picked":"Impervious","floor":13},{"not_picked":["Hemokinesis","Power Through","Clothesline"],"picked":"Twin Strike","floor":14},{"not_picked":["Impervious","Limit Break","Demon Form"],"picked":"Barricade","floor":16},{"not_picked":["Rupture+1","Flex+1","True Grit+1"],"picked":"Body Slam+1","floor":18},{"not_picked":["Juggernaut","Twin Strike","Rupture"],"picked":"Whirlwind","floor":19},{"not_picked":["Wild Strike","Rupture","Fire Breathing+1"],"picked":"Disarm+1","floor":22},{"not_picked":["Clash","Sword Boomerang","Pommel Strike"],"picked":"Feel No Pain","floor":24},{"not_picked":["Clash","Perfected Strike","Heavy Blade+1"],"picked":"Shrug It Off+1","floor":30},{"not_picked":["Infernal Blade+1","Wild Strike","Havoc+1"],"picked":"Headbutt+1","floor":31},{"not_picked":["Double Tap+1","Reaper","Feed"],"picked":"Impervious+1","floor":33},{"not_picked":["Blood for Blood+1","Perfected Strike+1","Sentinel+1"],"picked":"Shrug It Off+1","floor":35},{"not_picked":["Cleave","Flex+1","Headbutt+1"],"picked":"Power Through+1","floor":37},{"not_picked":["Anger+1","Feed","Uppercut"],"picked":"Warcry+1","floor":41},{"not_picked":["Sentinel+1","Heavy Blade","Anger+1"],"picked":"Clothesline+1","floor":45},{"not_picked":["Searing Blow+1","Sword Boomerang+1","Rupture"],"picked":"Shrug It Off+1","floor":47},{"not_picked":["Power Through+1","Dual Wield+1","Blood for Blood+1"],"picked":"Burning Pact+1","floor":54}],"player_experience":4241776,"relics_obtained":[{"floor":4,"key":"Dodecahedron"},{"floor":7,"key":"Question Card"},{"floor":9,"key":"Gremlin Horn"},{"floor":10,"key":"Lantern"},{"floor":14,"key":"Odd Mushroom"},{"floor":19,"key":"Magic Flower"},{"floor":19,"key":"Toxic Egg 2"},{"floor":20,"key":"Enchiridion"},{"floor":21,"key":"Mummified Hand"},{"floor":30,"key":"Meat on the Bone"},{"floor":41,"key":"Bottled Tornado"},{"floor":43,"key":"Bronze Scales"},{"floor":45,"key":"Dream Catcher"},{"floor":47,"key":"Torii"},{"floor":54,"key":"Red Skull"}],"event_choices":[{"damage_healed":0,"gold_gain":0,"player_choice":"Grow","damage_taken":0,"max_hp_gain":0,"max_hp_loss":0,"event_name":"Living Wall","floor":8,"gold_loss":0,"cards_upgraded":["Armaments"]},{"damage_healed":0,"gold_gain":0,"player_choice":"Donut","damage_taken":0,"max_hp_gain":5,"max_hp_loss":0,"event_name":"Big Fish","floor":12,"gold_loss":0},{"damage_healed":0,"gold_gain":0,"player_choice":"Fought Mushrooms","damage_taken":0,"max_hp_gain":0,"max_hp_loss":0,"event_name":"Mushrooms","floor":14,"gold_loss":0},{"damage_healed":0,"gold_gain":0,"player_choice":"Fight","damage_taken":0,"max_hp_gain":0,"max_hp_loss":0,"event_name":"Colosseum","floor":19,"gold_loss":0},{"damage_healed":0,"gold_gain":0,"player_choice":"Fought Nobs","damage_taken":0,"max_hp_gain":0,"max_hp_loss":0,"event_name":"Colosseum","floor":19,"gold_loss":0},{"damage_healed":0,"gold_gain":0,"player_choice":"Obtained Book","damage_taken":16,"max_hp_gain":0,"max_hp_loss":0,"event_name":"Cursed Tome","floor":20,"gold_loss":0},{"damage_healed":0,"gold_gain":0,"player_choice":"Shed Blood","damage_taken":21,"max_hp_gain":5,"max_hp_loss":0,"event_name":"Forgotten Altar","floor":25,"gold_loss":0},{"damage_healed":0,"gold_gain":75,"player_choice":"Touch","damage_taken":9,"max_hp_gain":0,"max_hp_loss":0,"event_name":"FaceTrader","floor":27,"gold_loss":0},{"damage_healed":0,"gold_gain":0,"player_choice":"Paid","damage_taken":0,"relics_obtained":["Red Mask"],"max_hp_gain":0,"max_hp_loss":0,"event_name":"Tomb of Lord Red Mask","floor":38,"gold_loss":32},{"cards_removed":["Defend_R"],"damage_healed":0,"gold_gain":0,"player_choice":"Removed Skill","damage_taken":0,"max_hp_gain":0,"max_hp_loss":0,"event_name":"Falling","floor":39,"gold_loss":0},{"damage_healed":0,"gold_gain":0,"player_choice":"Fight","damage_taken":0,"max_hp_gain":0,"max_hp_loss":0,"event_name":"MindBloom","floor":47,"gold_loss":0}],"is_beta":true,"boss_relics":[{"not_picked":["Busted Crown","Ectoplasm"],"picked":"Cursed Key"},{"not_picked":["Runic Cube","Orrery"],"picked":"Runic Dome"}],"items_purged_floors":[11,28,36,48],"is_endless":false,"potions_floor_spawned":[2,7,10,14,18,22,33,37,41,45,47,54],"ascension_level":1}