{"gold_per_floor":[359,6,6,81,92,122,142,142,142,142,171,185,201,218,218,323,323,342,152,152,251,271,271,300,300,323,355,315,315,327,346,346,442,442,456,456,59,74,89,114,114,124,147,172,72,98,98,109,109,109,109,109,14,42,42],"floor_reached":56,"playtime":4039,"items_purged":["Strike_G","Strike_G","Unload+1"],"score":1626,"play_id":"653ab583-5a21-4fd4-891e-b7094d87afcd","local_time":"20181222142506","is_ascension_mode":true,"campfire_choices":[{"data":"Sucker Punch","floor":8,"key":"SMITH"},{"data":"Neutralize","floor":15,"key":"SMITH"},{"data":"Well Laid Plans","floor":23,"key":"SMITH"},{"data":"Cloak And Dagger","floor":29,"key":"SMITH"},{"data":"Cloak And Dagger","floor":32,"key":"SMITH"},{"floor":41,"key":"RECALL"},{"data":"Mayhem","floor":49,"key":"SMITH"},{"data":"Footwork","floor":52,"key":"SMITH"}],"neow_cost":"TEN_PERCENT_HP_LOSS","seed_source_timestamp":526517348368121,"circlet_count":0,"master_deck":["Defend_G","Defend_G","Defend_G","Defend_G","Defend_G","Strike_G","Strike_G","Survivor","Neutralize+1","Backstab","Backflip","Sucker Punch+1","Sadistic Nature","Cloak And Dagger+1","Deadly Poison","Unload+1","Dagger Spray+1","Cloak And Dagger+1","Deadly Poison","Well Laid Plans+1","Poisoned Stab+1","Cloak And Dagger+1","PiercingWail","Ghostly","Ghostly","Ghostly","Ghostly","Ghostly","Poisoned Stab+1","Backflip","Dash+1","Glass Knife+1","Catalyst+1","Mayhem+1","Footwork+1","Leg Sweep+1","Backflip","Footwork+1","Backflip+1","Doppelganger","Deadly Poison+1"],"relics":["Ring of the Snake","Shovel","Matryoshka","Molten Egg 2","Philosopher\u0027s Stone","Du-Vu Doll","Pen Nib","Happy Flower","Potion Belt","Kunai","Coffee Dripper","Bronze Scales","The Courier","Dream Catcher","Bag of Preparation","Oddly Smooth Stone","Omamori","Turnip"],"potions_floor_usage":[11,18,24,33,40,55,55,55,55,55],"damage_taken":[{"damage":0,"enemies":"Cultist","floor":1,"turns":4},{"damage":0,"enemies":"Small Slimes","floor":5,"turns":3},{"damage":10,"enemies":"3 Sentries","floor":6,"turns":12},{"damage":0,"enemies":"2 Louse","floor":7,"turns":2},{"damage":14,"enemies":"Gremlin Nob","floor":11,"turns":4},{"damage":0,"enemies":"2 Fungi Beasts","floor":12,"turns":3},{"damage":0,"enemies":"Lots of Slimes","floor":13,"turns":2},{"damage":0,"enemies":"Large Slime","floor":14,"turns":3},{"damage":16,"enemies":"Slime Boss","floor":16,"turns":12},{"damage":2,"enemies":"2 Thieves","floor":18,"turns":2},{"damage":3,"enemies":"Shell Parasite","floor":22,"turns":3},{"damage":10,"enemies":"Slavers","floor":24,"turns":4},{"damage":0,"enemies":"Book of Stabbing","floor":27,"turns":6},{"damage":0,"enemies":"Snecko","floor":30,"turns":4},{"damage":0,"enemies":"Centurion and Healer","floor":31,"turns":5},{"damage":4,"enemies":"Champ","floor":33,"turns":15},{"damage":0,"enemies":"Orb Walker","floor":35,"turns":3},{"damage":0,"enemies":"3 Darklings","floor":38,"turns":4},{"damage":0,"enemies":"Writhing Mass","floor":39,"turns":5},{"damage":0,"enemies":"Reptomancer","floor":40,"turns":7},{"damage":0,"enemies":"Jaw Worm Horde","floor":42,"turns":4},{"damage":0,"enemies":"Giant Head","floor":44,"turns":8},{"damage":0,"enemies":"Nemesis","floor":46,"turns":9},{"damage":0,"enemies":"Spire Growth","floor":48,"turns":4},{"damage":0,"enemies":"Time Eater","floor":50,"turns":12},{"damage":0,"enemies":"Shield and Spear","floor":54,"turns":8},{"damage":0,"enemies":"The Heart","floor":55,"turns":10}],"seed_played":"7709636268446739926","potions_obtained":[{"floor":1,"key":"Ancient Potion"},{"floor":5,"key":"Strength Potion"},{"floor":7,"key":"GamblersBrew"},{"floor":16,"key":"Fire Potion"},{"floor":24,"key":"Energy Potion"},{"floor":28,"key":"Ancient Potion"},{"floor":28,"key":"FearPotion"},{"floor":28,"key":"GhostInAJar"},{"floor":30,"key":"Block Potion"},{"floor":39,"key":"SkillPotion"},{"floor":42,"key":"LiquidBronze"},{"floor":46,"key":"Dexterity Potion"}],"is_trial":false,"path_per_floor":["M","$","?","?","M","E","M","R","T","?","E","M","M","M","R","B",null,"M","$","?","?","M","R","E","?","T","E","?","R","M","M","R","B",null,"M","?","$","M","M","E","R","M","T","E","$","E","T","M","R","B",null,"R","$","E","B",null],"character_chosen":"THE_SILENT","items_purchased":["Backflip","Sucker Punch","Sadistic Nature","Well Laid Plans","Poisoned Stab+1","Mayhem","Footwork","Bronze Scales","SkillPotion","Doppelganger"],"campfire_rested":0,"item_purchase_floors":[2,2,2,19,19,37,37,37,53,53],"current_hp_per_floor":[63,63,63,52,52,42,42,42,42,42,28,28,28,28,28,12,63,61,61,61,61,58,58,48,31,31,31,31,31,31,31,31,27,31,31,31,31,31,31,31,31,31,31,31,31,31,31,31,31,31,31,31,31,31,31],"gold":42,"neow_bonus":"TWO_FIFTY_GOLD","is_prod":false,"is_daily":false,"chose_seed":false,"campfire_upgraded":7,"win_rate":0,"timestamp":1545506706,"path_taken":["M","?","?","?","M","E","M","R","T","?","E","M","?","M","R","BOSS","M","$","?","?","M","R","E","?","T","E","?","R","?","M","R","BOSS","M","?","$","M","M","E","R","M","T","E","$","E","?","?","R","BOSS","R","$","E","BOSS"],"build_version":"2018-12-20","purchased_purges":3,"victory":true,"max_hp_per_floor":[63,63,63,63,63,63,63,63,63,63,63,63,63,63,63,63,63,63,63,63,63,63,63,63,31,31,31,31,31,31,31,31,31,31,31,31,31,31,31,31,31,31,31,31,31,31,31,31,31,31,31,31,31,31,31],"card_choices":[{"not_picked":["Riddle With Holes","Escape Plan"],"picked":"Backstab","floor":1},{"not_picked":["Dagger Throw","Accuracy"],"picked":"Cloak And Dagger","floor":5},{"not_picked":["Flying Knee","Blur"],"picked":"Deadly Poison","floor":6},{"not_picked":["Dodge and Roll","Bane","Slice"],"picked":"SKIP","floor":7},{"not_picked":["Dagger Throw","Slice"],"picked":"Unload","floor":11},{"not_picked":["Outmaneuver","Flying Knee+1"],"picked":"Dagger Spray+1","floor":12},{"not_picked":["Dagger Throw+1","Prepared","Expertise"],"picked":"SKIP","floor":13},{"not_picked":["Blade Dance","Prepared"],"picked":"Cloak And Dagger","floor":14},{"not_picked":["Phantasmal Killer","Bullet Time"],"picked":"Unload+1","floor":16},{"not_picked":["Cloak And Dagger","Concentrate+1"],"picked":"Deadly Poison","floor":18},{"not_picked":["Outmaneuver","Flechettes+1"],"picked":"Cloak And Dagger+1","floor":22},{"not_picked":["Prepared","Tactician+1"],"picked":"PiercingWail","floor":24},{"not_picked":["Expertise","Slice+1"],"picked":"Poisoned Stab+1","floor":27},{"not_picked":["Choke+1","Prepared"],"picked":"Backflip","floor":30},{"not_picked":["Well Laid Plans","Eviscerate+1"],"picked":"Dash+1","floor":31},{"not_picked":["Wraith Form v2","Venomology"],"picked":"Glass Knife+1","floor":33},{"not_picked":["Deadly Poison+1","Dagger Spray+1"],"picked":"Catalyst+1","floor":35},{"not_picked":["Deflect+1","Blade Dance"],"picked":"Leg Sweep+1","floor":38},{"not_picked":["Deadly Poison","Backstab+1","Outmaneuver"],"picked":"SKIP","floor":39},{"not_picked":["Underhanded Strike+1","Infinite Blades+1"],"picked":"Backflip","floor":40},{"not_picked":["Prepared","Cloak And Dagger","Flechettes+1"],"picked":"SKIP","floor":42},{"not_picked":["Predator+1","Poisoned Stab+1"],"picked":"Footwork+1","floor":44},{"not_picked":["Sucker Punch+1","Terror"],"picked":"Backflip+1","floor":46},{"not_picked":["Dagger Spray+1","Sucker Punch+1","Finisher+1"],"picked":"SKIP","floor":48},{"not_picked":["Slice+1","Outmaneuver"],"picked":"Deadly Poison+1","floor":54}],"player_experience":3869725,"relics_obtained":[{"floor":6,"key":"Shovel"},{"floor":9,"key":"Matryoshka"},{"floor":11,"key":"Molten Egg 2"},{"floor":24,"key":"Pen Nib"},{"floor":26,"key":"Happy Flower"},{"floor":26,"key":"Potion Belt"},{"floor":27,"key":"Kunai"},{"floor":40,"key":"The Courier"},{"floor":43,"key":"Dream Catcher"},{"floor":44,"key":"Bag of Preparation"},{"floor":46,"key":"Oddly Smooth Stone"},{"floor":47,"key":"Omamori"},{"floor":54,"key":"Turnip"}],"event_choices":[{"damage_healed":0,"gold_gain":0,"player_choice":"Leave","damage_taken":0,"max_hp_gain":0,"max_hp_loss":0,"event_name":"The Cleric","floor":3,"gold_loss":0},{"damage_healed":0,"gold_gain":75,"player_choice":"Gather Gold","damage_taken":11,"max_hp_gain":0,"max_hp_loss":0,"event_name":"World of Goop","floor":4,"gold_loss":0},{"cards_removed":["Strike_G"],"damage_healed":0,"gold_gain":0,"player_choice":"Offered Basic","damage_taken":0,"max_hp_gain":0,"max_hp_loss":0,"event_name":"Bonfire Elementals","floor":10,"gold_loss":0},{"damage_healed":0,"gold_gain":0,"player_choice":"Opened","damage_taken":0,"relics_obtained":["Du-Vu Doll"],"max_hp_gain":0,"max_hp_loss":0,"event_name":"The Mausoleum","floor":20,"gold_loss":0},{"damage_healed":0,"gold_gain":99,"player_choice":"Stole From Cult","damage_taken":0,"max_hp_gain":0,"max_hp_loss":0,"event_name":"Nest","floor":21,"gold_loss":0},{"damage_healed":0,"gold_gain":0,"player_choice":"Became a Ghost","damage_taken":0,"max_hp_gain":0,"max_hp_loss":32,"event_name":"Ghosts","floor":25,"gold_loss":0,"cards_obtained":["Ghostly","Ghostly","Ghostly","Ghostly","Ghostly"]},{"damage_healed":0,"gold_gain":0,"player_choice":"Bought 3 Potions","damage_taken":0,"max_hp_gain":0,"max_hp_loss":0,"event_name":"The Woman in Blue","floor":28,"gold_loss":0},{"damage_healed":0,"gold_gain":0,"player_choice":"Ignored","damage_taken":0,"max_hp_gain":0,"max_hp_loss":0,"event_name":"Tomb of Lord Red Mask","floor":36,"gold_loss":0}],"is_beta":true,"boss_relics":[{"not_picked":["Ring of the Serpent","Orrery"],"picked":"Philosopher\u0027s Stone"},{"not_picked":["Empty Cage","Fusion Hammer"],"picked":"Coffee Dripper"}],"items_purged_floors":[2,19,45],"is_endless":false,"potions_floor_spawned":[1,5,7,16,24,30,39,42,46,48],"ascension_level":1}