{"gold_per_floor":[117,135,135,150,225,225,259,259,259,292,292,325,343,362,362,463,463,474,474,474,494,178,209,209,219,289,388,417,417,433,206,206,305,305,321,421,421,431,431,466,490,490,490,521,521,555,191,201,201,201,201,201,10,41,41],"floor_reached":56,"playtime":3995,"items_purged":["Writhe","Strike_G","Strike_G"],"score":1559,"play_id":"2791d7ea-00d0-4e8a-8537-4a0ef7f96d1c","local_time":"20181206074518","is_ascension_mode":true,"campfire_choices":[{"data":"Neutralize","floor":6,"key":"SMITH"},{"floor":8,"key":"REST"},{"floor":11,"key":"REST"},{"data":"Dagger Spray","floor":15,"key":"SMITH"},{"floor":24,"key":"REST"},{"data":"Burst","floor":29,"key":"SMITH"},{"data":"Discovery","floor":32,"key":"SMITH"},{"data":"Malaise","floor":42,"key":"SMITH"},{"data":"Backflip","floor":45,"key":"SMITH"},{"floor":49,"key":"RECALL"},{"data":"Backflip","floor":52,"key":"SMITH"}],"neow_cost":"NONE","seed_source_timestamp":1044515154470232,"circlet_count":0,"master_deck":["Defend_G","Defend_G","Defend_G","Defend_G","Strike_G","Strike_G","Survivor","Neutralize+1","Dagger Spray","PiercingWail","Heel Hook","Dagger Spray+1","Adrenaline","PiercingWail","Venomology","Deadly Poison","Backflip+1","Discovery+1","Backflip","Cloak And Dagger","Bouncing Flask+1","Deadly Poison","Burst+1","Backflip+1","Poisoned Stab","Deflect","Malaise+1","Bouncing Flask+1","Blur+1","Deadly Poison","Poisoned Stab+1","Acrobatics","Calculated Gamble","Wraith Form v2","After Image","Well Laid Plans"],"relics":["Ring of the Serpent","Calipers","Meat on the Bone","Pen Nib","Snake Skull","Sozu","Ancient Tea Set","Membership Card","Anchor","Dodecahedron","Red Mask","Paper Crane","Thread and Needle","Bottled Flame","Ornamental Fan","Incense Burner","Question Card","OrangePellets","StoneCalendar","Kunai","Shuriken"],"potions_floor_usage":[7,16,33,55],"damage_taken":[{"damage":0,"enemies":"Small Slimes","floor":1,"turns":4},{"damage":1,"enemies":"Jaw Worm","floor":2,"turns":7},{"damage":0,"enemies":"2 Louse","floor":4,"turns":2},{"damage":26,"enemies":"Gremlin Nob","floor":7,"turns":6},{"damage":34,"enemies":"Lagavulin","floor":10,"turns":8},{"damage":19,"enemies":"Gremlin Nob","floor":12,"turns":4},{"damage":5,"enemies":"Blue Slaver","floor":13,"turns":3},{"damage":11,"enemies":"Large Slime","floor":14,"turns":6},{"damage":29,"enemies":"The Guardian","floor":16,"turns":14},{"damage":2,"enemies":"2 Thieves","floor":18,"turns":4},{"damage":5,"enemies":"Colosseum Slavers","floor":19,"turns":4},{"damage":0,"enemies":"Chosen","floor":21,"turns":6},{"damage":18,"enemies":"Slavers","floor":23,"turns":5},{"damage":2,"enemies":"Shelled Parasite and Fungi","floor":25,"turns":5},{"damage":3,"enemies":"Masked Bandits","floor":28,"turns":4},{"damage":0,"enemies":"Snake Plant","floor":30,"turns":2},{"damage":40,"enemies":"Champ","floor":33,"turns":11},{"damage":0,"enemies":"3 Shapes","floor":35,"turns":5},{"damage":0,"enemies":"Mind Bloom Boss Battle","floor":36,"turns":4},{"damage":0,"enemies":"Orb Walker","floor":38,"turns":2},{"damage":0,"enemies":"Giant Head","floor":40,"turns":7},{"damage":0,"enemies":"Reptomancer","floor":44,"turns":6},{"damage":0,"enemies":"Nemesis","floor":46,"turns":7},{"damage":0,"enemies":"4 Shapes","floor":48,"turns":4},{"damage":0,"enemies":"Time Eater","floor":50,"turns":11},{"damage":0,"enemies":"Shield and Spear","floor":54,"turns":6},{"damage":0,"enemies":"The Heart","floor":55,"turns":12}],"seed_played":"7175910740443699841","potions_obtained":[{"floor":1,"key":"SneckoOil"},{"floor":2,"key":"SkillPotion"},{"floor":13,"key":"Ancient Potion"},{"floor":14,"key":"Block Potion"},{"floor":16,"key":"EssenceOfSteel"}],"is_trial":false,"path_per_floor":["M","M","?","M","?","R","E","R","T","E","R","E","M","M","R","B",null,"M","?","?","M","$","E","R","M","T","?","?","R","M","$","R","B",null,"M","?","?","M","?","E","T","R","T","E","R","E","$","M","R","B",null,"R","$","E","B",null],"character_chosen":"THE_SILENT","items_purchased":["Membership Card","Discovery","Backflip","Cloak And Dagger","Paper Crane","Poisoned Stab","Deflect","OrangePellets","StoneCalendar","Acrobatics","Calculated Gamble","After Image","Kunai"],"campfire_rested":3,"item_purchase_floors":[22,22,22,22,31,31,31,47,47,47,47,53,53],"current_hp_per_floor":[70,69,62,62,51,51,25,46,46,24,45,38,45,46,46,29,70,68,63,63,63,63,45,66,64,64,64,61,61,61,61,61,33,70,70,70,66,66,66,66,66,66,66,66,66,66,66,66,66,66,66,66,66,66,66],"gold":41,"neow_bonus":"REMOVE_CARD","is_prod":false,"is_daily":false,"chose_seed":false,"campfire_upgraded":7,"win_rate":0,"timestamp":1544100318,"path_taken":["M","M","?","M","?","R","E","R","T","E","R","E","M","M","R","BOSS","M","?","?","M","$","E","R","M","T","?","?","R","M","?","R","BOSS","M","?","?","M","?","E","?","R","T","E","R","E","$","M","R","BOSS","R","$","E","BOSS"],"build_version":"2018-12-06","purchased_purges":3,"victory":true,"max_hp_per_floor":[70,70,70,70,70,70,70,70,70,70,70,70,70,70,70,70,70,70,70,70,70,70,70,70,70,70,70,70,70,70,70,70,70,70,70,70,66,66,66,66,66,66,66,66,66,66,66,66,66,66,66,66,66,66,66],"card_choices":[{"not_picked":["Distraction","Underhanded Strike","Expertise"],"picked":"SKIP","floor":1},{"not_picked":["Backstab","Poisoned Stab"],"picked":"Dagger Spray","floor":2},{"not_picked":["Prepared","Endless Agony"],"picked":"PiercingWail","floor":4},{"not_picked":["Dodge and Roll","Catalyst"],"picked":"Heel Hook","floor":7},{"not_picked":["Slice","Cloak And Dagger"],"picked":"Dagger Spray","floor":10},{"not_picked":["Choke","Blade Dance"],"picked":"Adrenaline","floor":12},{"not_picked":["Underhanded Strike","Dagger Spray","Quick Slash"],"picked":"SKIP","floor":13},{"not_picked":["Slice","Quick Slash"],"picked":"PiercingWail","floor":14},{"not_picked":["Wraith Form v2","Storm of Steel"],"picked":"Venomology","floor":16},{"not_picked":["Cloak And Dagger","Poisoned Stab"],"picked":"Deadly Poison","floor":18},{"not_picked":["Dagger Throw","Dodge and Roll"],"picked":"Backflip","floor":21},{"not_picked":["Wraith Form v2","Well Laid Plans"],"picked":"Bouncing Flask+1","floor":23},{"not_picked":["PiercingWail","Quick Slash"],"picked":"Deadly Poison","floor":25},{"not_picked":["Outmaneuver+1","Flying Knee+1"],"picked":"Burst","floor":28},{"not_picked":["Cloak And Dagger+1","Slice"],"picked":"Backflip","floor":30},{"not_picked":["Storm of Steel","Wraith Form v2"],"picked":"Malaise","floor":33},{"not_picked":["Backflip","PiercingWail+1"],"picked":"Bouncing Flask+1","floor":35},{"not_picked":["Slice+1","Eviscerate","Deflect"],"picked":"SKIP","floor":38},{"not_picked":["Heel Hook","Dagger Throw+1"],"picked":"Blur+1","floor":40},{"not_picked":["Outmaneuver","Tactician+1"],"picked":"Deadly Poison","floor":44},{"not_picked":["PiercingWail","Choke"],"picked":"Poisoned Stab+1","floor":46},{"not_picked":["PiercingWail","Outmaneuver","Accuracy"],"picked":"Wraith Form v2","floor":48},{"not_picked":["Finisher+1","Deadly Poison","Acrobatics"],"picked":"Well Laid Plans","floor":54}],"player_experience":3686327,"relics_obtained":[{"floor":7,"key":"Calipers"},{"floor":9,"key":"Meat on the Bone"},{"floor":10,"key":"Pen Nib"},{"floor":12,"key":"Snake Skull"},{"floor":23,"key":"Anchor"},{"floor":26,"key":"Dodecahedron"},{"floor":28,"key":"Red Mask"},{"floor":36,"key":"Thread and Needle"},{"floor":40,"key":"Bottled Flame"},{"floor":43,"key":"Ornamental Fan"},{"floor":44,"key":"Incense Burner"},{"floor":46,"key":"Question Card"},{"floor":54,"key":"Shuriken"}],"event_choices":[{"cards_removed":["Defend_G"],"damage_healed":0,"gold_gain":0,"player_choice":"Card Removal","damage_taken":7,"max_hp_gain":0,"max_hp_loss":0,"event_name":"Golden Wing","floor":3,"gold_loss":0},{"damage_healed":0,"gold_gain":75,"player_choice":"Gather Gold","damage_taken":11,"max_hp_gain":0,"max_hp_loss":0,"event_name":"World of Goop","floor":5,"gold_loss":0},{"damage_healed":0,"gold_gain":0,"player_choice":"Fight","damage_taken":0,"max_hp_gain":0,"max_hp_loss":0,"event_name":"Colosseum","floor":19,"gold_loss":0},{"damage_healed":0,"gold_gain":0,"player_choice":"Fled From Nobs","damage_taken":0,"max_hp_gain":0,"max_hp_loss":0,"event_name":"Colosseum","floor":19,"gold_loss":0},{"damage_healed":0,"gold_gain":0,"player_choice":"Opened","damage_taken":0,"relics_obtained":["Ancient Tea Set"],"max_hp_gain":0,"max_hp_loss":0,"event_name":"The Mausoleum","floor":20,"gold_loss":0,"cards_obtained":["Writhe"]},{"damage_healed":0,"gold_gain":99,"player_choice":"Stole From Cult","damage_taken":0,"max_hp_gain":0,"max_hp_loss":0,"event_name":"Nest","floor":27,"gold_loss":0},{"damage_healed":0,"gold_gain":0,"player_choice":"Fought Bandits","damage_taken":0,"max_hp_gain":0,"max_hp_loss":0,"event_name":"Masked Bandits","floor":28,"gold_loss":0},{"damage_healed":0,"gold_gain":0,"player_choice":"Fight","damage_taken":0,"max_hp_gain":0,"max_hp_loss":0,"event_name":"MindBloom","floor":36,"gold_loss":0},{"damage_healed":0,"gold_gain":0,"player_choice":"Max HP","damage_taken":0,"max_hp_gain":0,"max_hp_loss":4,"event_name":"Winding Halls","floor":37,"gold_loss":0},{"damage_healed":0,"gold_gain":0,"player_choice":"Ignored","damage_taken":0,"max_hp_gain":0,"max_hp_loss":0,"event_name":"Mysterious Sphere","floor":39,"gold_loss":0}],"is_beta":true,"boss_relics":[{"not_picked":["Calling Bell","Coffee Dripper"],"picked":"Sozu"},{"not_picked":["Eternal Feather","White Beast Statue"],"picked":"Ring of the Serpent"}],"items_purged_floors":[22,31,47],"is_endless":false,"potions_floor_spawned":[1,2,13,14,16,18,25,30,38,40,48,54],"ascension_level":1}