{"gold_per_floor":[11,11,23,23,33,68,68,68],"floor_reached":8,"playtime":158,"items_purged":[],"score":112,"play_id":"b59949aa-49b8-41bd-9214-7eff5177cbf5","local_time":"20190123140424","is_ascension_mode":true,"campfire_choices":[{"data":"Fission","floor":7.0,"key":"SMITH"}],"neow_cost":"NO_GOLD","seed_source_timestamp":0,"circlet_count":0,"master_deck":["AscendersBane","Strike_B","Strike_B+1","Strike_B","Strike_B","Defend_B","Defend_B","Defend_B","Defend_B+1","Zap","Dualcast","Creative AI","Beam Cell","Ball Lightning","Cold Snap","Fission+1"],"special_seed":0,"relics":["Cracked Core","Orichalcum"],"potions_floor_usage":[],"damage_taken":[{"damage":4.0,"enemies":"Jaw Worm","floor":1.0,"turns":3.0},{"damage":0.0,"enemies":"Small Slimes","floor":3.0,"turns":2.0},{"damage":0.0,"enemies":"2 Louse","floor":5.0,"turns":2.0},{"damage":30.0,"enemies":"Gremlin Nob","floor":6.0,"turns":4.0},{"damage":15,"enemies":"3 Sentries","floor":8,"turns":2}],"seed_played":"-4859511591105103700","potions_obtained":[{"floor":6.0,"key":"Poison Potion"}],"is_trial":false,"path_per_floor":["M","?","M","?","M","E","R","E"],"character_chosen":"DEFECT","items_purchased":[],"campfire_rested":0,"item_purchase_floors":[],"current_hp_per_floor":[60,39,39,44,44,14,14,0],"gold":68,"neow_bonus":"THREE_RARE_CARDS","is_prod":false,"is_daily":false,"chose_seed":false,"campfire_upgraded":1,"win_rate":0,"timestamp":1548219864,"path_taken":["M","?","M","?","M","E","R","E"],"build_version":"2019-01-17v2","purchased_purges":0,"victory":false,"max_hp_per_floor":[71,71,71,76,76,76,76,76],"card_choices":[{"not_picked":["Hyperbeam","Amplify"],"picked":"Creative AI","floor":0.0},{"not_picked":["Compile Driver","Steam Power"],"picked":"Beam Cell","floor":1.0},{"not_picked":["Gash","Steam"],"picked":"Ball Lightning","floor":3.0},{"not_picked":["Heatsinks","BootSequence"],"picked":"Cold Snap","floor":5.0},{"not_picked":["Blizzard","Steam Power"],"picked":"Fission","floor":6.0}],"player_experience":1058462,"relics_obtained":[{"floor":6.0,"key":"Orichalcum"}],"event_choices":[{"damage_healed":0.0,"max_hp_gain":0.0,"max_hp_loss":0.0,"gold_gain":0.0,"event_name":"Shining Light","player_choice":"Entered Light","floor":2.0,"gold_loss":0.0,"damage_taken":21.0,"cards_upgraded":["Strike_B","Defend_B"]},{"damage_healed":0.0,"max_hp_gain":5.0,"max_hp_loss":0.0,"gold_gain":0.0,"event_name":"Big Fish","player_choice":"Donut","floor":4.0,"gold_loss":0.0,"damage_taken":0.0}],"is_beta":false,"boss_relics":[],"items_purged_floors":[],"is_endless":false,"potions_floor_spawned":[6],"killed_by":"3 Sentries","ascension_level":20}