{"gold_per_floor":[112,7,21,35,52,52,86,86,113,113],"floor_reached":10,"playtime":396,"items_purged":[],"score":136,"play_id":"bb4ad167-63cb-437b-83d9-d9e4b8e4265b","local_time":"20190220200332","is_ascension_mode":true,"campfire_choices":[{"data":"Neutralize","floor":6.0,"key":"SMITH"}],"neow_cost":"NONE","seed_source_timestamp":39348892044440,"circlet_count":0,"master_deck":["AscendersBane","Defend_G","Defend_G","Defend_G","Defend_G","Defend_G","Strike_G+1","Strike_G","Strike_G","Strike_G","Strike_G","Survivor","Neutralize+1","Well Laid Plans","Poisoned Stab","Noxious Fumes+1","Crippling Poison","PiercingWail","Dagger Spray","Quick Slash+1"],"special_seed":0,"relics":["Ring of the Snake","Omamori","Regal Pillow","Whetstone"],"potions_floor_usage":[10],"damage_taken":[{"damage":0.0,"enemies":"Cultist","floor":1.0,"turns":4.0},{"damage":0.0,"enemies":"2 Louse","floor":3.0,"turns":5.0},{"damage":9.0,"enemies":"Jaw Worm","floor":4.0,"turns":4.0},{"damage":5.0,"enemies":"Blue Slaver","floor":5.0,"turns":5.0},{"damage":12.0,"enemies":"Lagavulin","floor":7.0,"turns":6.0},{"damage":42,"enemies":"Gremlin Nob","floor":10,"turns":4}],"seed_played":"3889520238211948566","potions_obtained":[{"floor":1.0,"key":"Energy Potion"},{"floor":5.0,"key":"LiquidBronze"}],"is_trial":false,"path_per_floor":["M","$","M","M","M","R","E","?","T","E"],"character_chosen":"THE_SILENT","items_purchased":["Poisoned Stab","Noxious Fumes"],"campfire_rested":0,"item_purchase_floors":[2,2],"current_hp_per_floor":[59,59,59,50,45,45,33,33,33,0],"gold":113,"neow_bonus":"RANDOM_COMMON_RELIC","is_prod":false,"is_daily":false,"chose_seed":false,"campfire_upgraded":1,"win_rate":0,"timestamp":1550711012,"path_taken":["M","$","M","M","?","R","E","?","T","E"],"build_version":"2019-01-23","purchased_purges":0,"victory":false,"max_hp_per_floor":[66,66,66,66,66,66,66,66,66,66],"card_choices":[{"not_picked":["Bane","Escape Plan"],"picked":"Well Laid Plans","floor":1.0},{"not_picked":["Quick Slash","Choke"],"picked":"Crippling Poison","floor":3.0},{"not_picked":["Concentrate","Cloak And Dagger"],"picked":"PiercingWail","floor":4.0},{"not_picked":["Acrobatics","Underhanded Strike"],"picked":"Dagger Spray","floor":5.0},{"not_picked":["PiercingWail","Expertise"],"picked":"Quick Slash","floor":7.0}],"player_experience":969911,"relics_obtained":[{"floor":7.0,"key":"Regal Pillow"},{"floor":9.0,"key":"Whetstone"}],"event_choices":[{"damage_healed":0.0,"max_hp_gain":0.0,"max_hp_loss":0.0,"gold_gain":0.0,"event_name":"Living Wall","player_choice":"Grow","floor":8.0,"gold_loss":0.0,"damage_taken":0.0,"cards_upgraded":["Noxious Fumes"]}],"is_beta":false,"boss_relics":[],"items_purged_floors":[],"is_endless":false,"potions_floor_spawned":[1,5],"killed_by":"Gremlin Nob","ascension_level":20}