{"gold_per_floor":[115,126,139,152,152,181,181,206,206,225,243,243,343,358,358,453,453,464,454,454,135,148,148,179,198,198,198,233,233,243,243,243,243],"floor_reached":33,"playtime":1983,"items_purged":[],"score":314,"play_id":"0817433d-729a-43c1-962f-355c95bf3240","local_time":"20181223060908","is_ascension_mode":true,"campfire_choices":[{"floor":7,"key":"REST"},{"data":"Perfected Strike","floor":12,"key":"SMITH"},{"data":"Armaments","floor":15,"key":"SMITH"},{"floor":23,"key":"REST"},{"floor":27,"key":"REST"},{"data":"Corruption","floor":29,"key":"SMITH"},{"floor":32,"key":"REST"}],"neow_cost":"NONE","seed_source_timestamp":585232360447950,"circlet_count":0,"master_deck":["Strike_R","Strike_R","Strike_R","Strike_R","Strike_R","Defend_R","Defend_R","Defend_R","Defend_R+1","Bash+1","Twin Strike","Evolve","Twin Strike","Warcry","Perfected Strike+1","Rage","Bloodletting","Armaments+1","Brutality","Immolate","Twin Strike","Rage","Ghostly Armor","Shrug It Off","Shrug It Off","Corruption+1","Thunderclap","Headbutt","Ghostly Armor","Perfected Strike+1","Sentinel","Shrug It Off+1","Seeing Red+1","Rage+1"],"relics":["Burning Blood","Bottled Flame","Champion Belt","Self Forming Clay","Orrery","Kunai","MealTicket","Singing Bowl","Toxic Egg 2","Nunchaku"],"potions_floor_usage":[4,4,22,24],"damage_taken":[{"damage":6,"enemies":"Cultist","floor":1,"turns":3},{"damage":0,"enemies":"2 Louse","floor":2,"turns":4},{"damage":5,"enemies":"Small Slimes","floor":3,"turns":4},{"damage":30,"enemies":"Exordium Thugs","floor":4,"turns":6},{"damage":23,"enemies":"3 Sentries","floor":6,"turns":8},{"damage":6,"enemies":"Gremlin Nob","floor":8,"turns":3},{"damage":5,"enemies":"Gremlin Gang","floor":10,"turns":5},{"damage":6,"enemies":"3 Louse","floor":11,"turns":2},{"damage":4,"enemies":"Exordium Wildlife","floor":14,"turns":2},{"damage":31,"enemies":"Slime Boss","floor":16,"turns":10},{"damage":7,"enemies":"Shell Parasite","floor":18,"turns":7},{"damage":20,"enemies":"2 Thieves","floor":19,"turns":4},{"damage":8,"enemies":"Snake Plant","floor":22,"turns":4},{"damage":24,"enemies":"Book of Stabbing","floor":24,"turns":5},{"damage":10,"enemies":"Cultist and Chosen","floor":25,"turns":5},{"damage":9,"enemies":"Slavers","floor":28,"turns":3},{"damage":19,"enemies":"Chosen and Byrds","floor":30,"turns":7},{"damage":80,"enemies":"Collector","floor":33,"turns":15}],"seed_played":"531842787572029769","potions_obtained":[{"floor":2,"key":"Swift Potion"},{"floor":3,"key":"BloodPotion"},{"floor":8,"key":"Weak Potion"},{"floor":11,"key":"SpeedPotion"},{"floor":19,"key":"SkillPotion"},{"floor":30,"key":"Ancient Potion"}],"is_trial":false,"path_per_floor":["M","M","M","M","?","E","R","E","T","M","M","R","?","M","R","B",null,"M","M","?","$","M","R","E","M","T","R","E","R","M","?","R","B"],"character_chosen":"IRONCLAD","items_purchased":["Headbutt","Ghostly Armor","MealTicket"],"campfire_rested":4,"item_purchase_floors":[21,21,21],"current_hp_per_floor":[80,80,80,64,48,31,55,55,55,56,56,56,56,58,58,33,80,79,65,65,65,63,80,62,58,58,80,77,77,64,64,80,0],"gold":243,"neow_bonus":"THREE_CARDS","is_prod":false,"is_daily":false,"chose_seed":false,"campfire_upgraded":3,"win_rate":0,"timestamp":1545563348,"path_taken":["M","M","?","M","?","E","R","E","T","M","M","R","?","M","R","BOSS","M","M","?","$","?","R","E","?","T","R","E","R","M","?","R","BOSS"],"build_version":"2018-12-20","purchased_purges":0,"victory":false,"max_hp_per_floor":[80,80,80,80,80,80,80,80,80,80,80,80,80,80,80,80,80,80,80,80,80,80,80,80,80,80,80,80,80,80,80,80,80],"card_choices":[{"not_picked":["Blood for Blood","Sentinel"],"picked":"Twin Strike","floor":0},{"not_picked":["Heavy Blade","Searing Blow"],"picked":"Evolve","floor":1},{"not_picked":["Searing Blow","Flex"],"picked":"Twin Strike","floor":2},{"not_picked":["Flex","Anger"],"picked":"Warcry","floor":3},{"not_picked":["Clothesline","Whirlwind"],"picked":"Perfected Strike","floor":4},{"not_picked":["Heavy Blade","Inflame"],"picked":"Rage","floor":6},{"not_picked":["Dropkick","Iron Wave","Entrench"],"picked":"SKIP","floor":8},{"not_picked":["Flex","Iron Wave"],"picked":"Bloodletting","floor":10},{"not_picked":["Disarm","Thunderclap"],"picked":"Armaments","floor":11},{"not_picked":["Flex","Thunderclap"],"picked":"Brutality","floor":14},{"not_picked":["Impervious","Barricade"],"picked":"Immolate","floor":16},{"not_picked":["Body Slam","True Grit"],"picked":"Twin Strike","floor":17},{"not_picked":["Body Slam","Clash"],"picked":"Rage","floor":17},{"not_picked":["Cleave","Whirlwind"],"picked":"Ghostly Armor","floor":17},{"not_picked":["Hemokinesis","Cleave"],"picked":"Shrug It Off","floor":17},{"not_picked":["Dropkick","Ghostly Armor"],"picked":"Shrug It Off","floor":17},{"not_picked":["Reaper","Whirlwind+1"],"picked":"Corruption","floor":18},{"not_picked":["Iron Wave","Clash"],"picked":"Thunderclap","floor":19},{"not_picked":["Hemokinesis","Searing Blow"],"picked":"Perfected Strike+1","floor":22},{"not_picked":["Headbutt","Thunderclap"],"picked":"Sentinel","floor":24},{"not_picked":["Reaper","True Grit+1"],"picked":"Shrug It Off+1","floor":25},{"not_picked":["Clash","Corruption+1"],"picked":"Seeing Red+1","floor":28},{"not_picked":["Headbutt","Ghostly Armor+1"],"picked":"Rage+1","floor":30}],"player_experience":3881599,"relics_obtained":[{"floor":6,"key":"Bottled Flame"},{"floor":8,"key":"Champion Belt"},{"floor":9,"key":"Self Forming Clay"},{"floor":24,"key":"Singing Bowl"},{"floor":26,"key":"Toxic Egg 2"},{"floor":28,"key":"Nunchaku"}],"event_choices":[{"damage_healed":0,"gold_gain":0,"player_choice":"Entered Light","damage_taken":16,"max_hp_gain":0,"max_hp_loss":0,"event_name":"Shining Light","floor":5,"gold_loss":0,"cards_upgraded":["Bash","Defend_R"]},{"damage_healed":0,"gold_gain":100,"player_choice":"Pray","damage_taken":0,"max_hp_gain":0,"max_hp_loss":0,"event_name":"Golden Shrine","floor":13,"gold_loss":0},{"damage_healed":0,"gold_gain":0,"player_choice":"Gave Potion","damage_taken":0,"relics_obtained":["Kunai"],"max_hp_gain":0,"max_hp_loss":0,"event_name":"WeMeetAgain","floor":20,"gold_loss":0},{"damage_healed":0,"gold_gain":0,"player_choice":"Ignored","damage_taken":0,"max_hp_gain":0,"max_hp_loss":0,"event_name":"Vampires","floor":31,"gold_loss":0}],"is_beta":true,"boss_relics":[{"not_picked":["Calling Bell","Black Star"],"picked":"Orrery"}],"items_purged_floors":[],"is_endless":false,"potions_floor_spawned":[2,3,8,11,19,30],"killed_by":"Collector","ascension_level":1}