{"gold_per_floor":[119,119,131,96,115,140,140,152,152,180,180,199,199,213,213,312,312,325,127,143,162,193,193,292,307,307,326,337,337,337,357,357,458,458,470,692,692,703,719,719,719,719,743,753,753,763,763,783,783,783,783,783,270,305,305],"floor_reached":56,"playtime":3196,"items_purged":["Strike_R","Evolve"],"score":1263,"play_id":"f128feb1-05f9-4f17-b13a-47205743a83e","local_time":"20181102125858","is_ascension_mode":true,"campfire_choices":[{"data":"Searing Blow","floor":7,"key":"SMITH"},{"data":"Searing Blow+1","floor":11,"key":"SMITH"},{"data":"Searing Blow+2","floor":13,"key":"SMITH"},{"data":"Searing Blow+3","floor":15,"key":"SMITH"},{"data":"Searing Blow+4","floor":23,"key":"SMITH"},{"floor":30,"key":"REST"},{"data":"Searing Blow+5","floor":32,"key":"SMITH"},{"data":"Searing Blow+6","floor":40,"key":"SMITH"},{"data":"Searing Blow+7","floor":42,"key":"SMITH"},{"data":"Searing Blow+8","floor":45,"key":"SMITH"},{"floor":47,"key":"REST"},{"floor":49,"key":"RECALL"},{"data":"Armaments","floor":52,"key":"SMITH"}],"neow_cost":"PERCENT_DAMAGE","seed_source_timestamp":715985655455183,"circlet_count":0,"master_deck":["Strike_R","Strike_R","Strike_R","Strike_R","Defend_R","Defend_R","Defend_R","Defend_R","Bash","Limit Break","Power Through","True Grit","Searing Blow+9","Burning Pact","Warcry","Shrug It Off","Offering","Armaments+1","Second Wind","Headbutt","Feel No Pain","Disarm","Warcry+1","Ghostly Armor","Immolate","Madness","Madness","Warcry","Evolve+1","Metallicize+1","Warcry","True Grit+1"],"relics":["Burning Blood","Question Card","Mercury Hourglass","Bottled Lightning","Runic Dome","Red Mask","Kunai","Enchiridion","Runic Cube","Red Skull","PreservedInsect","Orichalcum","Ginger"],"potions_floor_usage":[6,6,6,10,10,21,28,33,39,55,55,55],"damage_taken":[{"damage":0,"enemies":"2 Louse","floor":1,"turns":3},{"damage":3,"enemies":"Jaw Worm","floor":3,"turns":5},{"damage":5,"enemies":"Small Slimes","floor":5,"turns":4},{"damage":13,"enemies":"Lagavulin","floor":6,"turns":10},{"damage":3,"enemies":"Looter","floor":8,"turns":3},{"damage":24,"enemies":"Gremlin Nob","floor":10,"turns":5},{"damage":7,"enemies":"Blue Slaver","floor":12,"turns":3},{"damage":1,"enemies":"3 Louse","floor":14,"turns":4},{"damage":12,"enemies":"Slime Boss","floor":16,"turns":8},{"damage":10,"enemies":"2 Thieves","floor":18,"turns":4},{"damage":6,"enemies":"Shell Parasite","floor":20,"turns":5},{"damage":14,"enemies":"Shelled Parasite and Fungi","floor":21,"turns":4},{"damage":49,"enemies":"Masked Bandits","floor":22,"turns":5},{"damage":0,"enemies":"Chosen and Byrds","floor":25,"turns":3},{"damage":7,"enemies":"Centurion and Healer","floor":27,"turns":6},{"damage":9,"enemies":"Snecko","floor":28,"turns":5},{"damage":9,"enemies":"Snake Plant","floor":31,"turns":5},{"damage":39,"enemies":"Champ","floor":33,"turns":14},{"damage":2,"enemies":"3 Shapes","floor":35,"turns":4},{"damage":7,"enemies":"Orb Walker","floor":38,"turns":3},{"damage":9,"enemies":"4 Shapes","floor":39,"turns":7},{"damage":14,"enemies":"Jaw Worm Horde","floor":44,"turns":7},{"damage":18,"enemies":"Maw","floor":46,"turns":6},{"damage":27,"enemies":"Transient","floor":48,"turns":5},{"damage":47,"enemies":"Time Eater","floor":50,"turns":11},{"damage":7,"enemies":"Shield and Spear","floor":54,"turns":3},{"damage":28,"enemies":"The Heart","floor":55,"turns":15}],"seed_played":"1609242832310946011","potions_obtained":[{"floor":1,"key":"Energy Potion"},{"floor":3,"key":"GamblersBrew"},{"floor":5,"key":"FearPotion"},{"floor":8,"key":"Poison Potion"},{"floor":10,"key":"Fruit Juice"},{"floor":20,"key":"SpeedPotion"},{"floor":25,"key":"BloodPotion"},{"floor":27,"key":"PowerPotion"},{"floor":31,"key":"Ancient Potion"},{"floor":33,"key":"Dexterity Potion"},{"floor":35,"key":"Swift Potion"}],"is_trial":false,"path_per_floor":["M","?","M","?","M","E","R","M","T","E","R","M","R","M","R","B",null,"M","$","M","M","?","R","?","M","T","M","M","?","R","M","R","B",null,"M","?","?","M","M","R","?","R","T","M","R","M","R","M","R","B",null,"R","$","E","B",null],"character_chosen":"IRONCLAD","items_purchased":["Armaments","Second Wind","Warcry","SpeedPotion","SpeedPotion","PreservedInsect","Orichalcum"],"campfire_rested":2,"item_purchase_floors":[19,19,53,53,53,53,53],"current_hp_per_floor":[62,59,62,80,80,73,73,76,76,63,63,62,62,67,67,61,85,81,81,81,73,30,30,30,36,36,35,40,24,49,46,46,13,85,85,85,74,73,70,70,70,70,70,62,62,50,75,54,54,13,85,85,85,84,62],"gold":305,"neow_bonus":"THREE_RARE_CARDS","is_prod":false,"is_daily":false,"chose_seed":false,"campfire_upgraded":10,"win_rate":0,"timestamp":1541177938,"path_taken":["M","?","M","?","M","E","R","M","T","E","R","M","R","M","R","BOSS","M","$","M","M","?","R","?","M","T","M","M","?","R","M","R","BOSS","M","?","?","M","M","R","?","R","T","M","R","M","R","M","R","BOSS","R","$","E","BOSS"],"build_version":"2018-11-01v2","purchased_purges":2,"victory":true,"max_hp_per_floor":[80,80,80,80,80,80,80,80,80,85,85,85,85,85,85,85,85,85,85,85,85,85,85,85,85,85,85,85,85,85,85,85,85,85,85,85,85,85,85,85,85,85,85,85,85,85,85,85,85,85,85,85,85,85,85],"card_choices":[{"not_picked":["Exhume","Fiend Fire"],"picked":"Limit Break","floor":0},{"not_picked":["Shockwave","Fire Breathing"],"picked":"Power Through","floor":1},{"not_picked":["Pommel Strike","Anger","Dual Wield"],"picked":"True Grit","floor":3},{"not_picked":["Dropkick","Metallicize","Sever Soul"],"picked":"Searing Blow","floor":5},{"not_picked":["Spot Weakness","Reckless Charge","Iron Wave","Dropkick"],"picked":"SKIP","floor":6},{"not_picked":["Whirlwind","True Grit","Corruption"],"picked":"Evolve","floor":8},{"not_picked":["Iron Wave","Wild Strike","Heavy Blade"],"picked":"Burning Pact","floor":10},{"not_picked":["Iron Wave","Impervious","Bloodletting"],"picked":"Warcry","floor":12},{"not_picked":["Perfected Strike","True Grit","Rampage"],"picked":"Shrug It Off","floor":14},{"not_picked":["Bludgeon","Barricade","Reaper"],"picked":"Offering","floor":16},{"not_picked":["Rupture","Flex","Wild Strike"],"picked":"Headbutt","floor":18},{"not_picked":["Anger","Feed","Reckless Charge"],"picked":"Headbutt","floor":20},{"not_picked":["Clothesline","Sword Boomerang","Uppercut","Headbutt+1"],"picked":"SKIP","floor":21},{"not_picked":["Wild Strike","Rampage","Entrench"],"picked":"Feel No Pain","floor":22},{"not_picked":["Havoc","Sever Soul","Body Slam+1"],"picked":"Disarm","floor":25},{"not_picked":["Corruption","Bludgeon","Sever Soul"],"picked":"Warcry+1","floor":27},{"not_picked":["Flex","Armaments","Thunderclap"],"picked":"Ghostly Armor","floor":28},{"not_picked":["Flex+1","Feel No Pain+1","Perfected Strike","Iron Wave"],"picked":"SKIP","floor":31},{"not_picked":["Offering","Demon Form","Brutality"],"picked":"Immolate","floor":33},{"not_picked":["Burning Pact+1","Dual Wield","Heavy Blade","Clothesline+1"],"picked":"SKIP","floor":35},{"not_picked":["Anger+1","Iron Wave","Armaments","Havoc+1"],"picked":"SKIP","floor":38},{"not_picked":["Heavy Blade","Sword Boomerang","Bludgeon"],"picked":"Warcry","floor":39},{"not_picked":["Sword Boomerang","Dropkick","Perfected Strike+1"],"picked":"Evolve+1","floor":44},{"not_picked":["Heavy Blade","Iron Wave","Headbutt"],"picked":"Metallicize+1","floor":46},{"not_picked":["Wild Strike","Bloodletting","Uppercut+1","Flex+1"],"picked":"SKIP","floor":48},{"not_picked":["Bloodletting","Iron Wave+1","Disarm+1"],"picked":"True Grit+1","floor":54}],"player_experience":3256886,"relics_obtained":[{"floor":6,"key":"Mercury Hourglass"},{"floor":10,"key":"Bottled Lightning"},{"floor":22,"key":"Red Mask"},{"floor":26,"key":"Kunai"},{"floor":29,"key":"Enchiridion"},{"floor":43,"key":"Red Skull"},{"floor":54,"key":"Ginger"}],"event_choices":[{"damage_healed":0,"gold_gain":0,"player_choice":"Success","damage_taken":3,"relics_obtained":["Question Card"],"max_hp_gain":0,"max_hp_loss":0,"event_name":"Scrap Ooze","floor":2,"gold_loss":0},{"damage_healed":20,"gold_gain":0,"player_choice":"Healed","damage_taken":0,"max_hp_gain":0,"max_hp_loss":0,"event_name":"The Cleric","floor":4,"gold_loss":35},{"damage_healed":0,"gold_gain":0,"player_choice":"Fought Bandits","damage_taken":0,"max_hp_gain":0,"max_hp_loss":0,"event_name":"Masked Bandits","floor":22,"gold_loss":0},{"damage_healed":0,"gold_gain":99,"player_choice":"Stole From Cult","damage_taken":0,"max_hp_gain":0,"max_hp_loss":0,"event_name":"Nest","floor":24,"gold_loss":0},{"damage_healed":0,"gold_gain":0,"player_choice":"Obtained Book","damage_taken":16,"max_hp_gain":0,"max_hp_loss":0,"event_name":"Cursed Tome","floor":29,"gold_loss":0},{"damage_healed":0,"gold_gain":222,"player_choice":"Wore Mask","damage_taken":0,"max_hp_gain":0,"max_hp_loss":0,"event_name":"Tomb of Lord Red Mask","floor":36,"gold_loss":0},{"damage_healed":0,"gold_gain":0,"player_choice":"Embrace Madness","damage_taken":11,"max_hp_gain":0,"max_hp_loss":0,"event_name":"Winding Halls","floor":37,"gold_loss":0,"cards_obtained":["Madness","Madness"]},{"cards_removed":["Headbutt"],"damage_healed":0,"gold_gain":0,"player_choice":"Removed Attack","damage_taken":0,"max_hp_gain":0,"max_hp_loss":0,"event_name":"Falling","floor":41,"gold_loss":0}],"is_beta":true,"boss_relics":[{"not_picked":["Busted Crown","Runic Pyramid"],"picked":"Runic Dome"},{"not_picked":["Calling Bell","Lizard Tail"],"picked":"Runic Cube"}],"items_purged_floors":[19,53],"is_endless":false,"potions_floor_spawned":[1,3,5,8,10,20,25,27,31,33,35,38],"ascension_level":1}