{"gold_per_floor":[112,26,41,55,70,70,99,99,124,124,135,135],"floor_reached":12,"playtime":357,"items_purged":[],"score":160,"play_id":"3aea611d-9072-43f6-b820-f90cf44fa9b5","local_time":"20190201094240","is_ascension_mode":true,"campfire_choices":[{"data":"Creative AI","floor":6,"key":"SMITH"},{"floor":8,"key":"REST"}],"neow_cost":"NONE","seed_source_timestamp":1902780730130307,"circlet_count":0,"master_deck":["AscendersBane","Strike_B","Strike_B","Strike_B","Strike_B","Defend_B","Defend_B","Defend_B","Defend_B","Zap","Dualcast","Cold Snap","Genetic Algorithm","Creative AI+1","Conserve Battery","Ball Lightning","Capacitor","Conserve Battery","Hologram"],"relics":["Cracked Core","Dream Catcher","Bronze Scales"],"potions_floor_usage":[1,12,12],"damage_taken":[{"damage":0,"enemies":"Small Slimes","floor":1,"turns":4},{"damage":14,"enemies":"2 Louse","floor":3,"turns":2},{"damage":4,"enemies":"Jaw Worm","floor":4,"turns":4},{"damage":14,"enemies":"Red Slaver","floor":5,"turns":4},{"damage":24,"enemies":"Lagavulin","floor":7,"turns":8},{"damage":2,"enemies":"Looter","floor":11,"turns":3},{"damage":38,"enemies":"Exordium Thugs","floor":12,"turns":3}],"seed_played":"2175362016963980863","potions_obtained":[{"floor":0,"key":"SteroidPotion"},{"floor":0,"key":"Block Potion"},{"floor":5,"key":"Strength Potion"},{"floor":11,"key":"FocusPotion"}],"is_trial":false,"path_per_floor":["M","$","M","M","M","R","E","R","T","?","M","M"],"character_chosen":"DEFECT","items_purchased":["Genetic Algorithm"],"campfire_rested":1,"item_purchase_floors":[2],"current_hp_per_floor":[64,64,50,46,32,32,8,29,29,29,27,0],"gold":135,"neow_bonus":"THREE_SMALL_POTIONS","is_prod":false,"is_daily":false,"chose_seed":false,"campfire_upgraded":1,"win_rate":0,"timestamp":1549032160,"path_taken":["M","$","M","M","M","R","E","R","T","?","M","M"],"build_version":"2019-01-23","purchased_purges":0,"victory":false,"max_hp_per_floor":[71,71,71,71,71,71,71,71,71,71,71,71],"card_choices":[{"not_picked":["Hologram","Coolheaded"],"picked":"Cold Snap","floor":1},{"not_picked":["Beam Cell","Auto Shields"],"picked":"Creative AI","floor":3},{"not_picked":["Coolheaded","Barrage"],"picked":"Conserve Battery","floor":4},{"not_picked":["Gash","Reinforced Body"],"picked":"Ball Lightning","floor":5},{"not_picked":["Scrape","Beam Cell"],"picked":"Capacitor","floor":7},{"not_picked":["Beam Cell","Barrage"],"picked":"Conserve Battery","floor":8},{"not_picked":["Tempest","Heatsinks"],"picked":"Hologram","floor":11}],"player_experience":851236,"relics_obtained":[{"floor":7,"key":"Dream Catcher"},{"floor":9,"key":"Bronze Scales"}],"event_choices":[{"damage_healed":0,"gold_gain":0,"player_choice":"Ignored","damage_taken":0,"max_hp_gain":0,"max_hp_loss":0,"event_name":"Golden Wing","floor":10,"gold_loss":0}],"is_beta":false,"boss_relics":[],"items_purged_floors":[],"is_endless":false,"potions_floor_spawned":[5,7,11],"killed_by":"Exordium Thugs","ascension_level":20}