{"gold_per_floor":[114,114,47,62,80,80,92,92,115,115,145,103,103,116,116,211,211,229,245,245,264,264,264],"floor_reached":23,"playtime":1651,"items_purged":[],"score":191,"play_id":"6d8674dd-19c1-4b2f-8612-0e33e8d305c8","local_time":"20190216230115","is_ascension_mode":false,"campfire_choices":[{"data":"Inflame","floor":6,"key":"SMITH"},{"floor":8,"key":"REST"},{"data":"Demon Form","floor":10,"key":"SMITH"},{"floor":15,"key":"REST"}],"neow_cost":"NONE","seed_source_timestamp":508009164538775,"circlet_count":0,"master_deck":["Strike_R","Strike_R","Strike_R","Defend_R","Defend_R","Defend_R","Defend_R","Bash","Flex","Headbutt","Inflame+1","Flex","Demon Form+1","Inflame","Thunderclap","Dropkick","Feed","Infernal Blade+1","Headbutt","Shrug It Off","Sword Boomerang"],"relics":["Black Blood","Bag of Preparation","Juzu Bracelet"],"potions_floor_usage":[7,16,19],"damage_taken":[{"damage":13,"enemies":"2 Louse","floor":1,"turns":3},{"damage":6,"enemies":"Cultist","floor":4,"turns":3},{"damage":8,"enemies":"Jaw Worm","floor":5,"turns":3},{"damage":40,"enemies":"Gremlin Gang","floor":7,"turns":6},{"damage":40,"enemies":"3 Sentries","floor":11,"turns":7},{"damage":11,"enemies":"2 Fungi Beasts","floor":14,"turns":4},{"damage":35,"enemies":"Slime Boss","floor":16,"turns":4},{"damage":29,"enemies":"Chosen","floor":18,"turns":6},{"damage":28,"enemies":"Shell Parasite","floor":19,"turns":3},{"damage":22,"enemies":"3 Cultists","floor":21,"turns":4},{"damage":42,"enemies":"Snake Plant","floor":23,"turns":2}],"seed_played":"3334973319317611710","potions_obtained":[{"floor":1,"key":"Energy Potion"},{"floor":11,"key":"Ancient Potion"},{"floor":18,"key":"BloodPotion"}],"is_trial":false,"path_per_floor":["M","?","$","M","M","R","M","R","T","R","E","?","?","M","R","B",null,"M","M","?","M","?","M"],"character_chosen":"IRONCLAD","items_purchased":["Inflame"],"campfire_rested":2,"item_purchase_floors":[3],"current_hp_per_floor":[73,73,73,73,71,71,37,61,61,61,27,27,27,22,46,17,80,61,51,51,42,42,0],"gold":264,"neow_bonus":"THREE_CARDS","is_prod":false,"is_daily":false,"chose_seed":false,"campfire_upgraded":2,"win_rate":0.0,"timestamp":1550376075,"path_taken":["M","?","?","M","M","R","M","R","T","R","E","?","?","M","R","BOSS","M","M","?","M","?","M"],"build_version":"2019-01-23","purchased_purges":0,"victory":false,"max_hp_per_floor":[80,80,80,80,80,80,80,80,80,80,80,80,80,80,80,80,80,80,80,80,83,83,83],"card_choices":[{"not_picked":["True Grit","Pommel Strike"],"picked":"Flex","floor":0},{"not_picked":["Warcry","Corruption"],"picked":"Headbutt","floor":1},{"not_picked":["Cleave","Clash"],"picked":"Flex","floor":4},{"not_picked":["Inflame","Fire Breathing"],"picked":"Demon Form","floor":5},{"not_picked":["Infernal Blade","Disarm"],"picked":"Inflame","floor":7},{"not_picked":["True Grit","Feel No Pain"],"picked":"Thunderclap","floor":11},{"not_picked":["Sever Soul","Metallicize"],"picked":"Dropkick","floor":14},{"not_picked":["Brutality","Double Tap"],"picked":"Feed","floor":16},{"not_picked":["Seeing Red","Warcry+1"],"picked":"Infernal Blade+1","floor":18},{"not_picked":["Warcry","Clash"],"picked":"Headbutt","floor":19},{"not_picked":["True Grit","Dropkick"],"picked":"Sword Boomerang","floor":21}],"player_experience":56333,"relics_obtained":[{"floor":9,"key":"Bag of Preparation"},{"floor":11,"key":"Juzu Bracelet"}],"event_choices":[{"cards_removed":["Strike_R"],"damage_healed":0,"gold_gain":0,"player_choice":"Purged","damage_taken":0,"max_hp_gain":0,"max_hp_loss":0,"event_name":"Purifier","floor":2,"gold_loss":0},{"damage_healed":0,"gold_gain":0,"player_choice":"Left Gold","damage_taken":0,"max_hp_gain":0,"max_hp_loss":0,"event_name":"World of Goop","floor":12,"gold_loss":42},{"damage_healed":0,"gold_gain":0,"player_choice":"Ignored","damage_taken":0,"max_hp_gain":0,"max_hp_loss":0,"event_name":"NoteForYourself","floor":13,"gold_loss":0},{"damage_healed":0,"gold_gain":0,"player_choice":"Read","damage_taken":0,"max_hp_gain":0,"max_hp_loss":0,"event_name":"The Library","floor":20,"gold_loss":0,"cards_obtained":["Shrug It Off"]},{"cards_removed":["Strike_R"],"damage_healed":0,"gold_gain":0,"player_choice":"Offered Basic","damage_taken":0,"max_hp_gain":0,"max_hp_loss":0,"event_name":"Bonfire Elementals","floor":22,"gold_loss":0}],"is_beta":false,"boss_relics":[{"not_picked":["Busted Crown","Ectoplasm"],"picked":"Black Blood"}],"items_purged_floors":[],"is_endless":false,"potions_floor_spawned":[1,11,18],"killed_by":"Snake Plant","ascension_level":0}