{"gold_per_floor":[20,39,39,59,78,78,113,113,113,145,24,36,111,146,146,146],"floor_reached":16,"playtime":941,"items_purged":[],"score":126,"play_id":"bbaf5b88-c4c1-426a-ba6f-40a27a7d2e97","local_time":"20181205014624","is_ascension_mode":true,"campfire_choices":[{"data":"Glass Knife","floor":6,"key":"SMITH"},{"data":"Bouncing Flask","floor":8,"key":"SMITH"},{"data":"Catalyst","floor":15,"key":"SMITH"}],"neow_cost":"NO_GOLD","seed_source_timestamp":940499177407714,"circlet_count":0,"master_deck":["Defend_G","Defend_G","Defend_G","Defend_G","Defend_G","Strike_G","Strike_G","Strike_G","Strike_G","Strike_G","Survivor","Neutralize","Glass Knife+1","Sucker Punch","Deadly Poison","Deadly Poison","Cloak And Dagger","Bouncing Flask+1","Catalyst+1","Well Laid Plans","Escape Plan","Leg Sweep"],"relics":["Ring of the Snake","Mummified Hand","Gremlin Horn","Kunai","Juzu Bracelet","Question Card"],"potions_floor_usage":[16],"damage_taken":[{"damage":2,"enemies":"Small Slimes","floor":1,"turns":4},{"damage":0,"enemies":"Cultist","floor":2,"turns":3},{"damage":0,"enemies":"2 Louse","floor":4,"turns":2},{"damage":4,"enemies":"Gremlin Gang","floor":5,"turns":6},{"damage":12,"enemies":"Lagavulin","floor":7,"turns":6},{"damage":13,"enemies":"Gremlin Nob","floor":10,"turns":4},{"damage":8,"enemies":"Large Slime","floor":12,"turns":7},{"damage":6,"enemies":"3 Sentries","floor":14,"turns":8},{"damage":16,"enemies":"Slime Boss","floor":16,"turns":4}],"seed_played":"976186727391265910","potions_obtained":[{"floor":1,"key":"LiquidBronze"},{"floor":7,"key":"Ancient Potion"},{"floor":12,"key":"Fire Potion"}],"is_trial":false,"path_per_floor":["M","M","?","M","M","R","E","R","T","E","$","M","?","E","R","B"],"character_chosen":"THE_SILENT","items_purchased":["Well Laid Plans","Escape Plan"],"campfire_rested":0,"item_purchase_floors":[11,11],"current_hp_per_floor":[68,68,68,68,64,64,52,52,52,39,39,31,20,14,14,0],"gold":146,"neow_bonus":"THREE_RARE_CARDS","is_prod":false,"is_daily":false,"chose_seed":false,"campfire_upgraded":3,"win_rate":0,"timestamp":1543992384,"path_taken":["M","M","?","M","?","R","E","R","T","E","?","M","?","E","R","BOSS"],"build_version":"2018-12-4","purchased_purges":0,"victory":false,"max_hp_per_floor":[70,70,70,70,70,70,70,70,70,70,70,70,70,70,70,70],"card_choices":[{"not_picked":["Tools of the Trade","Doppelganger"],"picked":"Glass Knife","floor":0},{"not_picked":["Dagger Throw","Bane"],"picked":"Sucker Punch","floor":1},{"not_picked":["Slice","Bane"],"picked":"Deadly Poison","floor":2},{"not_picked":["Dagger Spray","Tactician"],"picked":"Deadly Poison","floor":4},{"not_picked":["Caltrops","Outmaneuver"],"picked":"Cloak And Dagger","floor":5},{"not_picked":["Tools of the Trade","Sucker Punch"],"picked":"Bouncing Flask","floor":7},{"not_picked":["Deflect","Cloak And Dagger"],"picked":"Catalyst","floor":10},{"not_picked":["Quick Slash","Slice"],"picked":"Leg Sweep","floor":12},{"not_picked":["Predator","Blade Dance","Backstab"],"picked":"SKIP","floor":14}],"player_experience":3669074,"relics_obtained":[{"floor":7,"key":"Gremlin Horn"},{"floor":9,"key":"Kunai"},{"floor":10,"key":"Juzu Bracelet"},{"floor":14,"key":"Question Card"}],"event_choices":[{"damage_healed":0,"gold_gain":0,"player_choice":"Gave Potion","damage_taken":0,"relics_obtained":["Mummified Hand"],"max_hp_gain":0,"max_hp_loss":0,"event_name":"WeMeetAgain","floor":3,"gold_loss":0},{"damage_healed":0,"gold_gain":75,"player_choice":"Gather Gold","damage_taken":11,"max_hp_gain":0,"max_hp_loss":0,"event_name":"World of Goop","floor":13,"gold_loss":0}],"is_beta":true,"boss_relics":[],"items_purged_floors":[],"is_endless":false,"potions_floor_spawned":[1,7,12],"killed_by":"Slime Boss","ascension_level":1}