{"gold_per_floor":[116,116,127,143,143,143,169,169,169,169],"floor_reached":10,"playtime":267,"items_purged":[],"score":132,"play_id":"a4166633-5d76-41c2-b286-2fe60c1d39be","local_time":"20190210213514","is_ascension_mode":true,"campfire_choices":[{"data":"Sweeping Beam","floor":6,"key":"SMITH"},{"data":"Beam Cell","floor":8,"key":"SMITH"}],"neow_cost":"NONE","seed_source_timestamp":1219506093138100,"circlet_count":0,"master_deck":["AscendersBane","Strike_B","Strike_B","Strike_B","Strike_B","Defend_B","Defend_B","Defend_B","Zap","Dualcast","Sweeping Beam+1","Capacitor","Hologram","Beam Cell+1"],"relics":["Cracked Core","CultistMask","Omamori","Kunai"],"potions_floor_usage":[7,10],"damage_taken":[{"damage":2,"enemies":"Jaw Worm","floor":1,"turns":5},{"damage":1,"enemies":"Cultist","floor":3,"turns":3},{"damage":0,"enemies":"Small Slimes","floor":4,"turns":2},{"damage":42,"enemies":"3 Sentries","floor":7,"turns":8},{"damage":53,"enemies":"Gremlin Nob","floor":10,"turns":4}],"seed_played":"-1518595960754469564","potions_obtained":[{"floor":4,"key":"FocusPotion"},{"floor":7,"key":"SpeedPotion"}],"is_trial":false,"path_per_floor":["M","?","M","M","?","R","E","R","T","E"],"character_chosen":"DEFECT","items_purchased":[],"campfire_rested":0,"item_purchase_floors":[],"current_hp_per_floor":[69,69,68,68,68,68,26,26,26,0],"gold":169,"neow_bonus":"TEN_PERCENT_HP_BONUS","is_prod":false,"is_daily":false,"chose_seed":false,"campfire_upgraded":2,"win_rate":0,"timestamp":1549802114,"path_taken":["M","?","M","?","?","R","E","R","T","E"],"build_version":"2019-01-23","purchased_purges":0,"victory":false,"max_hp_per_floor":[78,78,78,78,78,78,78,78,78,78],"card_choices":[{"not_picked":["Cold Snap","Stack"],"picked":"Sweeping Beam","floor":1},{"not_picked":["Consume","Undo"],"picked":"Capacitor","floor":3},{"not_picked":["Aggregate","Leap"],"picked":"Hologram","floor":4},{"not_picked":["Redo","Sweeping Beam"],"picked":"Beam Cell","floor":7}],"player_experience":1113457,"relics_obtained":[{"floor":7,"key":"Omamori"},{"floor":9,"key":"Kunai"}],"event_choices":[{"damage_healed":0,"gold_gain":0,"player_choice":"Trade","damage_taken":0,"relics_obtained":["CultistMask"],"max_hp_gain":0,"max_hp_loss":0,"event_name":"FaceTrader","floor":2,"gold_loss":0},{"cards_removed":["Defend_B"],"damage_healed":0,"gold_gain":0,"player_choice":"Forget","damage_taken":0,"max_hp_gain":0,"max_hp_loss":0,"event_name":"Living Wall","floor":5,"gold_loss":0}],"is_beta":false,"boss_relics":[],"items_purged_floors":[],"is_endless":false,"potions_floor_spawned":[4,7],"killed_by":"Gremlin Nob","ascension_level":20}