{"gold_per_floor":[112,130,150,150,167,167,195,195,220,220,246,270,284,298,298,370,370,381,381,381,356,28,28,59,83,151,76,76,76,26,42,42,116,116,129,129,149,99,115,115,115],"floor_reached":41,"playtime":1376,"items_purged":["Strike_G+1","Strike_G+1"],"score":843,"play_id":"d09be874-6efd-40e2-8863-b23c4446e89d","local_time":"20190213014730","is_ascension_mode":true,"campfire_choices":[{"data":"Noxious Fumes","floor":6,"key":"SMITH"},{"data":"Neutralize","floor":8,"key":"SMITH"},{"data":"Envenom","floor":15,"key":"SMITH"},{"floor":23,"key":"REST"},{"floor":28,"key":"REST"},{"floor":32,"key":"REST"},{"data":"Wraith Form v2","floor":40,"key":"SMITH"}],"neow_cost":"NONE","seed_source_timestamp":97879976372600,"circlet_count":0,"master_deck":["AscendersBane","Defend_G+1","Defend_G+1","Defend_G+1","Defend_G+1","Strike_G+1","Survivor","Neutralize+1","Noxious Fumes+1","Flying Knee+1","Backflip","Deadly Poison","Noxious Fumes","Deadly Poison","Envenom+1","Tools of the Trade","PiercingWail","Die Die Die","Wraith Form v2+1","PiercingWail","Crippling Poison","Leg Sweep+1"],"relics":["Ring of the Serpent","Strawberry","Happy Flower","Odd Mushroom","Smiling Mask","PreservedInsect","Whetstone","Centennial Puzzle","Oddly Smooth Stone","Eternal Feather"],"potions_floor_usage":[5,7,18,24,31,33,33],"damage_taken":[{"damage":3,"enemies":"Cultist","floor":1,"turns":4},{"damage":8,"enemies":"Small Slimes","floor":2,"turns":5},{"damage":0,"enemies":"2 Louse","floor":3,"turns":3},{"damage":0,"enemies":"Lots of Slimes","floor":5,"turns":2},{"damage":32,"enemies":"Lagavulin","floor":7,"turns":9},{"damage":13,"enemies":"The Mushroom Lair","floor":11,"turns":4},{"damage":0,"enemies":"Looter","floor":13,"turns":4},{"damage":1,"enemies":"2 Fungi Beasts","floor":14,"turns":3},{"damage":18,"enemies":"Hexaghost","floor":16,"turns":8},{"damage":9,"enemies":"3 Byrds","floor":18,"turns":5},{"damage":30,"enemies":"2 Thieves","floor":21,"turns":4},{"damage":58,"enemies":"Gremlin Leader","floor":24,"turns":6},{"damage":20,"enemies":"Cultist and Chosen","floor":31,"turns":5},{"damage":25,"enemies":"Champ","floor":33,"turns":13},{"damage":24,"enemies":"3 Shapes","floor":35,"turns":6},{"damage":16,"enemies":"Orb Walker","floor":37,"turns":6},{"damage":7,"enemies":"3 Darklings","floor":39,"turns":7},{"damage":32,"enemies":"Jaw Worm Horde","floor":41,"turns":3}],"seed_played":"2370493187393872759","potions_obtained":[{"floor":2,"key":"Explosive Potion"},{"floor":5,"key":"Swift Potion"},{"floor":13,"key":"Strength Potion"},{"floor":14,"key":"SteroidPotion"},{"floor":16,"key":"AttackPotion"},{"floor":21,"key":"Regen Potion"},{"floor":24,"key":"Ancient Potion"},{"floor":31,"key":"LiquidBronze"},{"floor":39,"key":"Fire Potion"}],"is_trial":false,"path_per_floor":["M","M","M","?","M","R","E","R","T","?","?","T","M","M","R","B",null,"M","?","?","M","$","R","E","T","T","?","R","?","$","M","R","B",null,"M","?","M","$","M","R","M"],"character_chosen":"THE_SILENT","items_purchased":["PreservedInsect","Whetstone"],"campfire_rested":3,"item_purchase_floors":[22,22],"current_hp_per_floor":[62,54,54,59,59,59,34,34,34,34,21,21,21,20,20,2,64,55,55,55,25,25,50,7,7,7,7,32,32,32,12,37,12,66,42,42,26,26,19,31,0],"gold":115,"neow_bonus":"TEN_PERCENT_HP_BONUS","is_prod":false,"is_daily":false,"chose_seed":false,"campfire_upgraded":4,"win_rate":0,"timestamp":1549990050,"path_taken":["M","?","M","?","M","R","E","R","T","?","?","?","?","?","R","BOSS","M","?","?","?","$","R","E","?","T","?","R","?","?","M","R","BOSS","M","?","?","$","?","R","M"],"build_version":"2019-01-23","purchased_purges":2,"victory":false,"max_hp_per_floor":[72,72,72,77,77,77,84,84,84,84,84,84,84,84,84,84,84,84,84,84,84,84,84,84,84,84,84,84,84,84,84,84,84,84,84,84,84,84,84,84,84],"card_choices":[{"not_picked":["Blade Dance","Bane"],"picked":"Noxious Fumes","floor":1},{"not_picked":["Sucker Punch","Terror"],"picked":"Flying Knee","floor":2},{"not_picked":["Eviscerate","Blade Dance","Tactician"],"picked":"SKIP","floor":3},{"not_picked":["Prepared","Flying Knee"],"picked":"Backflip","floor":5},{"not_picked":["Leg Sweep","Endless Agony"],"picked":"Deadly Poison","floor":7},{"not_picked":["Flying Knee","Poisoned Stab"],"picked":"Noxious Fumes","floor":11},{"not_picked":["Deflect","All Out Attack"],"picked":"Deadly Poison","floor":13},{"not_picked":["Acrobatics","Slice"],"picked":"Envenom","floor":14},{"not_picked":["Bullet Time","Grand Finale"],"picked":"Tools of the Trade","floor":16},{"not_picked":["Sucker Punch","Slice","Prepared"],"picked":"SKIP","floor":18},{"not_picked":["Calculated Gamble","Blade Dance","Quick Slash"],"picked":"SKIP","floor":21},{"not_picked":["Calculated Gamble","Acrobatics"],"picked":"PiercingWail","floor":24},{"not_picked":["Cloak And Dagger","Dodge and Roll"],"picked":"Die Die Die","floor":31},{"not_picked":["Malaise","Grand Finale"],"picked":"Wraith Form v2","floor":33},{"not_picked":["Cloak And Dagger","Blade Dance+1"],"picked":"PiercingWail","floor":35},{"not_picked":["Distraction","Infinite Blades"],"picked":"Crippling Poison","floor":37},{"not_picked":["Poisoned Stab","Envenom"],"picked":"Leg Sweep+1","floor":39}],"player_experience":1130667,"relics_obtained":[{"floor":7,"key":"Strawberry"},{"floor":9,"key":"Happy Flower"},{"floor":11,"key":"Odd Mushroom"},{"floor":12,"key":"Smiling Mask"},{"floor":24,"key":"Centennial Puzzle"},{"floor":25,"key":"Oddly Smooth Stone"}],"event_choices":[{"damage_healed":0,"gold_gain":0,"player_choice":"Donut","damage_taken":0,"max_hp_gain":5,"max_hp_loss":0,"event_name":"Big Fish","floor":4,"gold_loss":0},{"cards_removed":["Strike_G"],"damage_healed":0,"gold_gain":0,"player_choice":"Forget","damage_taken":0,"max_hp_gain":0,"max_hp_loss":0,"event_name":"Living Wall","floor":10,"gold_loss":0},{"damage_healed":0,"gold_gain":0,"player_choice":"Fought Mushrooms","damage_taken":0,"max_hp_gain":0,"max_hp_loss":0,"event_name":"Mushrooms","floor":11,"gold_loss":0},{"damage_healed":0,"gold_gain":0,"player_choice":"Ignored","damage_taken":0,"max_hp_gain":0,"max_hp_loss":0,"event_name":"Vampires","floor":19,"gold_loss":0},{"damage_healed":0,"gold_gain":0,"player_choice":"Simplicity","damage_taken":0,"max_hp_gain":0,"max_hp_loss":0,"event_name":"Back to Basics","floor":20,"gold_loss":0,"cards_upgraded":["Defend_G","Defend_G","Defend_G","Defend_G","Defend_G","Strike_G","Strike_G","Strike_G","Strike_G"]},{"cards_removed":["Defend_G"],"damage_healed":0,"gold_gain":0,"player_choice":"Gave Gold","damage_taken":0,"max_hp_gain":0,"max_hp_loss":0,"event_name":"Beggar","floor":27,"gold_loss":75},{"damage_healed":0,"gold_gain":0,"player_choice":"Ignored","damage_taken":0,"max_hp_gain":0,"max_hp_loss":0,"event_name":"Ghosts","floor":29,"gold_loss":0},{"cards_removed":["Strike_G"],"damage_healed":0,"gold_gain":0,"player_choice":"Purged","damage_taken":0,"max_hp_gain":0,"max_hp_loss":0,"event_name":"Purifier","floor":36,"gold_loss":0}],"is_beta":false,"boss_relics":[{"not_picked":["Runic Dome","Empty Cage"],"picked":"Ring of the Serpent"},{"not_picked":["Philosopher\u0027s Stone","Pandora\u0027s Box"],"picked":"Eternal Feather"}],"items_purged_floors":[30,38],"is_endless":false,"potions_floor_spawned":[2,5,13,14,16,21,24,31,39],"killed_by":"Jaw Worm Horde","ascension_level":20}