{"gold_per_floor":[116,291,291,291,303,303,328,342,367,367,383,411,429,441,441,537,537,555,555],"floor_reached":19,"playtime":1241,"items_purged":[],"score":265,"play_id":"6a2a9202-f527-4466-be7b-da86f2704d9e","local_time":"20190215140840","is_ascension_mode":true,"campfire_choices":[{"data":"Neutralize","floor":6,"key":"SMITH"},{"data":"Burst","floor":10,"key":"SMITH"},{"data":"Well Laid Plans","floor":15,"key":"SMITH"}],"neow_cost":"NONE","seed_source_timestamp":15316838456500,"circlet_count":0,"master_deck":["Defend_G","Defend_G","Defend_G","Defend_G+1","Defend_G","Strike_G","Strike_G+1","Strike_G","Strike_G","Strike_G","Survivor","Neutralize+1","Escape Plan","Doubt","PiercingWail","Burst+1","Footwork","PiercingWail","Venomology","Backstab","Well Laid Plans+1","Phantasmal Killer","Dagger Spray"],"relics":["Ring of the Snake","NeowsBlessing","Bronze Scales","Boot","Lantern","Black Star"],"potions_floor_usage":[12,12,14,16,16,16,18],"damage_taken":[{"damage":0,"enemies":"Small Slimes","floor":1,"turns":1},{"damage":0,"enemies":"2 Louse","floor":5,"turns":1},{"damage":0,"enemies":"3 Sentries","floor":7,"turns":1},{"damage":0,"enemies":"Cultist","floor":8,"turns":4},{"damage":0,"enemies":"Blue Slaver","floor":11,"turns":5},{"damage":10,"enemies":"Gremlin Nob","floor":12,"turns":5},{"damage":1,"enemies":"Lots of Slimes","floor":13,"turns":4},{"damage":0,"enemies":"Exordium Wildlife","floor":14,"turns":4},{"damage":11,"enemies":"Slime Boss","floor":16,"turns":12},{"damage":26,"enemies":"Shell Parasite","floor":18,"turns":10},{"damage":11,"enemies":"Spheric Guardian","floor":19,"turns":3}],"seed_played":"8502338967870104519","potions_obtained":[{"floor":1,"key":"GhostInAJar"},{"floor":7,"key":"Poison Potion"},{"floor":11,"key":"AttackPotion"},{"floor":12,"key":"PowerPotion"}],"is_trial":false,"path_per_floor":["M","?","?","?","M","R","E","M","T","R","M","E","M","M","R","B",null,"M","M"],"character_chosen":"THE_SILENT","items_purchased":[],"campfire_rested":0,"item_purchase_floors":[],"current_hp_per_floor":[63,63,49,70,70,70,70,70,70,70,70,60,59,59,59,48,65,39,28],"gold":555,"neow_bonus":"THREE_ENEMY_KILL","is_prod":false,"is_daily":false,"chose_seed":false,"campfire_upgraded":3,"win_rate":0,"timestamp":1550236120,"path_taken":["M","?","?","?","M","R","E","M","T","R","M","E","M","M","R","BOSS","M","M"],"build_version":"2019-01-23","purchased_purges":0,"victory":false,"max_hp_per_floor":[70,70,70,70,70,70,70,70,70,70,70,70,70,70,70,70,70,70,70],"card_choices":[{"not_picked":["Outmaneuver","Slice"],"picked":"Escape Plan","floor":1},{"not_picked":["Predator","Flying Knee"],"picked":"PiercingWail","floor":5},{"not_picked":["Dash","Skewer"],"picked":"Burst","floor":7},{"not_picked":["Masterful Stab","Dagger Throw"],"picked":"Footwork","floor":8},{"not_picked":["Flechettes","Catalyst"],"picked":"PiercingWail","floor":11},{"not_picked":["Blade Dance","Endless Agony"],"picked":"Venomology","floor":12},{"not_picked":["Calculated Gamble","Underhanded Strike"],"picked":"Backstab","floor":13},{"not_picked":["Cloak And Dagger","Caltrops"],"picked":"Well Laid Plans","floor":14},{"not_picked":["Unload","Storm of Steel"],"picked":"Phantasmal Killer","floor":16},{"not_picked":["PiercingWail+1","Choke"],"picked":"Dagger Spray","floor":18}],"player_experience":180028,"relics_obtained":[{"floor":7,"key":"Bronze Scales"},{"floor":9,"key":"Boot"},{"floor":12,"key":"Lantern"}],"event_choices":[{"damage_healed":0,"gold_gain":175,"player_choice":"AGREE","damage_taken":0,"max_hp_gain":0,"max_hp_loss":0,"event_name":"Liars Game","floor":2,"gold_loss":0,"cards_obtained":["Doubt"]},{"damage_healed":0,"gold_gain":0,"player_choice":"Entered Light","damage_taken":14,"max_hp_gain":0,"max_hp_loss":0,"event_name":"Shining Light","floor":3,"gold_loss":0,"cards_upgraded":["Defend_G","Strike_G"]},{"damage_healed":23,"gold_gain":0,"player_choice":"Banana","damage_taken":0,"max_hp_gain":0,"max_hp_loss":0,"event_name":"Big Fish","floor":4,"gold_loss":0}],"is_beta":false,"boss_relics":[{"not_picked":["Runic Pyramid","Runic Dome"],"picked":"Black Star"}],"items_purged_floors":[],"is_endless":false,"potions_floor_spawned":[1,7,11,12],"killed_by":"Spheric Guardian","ascension_level":6}