{"gold_per_floor":[113,133,11,31,45,45,72,72,72,72,72,100,100,111,111,188,188,207,44,44,44,61,61,78,78,149,149,176,14,42,142,142,214,214,229,242,242,142,156,156,176,176,176,176,176,176,196,16,16,16,16],"floor_reached":52,"playtime":3756,"items_purged":["Strike_G","Backstab"],"score":1767,"play_id":"98343072-609f-477e-8dfa-05143a42eda0","local_time":"20190208110326","is_ascension_mode":true,"campfire_choices":[{"data":"Flechettes","floor":6.0,"key":"SMITH"},{"data":"Malaise","floor":8.0,"key":"SMITH"},{"floor":10.0,"key":"REST"},{"data":"Crippling Poison","floor":13.0,"key":"SMITH"},{"data":"Calculated Gamble","floor":15.0,"key":"SMITH"},{"data":"Well Laid Plans","floor":23.0,"key":"SMITH"},{"data":"Strike_G+1","floor":25.0,"key":"PURGE"},{"data":"Footwork","floor":27.0,"key":"SMITH"},{"data":"Strike_G+1","floor":32.0,"key":"PURGE"},{"data":"Tools of the Trade","floor":40,"key":"SMITH"},{"data":"Neutralize","floor":42,"key":"PURGE"},{"data":"Acrobatics","floor":45,"key":"SMITH"},{"data":"Deadly Poison","floor":46,"key":"SMITH"},{"data":"Well Laid Plans","floor":49,"key":"SMITH"}],"neow_cost":"PERCENT_DAMAGE","seed_source_timestamp":2508943869540715,"circlet_count":0,"master_deck":["AscendersBane","Defend_G+1","Defend_G+1","Defend_G+1","Defend_G+1","Survivor","Malaise+1","Quick Slash","Calculated Gamble+1","Flechettes+1","Caltrops","Footwork+1","Backflip","Crippling Poison+1","Corpse Explosion","Tools of the Trade+1","PiercingWail","Well Laid Plans+1","Crippling Poison+1","Acrobatics","Blur","Adrenaline","Deadly Poison+1","Acrobatics+1","Deadly Poison","Prepared+1","Well Laid Plans+1","Backflip+1","Predator"],"special_seed":0,"relics":["Ring of the Snake","Anchor","Pear","Tough Bandages","Peace Pipe","HoveringKite","Shuriken","WingedGreaves","Oddly Smooth Stone","Girya","Mango","Bottled Lightning","Empty Cage","Toxic Egg 2"],"potions_floor_usage":[50,51],"damage_taken":[{"damage":0.0,"enemies":"Cultist","floor":1.0,"turns":4.0},{"damage":0.0,"enemies":"Small Slimes","floor":2.0,"turns":4.0},{"damage":3.0,"enemies":"Jaw Worm","floor":4.0,"turns":3.0},{"damage":0.0,"enemies":"3 Louse","floor":5.0,"turns":4.0},{"damage":8.0,"enemies":"Lagavulin","floor":7.0,"turns":10.0},{"damage":20.0,"enemies":"3 Sentries","floor":12.0,"turns":13.0},{"damage":1.0,"enemies":"Large Slime","floor":14.0,"turns":6.0},{"damage":14.0,"enemies":"The Guardian","floor":16.0,"turns":12.0},{"damage":1.0,"enemies":"Spheric Guardian","floor":18.0,"turns":6.0},{"damage":2.0,"enemies":"Shell Parasite","floor":22.0,"turns":6.0},{"damage":0.0,"enemies":"Snake Plant","floor":24.0,"turns":5.0},{"damage":16.0,"enemies":"Gremlin Leader","floor":28.0,"turns":8.0},{"damage":5.0,"enemies":"Slavers","floor":30.0,"turns":5.0},{"damage":0.0,"enemies":"Colosseum Slavers","floor":31.0,"turns":3.0},{"damage":0.0,"enemies":"Colosseum Nobs","floor":31.0,"turns":6.0},{"damage":20.0,"enemies":"Collector","floor":33.0,"turns":11.0},{"damage":6.0,"enemies":"3 Darklings","floor":35.0,"turns":4.0},{"damage":0.0,"enemies":"3 Shapes","floor":36.0,"turns":3.0},{"damage":7,"enemies":"Sphere and 2 Shapes","floor":39,"turns":6},{"damage":0,"enemies":"Writhing Mass","floor":41,"turns":8},{"damage":0,"enemies":"Jaw Worm Horde","floor":47,"turns":4},{"damage":3,"enemies":"Donu and Deca","floor":50,"turns":12},{"damage":11,"enemies":"Time Eater","floor":51,"turns":16}],"seed_played":"2378155256551598270","potions_obtained":[{"floor":4.0,"key":"Poison Potion"},{"floor":5.0,"key":"EssenceOfSteel"},{"floor":14.0,"key":"GhostInAJar"},{"floor":24.0,"key":"GhostInAJar"},{"floor":31.0,"key":"Strength Potion"},{"floor":35.0,"key":"PowerPotion"}],"is_trial":false,"path_per_floor":["M","M","$","M","M","R","E","R","T","R","T","E","R","M","R","B",null,"M","$","?","?","M","R","M","R","T","R","E","$","E","?","R","B",null,"M","M","?","$","M","R","M","R","T","?","R","R","M","$","R","B","B",null],"character_chosen":"THE_SILENT","items_purchased":["Flechettes","Caltrops","Well Laid Plans","Oddly Smooth Stone","Well Laid Plans","Backflip+1","Predator"],"campfire_rested":1,"item_purchase_floors":[3,3,19,29,48,48,48],"current_hp_per_floor":[44,44,44,41,41,41,33,33,43,65,65,45,45,44,44,30,65,64,64,64,64,62,62,62,62,62,62,46,46,41,55,55,35,76,70,70,70,70,63,63,63,63,63,63,63,63,63,63,63,60,49],"gold":16,"neow_bonus":"TRANSFORM_TWO_CARDS","is_prod":false,"is_daily":false,"chose_seed":false,"campfire_upgraded":10,"win_rate":0,"timestamp":1549641806,"path_taken":["M","?","$","?","M","R","E","R","T","R","?","E","R","M","R","BOSS","M","$","?","?","?","R","M","R","T","R","E","$","E","?","R","BOSS","M","M","?","$","M","R","M","R","T","?","R","R","M","$","R","BOSS","BOSS"],"build_version":"2019-01-23","purchased_purges":2,"victory":true,"max_hp_per_floor":[66,66,66,66,66,66,66,66,76,76,76,76,76,76,76,76,76,76,76,76,76,76,76,76,76,76,76,76,76,76,90,90,90,90,90,90,90,90,90,90,90,90,90,85,85,85,85,85,85,85,85],"card_choices":[{"not_picked":["Sucker Punch","Blade Dance"],"picked":"Quick Slash","floor":1.0},{"not_picked":["Blade Dance","Deflect"],"picked":"Calculated Gamble","floor":2.0},{"not_picked":["Deadly Poison","Deflect"],"picked":"Footwork","floor":4.0},{"not_picked":["Concentrate","Flechettes"],"picked":"Backflip","floor":5.0},{"not_picked":["Flechettes","Bane","Quick Slash"],"picked":"SKIP","floor":7.0},{"not_picked":["Accuracy","Dagger Throw"],"picked":"Crippling Poison","floor":12.0},{"not_picked":["Underhanded Strike","Skewer"],"picked":"Corpse Explosion","floor":14.0},{"not_picked":["Wraith Form v2","Corpse Explosion"],"picked":"Tools of the Trade","floor":16.0},{"not_picked":["Eviscerate","Flying Knee"],"picked":"PiercingWail","floor":18.0},{"not_picked":["Flying Knee+1","Dagger Throw"],"picked":"Crippling Poison+1","floor":22.0},{"not_picked":["Dagger Throw","Blade Dance"],"picked":"Backstab","floor":24.0},{"not_picked":["Caltrops","Dagger Throw"],"picked":"Acrobatics","floor":28.0},{"not_picked":["Cloak And Dagger","Flechettes"],"picked":"Blur","floor":30.0},{"not_picked":["Tools of the Trade","Storm of Steel"],"picked":"Adrenaline","floor":33.0},{"not_picked":["Blade Dance","Concentrate"],"picked":"Deadly Poison","floor":35.0},{"not_picked":["Caltrops","Poisoned Stab+1"],"picked":"Acrobatics","floor":36.0},{"not_picked":["Dagger Spray","PiercingWail","Deflect"],"picked":"SKIP","floor":39},{"not_picked":["Heel Hook+1","Dagger Spray"],"picked":"Deadly Poison","floor":41},{"not_picked":["Distraction+1","Dodge and Roll+1"],"picked":"Prepared+1","floor":47}],"player_experience":895609,"relics_obtained":[{"floor":7.0,"key":"Anchor"},{"floor":9.0,"key":"Pear"},{"floor":11.0,"key":"Tough Bandages"},{"floor":12.0,"key":"Peace Pipe"},{"floor":26.0,"key":"Shuriken"},{"floor":28.0,"key":"WingedGreaves"},{"floor":30.0,"key":"Girya"},{"floor":31.0,"key":"Mango"},{"floor":31.0,"key":"Bottled Lightning"},{"floor":43,"key":"Toxic Egg 2"}],"event_choices":[{"damage_healed":0.0,"max_hp_gain":0.0,"max_hp_loss":0.0,"gold_gain":0.0,"event_name":"Back to Basics","player_choice":"Simplicity","floor":20.0,"gold_loss":0.0,"damage_taken":0.0,"cards_upgraded":["Defend_G","Defend_G","Defend_G","Defend_G","Strike_G","Strike_G","Strike_G"]},{"damage_healed":0.0,"max_hp_gain":0.0,"max_hp_loss":0.0,"gold_gain":0.0,"event_name":"Ghosts","player_choice":"Ignored","floor":21.0,"gold_loss":0.0,"damage_taken":0.0},{"damage_healed":0.0,"max_hp_gain":0.0,"max_hp_loss":0.0,"gold_gain":0.0,"event_name":"Colosseum","player_choice":"Fight","floor":31.0,"gold_loss":0.0,"damage_taken":0.0},{"damage_healed":0.0,"max_hp_gain":0.0,"max_hp_loss":0.0,"gold_gain":0.0,"event_name":"Colosseum","player_choice":"Fought Nobs","floor":31.0,"gold_loss":0.0,"damage_taken":0.0},{"damage_healed":0.0,"max_hp_gain":0.0,"max_hp_loss":0.0,"gold_gain":0.0,"event_name":"Tomb of Lord Red Mask","player_choice":"Ignored","floor":37.0,"gold_loss":0.0,"damage_taken":0.0},{"damage_healed":0,"gold_gain":0,"player_choice":"Max HP","damage_taken":0,"max_hp_gain":0,"max_hp_loss":5,"event_name":"Winding Halls","floor":44,"gold_loss":0}],"is_beta":false,"boss_relics":[{"not_picked":["White Beast Statue","Orrery"],"picked":"HoveringKite"},{"not_picked":["Black Star","Cursed Key"],"picked":"Empty Cage"}],"items_purged_floors":[19,38],"is_endless":false,"potions_floor_spawned":[4,5,14,24,30,31,35],"ascension_level":20}