{"gold_per_floor":[113,113,129,140,158,158,192,192,192,192,204,204,224,274,274,351,351,364,376,376,376,376,376,376],"floor_reached":24,"playtime":986,"items_purged":[],"score":392,"play_id":"997b4f81-cf97-4987-83cd-ae09f9de206a","local_time":"20190124144438","is_ascension_mode":true,"campfire_choices":[{"floor":6.0,"key":"REST"},{"floor":8.0,"key":"REST"},{"data":"Redo","floor":12.0,"key":"SMITH"},{"data":"Hologram","floor":15.0,"key":"SMITH"},{"data":"Loop","floor":23,"key":"SMITH"}],"neow_cost":"NONE","seed_source_timestamp":0,"circlet_count":0,"master_deck":["AscendersBane","Strike_B","Strike_B","Strike_B","Strike_B","Defend_B","Defend_B","Defend_B","Defend_B","Zap+1","Dualcast","Echo Form","Cold Snap","Hologram+1","Force Field","Electrodynamics","Cold Snap","Redo+1","Loop+1","Rainbow","Machine Learning"],"special_seed":0,"relics":["Cracked Core","DataDisk","Meat on the Bone","Black Star"],"potions_floor_usage":[24],"damage_taken":[{"damage":9.0,"enemies":"Jaw Worm","floor":1.0,"turns":5.0},{"damage":1.0,"enemies":"Cultist","floor":3.0,"turns":3.0},{"damage":0.0,"enemies":"2 Louse","floor":4.0,"turns":3.0},{"damage":36.0,"enemies":"Gremlin Gang","floor":5.0,"turns":5.0},{"damage":38.0,"enemies":"Gremlin Nob","floor":7.0,"turns":5.0},{"damage":3.0,"enemies":"3 Louse","floor":11.0,"turns":2.0},{"damage":8.0,"enemies":"Blue Slaver","floor":13.0,"turns":2.0},{"damage":17.0,"enemies":"The Guardian","floor":16.0,"turns":12.0},{"damage":1.0,"enemies":"3 Byrds","floor":18.0,"turns":5.0},{"damage":29.0,"enemies":"Chosen","floor":19.0,"turns":6.0},{"damage":28,"enemies":"Colosseum Slavers","floor":20,"turns":4},{"damage":42,"enemies":"Book of Stabbing","floor":24,"turns":3}],"seed_played":"-4687227271666390568","potions_obtained":[{"floor":4.0,"key":"SteroidPotion"},{"floor":7.0,"key":"SkillPotion"},{"floor":10.0,"key":"EntropicBrew"},{"floor":18.0,"key":"FearPotion"}],"is_trial":false,"path_per_floor":["M","?","M","M","M","R","E","R","T","?","M","R","M","?","R","B",null,"M","M","?","?","T","R","E"],"character_chosen":"DEFECT","items_purchased":[],"campfire_rested":2,"item_purchase_floors":[],"current_hp_per_floor":[55,55,54,54,18,39,1,22,22,22,31,31,35,28,28,23,59,58,41,25,39,39,39,0],"gold":376,"neow_bonus":"ONE_RANDOM_RARE_CARD","is_prod":false,"is_daily":false,"chose_seed":false,"campfire_upgraded":3,"win_rate":0,"timestamp":1548308678,"path_taken":["M","?","?","M","M","R","E","R","T","?","M","R","?","?","R","BOSS","M","?","?","?","?","R","E"],"build_version":"2019-01-23","purchased_purges":0,"victory":false,"max_hp_per_floor":[71,71,71,71,71,71,71,71,71,71,71,71,71,71,71,71,71,71,71,71,71,71,71,71],"card_choices":[{"not_picked":["Stack","Coolheaded"],"picked":"Cold Snap","floor":1.0},{"not_picked":["Redo","Compile Driver"],"picked":"Hologram","floor":3.0},{"not_picked":["Coolheaded","Go for the Eyes"],"picked":"Force Field","floor":4.0},{"not_picked":["Steam","Rebound"],"picked":"Electrodynamics","floor":5.0},{"not_picked":["Streamline","Sweeping Beam"],"picked":"Cold Snap","floor":7.0},{"not_picked":["Leap","Force Field"],"picked":"Redo","floor":11.0},{"not_picked":["Turbo","Sweeping Beam"],"picked":"Loop","floor":13.0},{"not_picked":["Echo Form","Electrodynamics"],"picked":"Rainbow","floor":16.0},{"not_picked":["Streamline","Leap","Rebound"],"picked":"SKIP","floor":18.0},{"not_picked":["Heatsinks","Doom and Gloom"],"picked":"Machine Learning","floor":19.0}],"player_experience":1062874,"relics_obtained":[{"floor":7.0,"key":"DataDisk"},{"floor":9.0,"key":"Meat on the Bone"}],"event_choices":[{"damage_healed":0.0,"max_hp_gain":0.0,"max_hp_loss":0.0,"gold_gain":0.0,"event_name":"Upgrade Shrine","player_choice":"Upgraded","floor":2.0,"gold_loss":0.0,"damage_taken":0.0,"cards_upgraded":["Zap"]},{"damage_healed":0.0,"max_hp_gain":0.0,"max_hp_loss":0.0,"gold_gain":0.0,"event_name":"Lab","player_choice":"Got Potions","floor":10.0,"gold_loss":0.0,"damage_taken":0.0},{"damage_healed":0.0,"max_hp_gain":0.0,"max_hp_loss":0.0,"gold_gain":50.0,"event_name":"FaceTrader","player_choice":"Touch","floor":14.0,"gold_loss":0.0,"damage_taken":7.0},{"damage_healed":0,"gold_gain":0,"player_choice":"Fight","damage_taken":0,"max_hp_gain":0,"max_hp_loss":0,"event_name":"Colosseum","floor":20,"gold_loss":0},{"damage_healed":0,"gold_gain":0,"player_choice":"Fled From Nobs","damage_taken":0,"max_hp_gain":0,"max_hp_loss":0,"event_name":"Colosseum","floor":20,"gold_loss":0},{"damage_healed":14,"gold_gain":0,"player_choice":"Heal","damage_taken":0,"max_hp_gain":0,"max_hp_loss":0,"event_name":"The Library","floor":21,"gold_loss":0}],"is_beta":false,"boss_relics":[{"not_picked":["Fusion Hammer","Tiny House"],"picked":"Black Star"}],"items_purged_floors":[],"is_endless":false,"potions_floor_spawned":[4,7,13,18],"killed_by":"Book of Stabbing","ascension_level":20}