{"gold_per_floor":[117,133,133,151,168,193,193,226,297,297,297,312,340,350,350,447,447,462,479,100,25,40,74,74,108,108,108,108,120,135,150,150,253,253,273,319,319,331,331,331,366,366,389,389,417,417],"floor_reached":46,"playtime":2757,"items_purged":["Strike_G"],"score":592,"play_id":"55193821-443e-469c-acbf-06cea8f02de8","local_time":"20190215163435","is_ascension_mode":true,"campfire_choices":[{"data":"Infinite Blades","floor":7,"key":"SMITH"},{"floor":10,"key":"REST"},{"data":"Cloak And Dagger","floor":15,"key":"SMITH"},{"data":"Cloak And Dagger","floor":24,"key":"SMITH"},{"floor":32,"key":"REST"},{"floor":40,"key":"REST"},{"floor":42,"key":"REST"},{"data":"Apotheosis","floor":44,"key":"SMITH"}],"neow_cost":"NONE","seed_source_timestamp":21964494340148,"circlet_count":0,"master_deck":["Defend_G+1","Defend_G+1","Defend_G+1","Defend_G+1","Defend_G+1","Strike_G+1","Strike_G+1","Survivor","Neutralize+1","Accuracy","Deflect","Infinite Blades+1","Blur","Cloak And Dagger+1","Cloak And Dagger+1","Burst","Leg Sweep","Caltrops","Neutralize+1","Blade Dance","Catalyst","Backstab","Writhe","Deflect+1","Well Laid Plans+1","Blur+1","Malaise","Dodge and Roll+1","Noxious Fumes","Apotheosis+1","Caltrops+1"],"relics":["Ring of the Snake","Whetstone","Pantograph","Shovel","Sundial","Anchor","WristBlade","DollysMirror","Ginger","Pocketwatch","Paper Crane","The Courier","Black Star","Tough Bandages","Pear","Dodecahedron","Lantern","Prayer Wheel","Vajra"],"potions_floor_usage":[6,13,16,18,23,25,31,41,45,45],"damage_taken":[{"damage":0,"enemies":"2 Louse","floor":1,"turns":3},{"damage":0,"enemies":"Small Slimes","floor":2,"turns":3},{"damage":0,"enemies":"Cultist","floor":4,"turns":4},{"damage":1,"enemies":"Large Slime","floor":5,"turns":7},{"damage":21,"enemies":"Gremlin Nob","floor":6,"turns":5},{"damage":15,"enemies":"Lagavulin","floor":8,"turns":8},{"damage":7,"enemies":"3 Louse","floor":12,"turns":5},{"damage":28,"enemies":"Gremlin Nob","floor":13,"turns":5},{"damage":0,"enemies":"Exordium Wildlife","floor":14,"turns":5},{"damage":18,"enemies":"Slime Boss","floor":16,"turns":10},{"damage":0,"enemies":"3 Byrds","floor":18,"turns":5},{"damage":7,"enemies":"Spheric Guardian","floor":19,"turns":5},{"damage":17,"enemies":"Snake Plant","floor":22,"turns":7},{"damage":5,"enemies":"Book of Stabbing","floor":23,"turns":7},{"damage":30,"enemies":"Slavers","floor":25,"turns":4},{"damage":10,"enemies":"Sentry and Sphere","floor":29,"turns":4},{"damage":8,"enemies":"Snecko","floor":30,"turns":5},{"damage":6,"enemies":"Snake Plant","floor":31,"turns":5},{"damage":28,"enemies":"Champ","floor":33,"turns":16},{"damage":0,"enemies":"Orb Walker","floor":35,"turns":4},{"damage":58,"enemies":"2 Orb Walkers","floor":36,"turns":8},{"damage":5,"enemies":"3 Darklings","floor":38,"turns":10},{"damage":2,"enemies":"Nemesis","floor":41,"turns":11},{"damage":15,"enemies":"Reptomancer","floor":45,"turns":8},{"damage":47,"enemies":"Transient","floor":46,"turns":5}],"seed_played":"-4264264875182798782","potions_obtained":[{"floor":1,"key":"FearPotion"},{"floor":8,"key":"Regen Potion"},{"floor":13,"key":"PowerPotion"},{"floor":14,"key":"GamblersBrew"},{"floor":16,"key":"Poison Potion"},{"floor":18,"key":"Ancient Potion"},{"floor":22,"key":"Regen Potion"},{"floor":30,"key":"Poison Potion"},{"floor":33,"key":"Weak Potion"},{"floor":36,"key":"GhostInAJar"},{"floor":41,"key":"Poison Potion"},{"floor":45,"key":"SpeedPotion"}],"is_trial":false,"path_per_floor":["M","M","?","M","M","E","R","E","T","R","?","M","E","M","R","B",null,"M","M","$","?","M","E","R","E","T","?","?","M","M","M","R","B",null,"M","?","?","M","?","R","E","R","T","R","E","M"],"character_chosen":"THE_SILENT","items_purchased":["Caltrops","DollysMirror","Blade Dance"],"campfire_rested":4,"item_purchase_floors":[20,20,20],"current_hp_per_floor":[70,70,70,70,69,48,48,33,33,54,54,47,33,33,33,40,70,70,63,63,63,46,56,56,26,26,26,26,16,8,2,23,20,70,70,12,12,7,7,28,36,60,60,60,45,0],"gold":417,"neow_bonus":"RANDOM_COMMON_RELIC","is_prod":false,"is_daily":false,"chose_seed":false,"campfire_upgraded":4,"win_rate":0,"timestamp":1550244875,"path_taken":["M","M","?","M","M","E","R","E","T","R","?","M","E","M","R","BOSS","M","M","$","?","M","E","R","E","T","?","?","M","M","M","R","BOSS","M","?","?","M","?","R","E","R","T","R","E","M"],"build_version":"2019-01-23","purchased_purges":1,"victory":false,"max_hp_per_floor":[70,70,70,70,70,70,70,70,70,70,70,70,70,70,70,70,70,70,70,70,70,70,70,70,70,70,70,70,70,70,70,70,70,70,70,70,70,70,70,70,80,80,80,80,80,80],"card_choices":[{"not_picked":["Deadly Poison","Backflip"],"picked":"Accuracy","floor":1},{"not_picked":["Prepared","Dagger Throw"],"picked":"Deflect","floor":2},{"not_picked":["Quick Slash","Deflect","Sucker Punch"],"picked":"SKIP","floor":4},{"not_picked":["Concentrate","Caltrops"],"picked":"Infinite Blades","floor":5},{"not_picked":["Masterful Stab","Setup"],"picked":"Blur","floor":6},{"not_picked":["Distraction","Underhanded Strike","Slice"],"picked":"SKIP","floor":8},{"not_picked":["Backflip","Expertise","Quick Slash"],"picked":"SKIP","floor":12},{"not_picked":["Tactician","Poisoned Stab"],"picked":"Cloak And Dagger","floor":13},{"not_picked":["Deflect","Dodge and Roll"],"picked":"Cloak And Dagger","floor":14},{"not_picked":["Storm of Steel","Night Terror"],"picked":"Burst","floor":16},{"not_picked":["Acrobatics","Backstab"],"picked":"Leg Sweep","floor":18},{"not_picked":["Setup","Dagger Spray","Underhanded Strike"],"picked":"SKIP","floor":19},{"not_picked":["Dodge and Roll","PiercingWail"],"picked":"Catalyst","floor":22},{"not_picked":["Flying Knee","Expertise+1"],"picked":"Backstab","floor":23},{"not_picked":["Storm of Steel","Blade Dance","Setup+1"],"picked":"SKIP","floor":25},{"not_picked":["Underhanded Strike","Backflip"],"picked":"Deflect+1","floor":29},{"not_picked":["PiercingWail+1","Underhanded Strike"],"picked":"Well Laid Plans+1","floor":30},{"not_picked":["Skewer+1","Dodge and Roll"],"picked":"Blur+1","floor":31},{"not_picked":["Adrenaline","Storm of Steel"],"picked":"Malaise","floor":33},{"not_picked":["Riddle With Holes+1","Slice+1"],"picked":"Dodge and Roll+1","floor":35},{"not_picked":["Dash+1","Sucker Punch"],"picked":"Noxious Fumes","floor":36},{"not_picked":["Secret Weapon","Transmutation"],"picked":"Apotheosis","floor":37},{"not_picked":["Eviscerate+1","Quick Slash+1","Sucker Punch"],"picked":"SKIP","floor":38},{"not_picked":["Glass Knife","Crippling Poison+1","Choke+1"],"picked":"SKIP","floor":41},{"not_picked":["Leg Sweep","Bane+1"],"picked":"Caltrops+1","floor":45}],"player_experience":183799,"relics_obtained":[{"floor":6,"key":"Pantograph"},{"floor":8,"key":"Shovel"},{"floor":9,"key":"Sundial"},{"floor":13,"key":"Anchor"},{"floor":23,"key":"Ginger"},{"floor":25,"key":"Pocketwatch"},{"floor":26,"key":"Paper Crane"},{"floor":36,"key":"Tough Bandages"},{"floor":41,"key":"Pear"},{"floor":41,"key":"Dodecahedron"},{"floor":43,"key":"Lantern"},{"floor":45,"key":"Prayer Wheel"},{"floor":45,"key":"Vajra"}],"event_choices":[{"damage_healed":0,"gold_gain":0,"player_choice":"Grow","damage_taken":0,"max_hp_gain":0,"max_hp_loss":0,"event_name":"Living Wall","floor":3,"gold_loss":0,"cards_upgraded":["Neutralize"]},{"cards_removed":["Strike_G"],"damage_healed":0,"gold_gain":0,"player_choice":"Offered Basic","damage_taken":0,"max_hp_gain":0,"max_hp_loss":0,"event_name":"Bonfire Elementals","floor":11,"gold_loss":0},{"cards_removed":["Strike_G"],"damage_healed":0,"gold_gain":0,"player_choice":"Gave Gold","damage_taken":0,"max_hp_gain":0,"max_hp_loss":0,"event_name":"Beggar","floor":21,"gold_loss":75},{"damage_healed":0,"gold_gain":0,"player_choice":"Opened","damage_taken":0,"relics_obtained":["The Courier"],"max_hp_gain":0,"max_hp_loss":0,"event_name":"The Mausoleum","floor":27,"gold_loss":0,"cards_obtained":["Writhe"]},{"damage_healed":0,"gold_gain":0,"player_choice":"Simplicity","damage_taken":0,"max_hp_gain":0,"max_hp_loss":0,"event_name":"Back to Basics","floor":28,"gold_loss":0,"cards_upgraded":["Defend_G","Defend_G","Defend_G","Defend_G","Defend_G"]},{"damage_healed":0,"gold_gain":0,"player_choice":"Fight","damage_taken":0,"max_hp_gain":0,"max_hp_loss":0,"event_name":"Mysterious Sphere","floor":36,"gold_loss":0},{"damage_healed":0,"gold_gain":0,"player_choice":"Memory 1","damage_taken":0,"max_hp_gain":0,"max_hp_loss":0,"event_name":"SensoryStone","floor":37,"gold_loss":0},{"damage_healed":0,"gold_gain":0,"player_choice":"Ignored","damage_taken":0,"max_hp_gain":0,"max_hp_loss":0,"event_name":"Tomb of Lord Red Mask","floor":39,"gold_loss":0}],"is_beta":false,"boss_relics":[{"not_picked":["Runic Dome","Calling Bell"],"picked":"WristBlade"},{"not_picked":["Orrery","Philosopher\u0027s Stone"],"picked":"Black Star"}],"items_purged_floors":[20],"is_endless":false,"potions_floor_spawned":[1,8,13,14,16,18,22,30,33,36,41,45],"killed_by":"Transient","ascension_level":2}