{"gold_per_floor":[117,137,137,137,42,71,246,263,315,350,45,45,10,24,24,127,127,137,137,154,23,39,39,54,54,80,33,44,44,61,74,74,169,169,186,186,240,240,259,259,279,310,310,310,27,43,63,12,12,12],"floor_reached":51,"playtime":2466,"items_purged":["Strike_R","Normality"],"score":762,"play_id":"55f49521-3a55-478a-816b-c7173205061a","local_time":"20190212135440","is_ascension_mode":false,"campfire_choices":[{"data":"Armaments","floor":12,"key":"SMITH"},{"data":"Inflame","floor":15,"key":"SMITH"},{"data":"Heavy Blade","floor":23,"key":"SMITH"},{"data":"Inflame","floor":25,"key":"SMITH"},{"data":"Heavy Blade","floor":29,"key":"SMITH"},{"floor":32,"key":"REST"},{"floor":40,"key":"REST"},{"floor":44,"key":"REST"},{"floor":49,"key":"REST"}],"neow_cost":"NONE","seed_source_timestamp":51291755415517,"circlet_count":0,"master_deck":["Strike_R","Strike_R","Strike_R+1","Strike_R","Defend_R","Defend_R","Defend_R+1","Defend_R","Bash","Armaments+1","Shrug It Off","Inflame+1","Sword Boomerang","Headbutt","Fiend Fire","Iron Wave","Inflame+1","Rampage","True Grit","Double Tap","Whirlwind","Clothesline","Shockwave","Heavy Blade+1","Heavy Blade+1","Shrug It Off","Reaper","Demon Form","Uppercut+1","Burning Pact+1","Madness","Madness","Metallicize","Anger","Shrug It Off+1","Shame","Feel No Pain","Havoc","Parasite"],"relics":["Burning Blood","NeowsBlessing","Red Skull","Centennial Puzzle","Pantograph","Vajra","Cursed Key","Orrery","FossilizedHelix","Champion Belt","Juzu Bracelet","Bag of Preparation"],"potions_floor_usage":[18,31,37,37,41,41,41,46,50],"damage_taken":[{"damage":0,"enemies":"Jaw Worm","floor":1,"turns":1},{"damage":0,"enemies":"2 Louse","floor":2,"turns":1},{"damage":0,"enemies":"3 Sentries","floor":6,"turns":2},{"damage":0,"enemies":"Cultist","floor":8,"turns":3},{"damage":14,"enemies":"Gremlin Nob","floor":10,"turns":4},{"damage":16,"enemies":"Large Slime","floor":14,"turns":3},{"damage":52,"enemies":"Hexaghost","floor":16,"turns":7},{"damage":3,"enemies":"Shell Parasite","floor":18,"turns":2},{"damage":13,"enemies":"3 Byrds","floor":20,"turns":4},{"damage":12,"enemies":"Cultist and Chosen","floor":22,"turns":6},{"damage":8,"enemies":"Shelled Parasite and Fungi","floor":24,"turns":4},{"damage":12,"enemies":"Snake Plant","floor":28,"turns":3},{"damage":37,"enemies":"Cultist and Chosen","floor":30,"turns":5},{"damage":0,"enemies":"Snecko","floor":31,"turns":2},{"damage":63,"enemies":"Collector","floor":33,"turns":10},{"damage":2,"enemies":"Orb Walker","floor":35,"turns":2},{"damage":52,"enemies":"2 Orb Walkers","floor":37,"turns":5},{"damage":29,"enemies":"3 Darklings","floor":39,"turns":5},{"damage":6,"enemies":"Maw","floor":41,"turns":6},{"damage":64,"enemies":"Giant Head","floor":42,"turns":8},{"damage":21,"enemies":"Sphere and 2 Shapes","floor":46,"turns":6},{"damage":10,"enemies":"Writhing Mass","floor":47,"turns":5},{"damage":105,"enemies":"Awakened One","floor":50,"turns":10}],"seed_played":"-7485998133197230904","potions_obtained":[{"floor":6,"key":"Dexterity Potion"},{"floor":16,"key":"SpeedPotion"},{"floor":18,"key":"Swift Potion"},{"floor":24,"key":"Regen Potion"},{"floor":31,"key":"Fire Potion"},{"floor":37,"key":"Weak Potion"},{"floor":39,"key":"Fire Potion"},{"floor":42,"key":"BloodPotion"}],"is_trial":false,"path_per_floor":["M","M","?","?","$","E","?","M","T","E","$","R","$","M","R","B",null,"M","?","M","$","M","R","M","R","T","$","M","R","M","M","R","B",null,"M","?","?","?","M","R","M","E","T","R","$","M","M","$","R","B",null],"character_chosen":"IRONCLAD","items_purchased":["Inflame","Sword Boomerang","Vajra","Inflame","Rampage","Shockwave","SteroidPotion","Shrug It Off","Bag of Preparation","Feel No Pain","AttackPotion"],"campfire_rested":4,"item_purchase_floors":[5,5,11,11,13,21,21,27,45,45,48],"current_hp_per_floor":[80,80,64,69,69,75,75,81,81,73,73,73,73,63,63,39,85,85,85,78,78,72,72,70,70,70,70,64,64,33,44,69,52,85,85,74,42,42,19,44,61,16,16,41,41,45,41,41,66,24],"gold":12,"neow_bonus":"THREE_ENEMY_KILL","is_prod":false,"is_daily":false,"chose_seed":false,"campfire_upgraded":5,"win_rate":0,"timestamp":1549976080,"path_taken":["M","M","?","?","$","E","?","M","T","E","?","R","$","M","R","BOSS","M","?","?","$","M","R","M","R","T","$","M","R","M","M","R","BOSS","M","?","?","?","M","R","M","E","T","R","$","M","M","$","R","BOSS"],"build_version":"2019-01-23","purchased_purges":2,"victory":true,"max_hp_per_floor":[80,80,80,85,85,85,85,85,85,85,85,85,85,85,85,85,85,85,85,85,85,85,85,85,85,85,85,85,85,85,85,85,85,85,85,85,85,85,85,85,85,85,85,85,85,85,85,85,85,85],"card_choices":[{"not_picked":["Anger","Shrug It Off"],"picked":"Armaments","floor":1},{"not_picked":["True Grit","Battle Trance"],"picked":"Shrug It Off","floor":2},{"not_picked":["Havoc","Thunderclap"],"picked":"Headbutt","floor":6},{"not_picked":["Thunderclap","Combust"],"picked":"Fiend Fire","floor":8},{"not_picked":["Armaments","Sever Soul"],"picked":"Iron Wave","floor":10},{"not_picked":["Body Slam","Evolve"],"picked":"True Grit","floor":14},{"not_picked":["Immolate","Barricade"],"picked":"Double Tap","floor":16},{"not_picked":["Sword Boomerang","Wild Strike+1"],"picked":"Whirlwind","floor":18},{"not_picked":["Evolve","Clash+1"],"picked":"Clothesline","floor":20},{"not_picked":["Rupture","Flex"],"picked":"Heavy Blade","floor":22},{"not_picked":["Impervious","Rage+1"],"picked":"Heavy Blade","floor":24},{"not_picked":["Cleave","Heavy Blade","Armaments"],"picked":"SKIP","floor":28},{"not_picked":["Clash+1","Bloodletting+1"],"picked":"Reaper","floor":30},{"not_picked":["Warcry+1","Iron Wave","Body Slam"],"picked":"SKIP","floor":31},{"not_picked":["Brutality","Barricade"],"picked":"Demon Form","floor":33},{"not_picked":["Wild Strike+1","Body Slam"],"picked":"Uppercut+1","floor":34},{"not_picked":["Entrench","Thunderclap+1"],"picked":"Burning Pact+1","floor":35},{"not_picked":["Dual Wield","Cleave+1"],"picked":"Metallicize","floor":37},{"not_picked":["Combust","Second Wind+1"],"picked":"Anger","floor":39},{"not_picked":["Thunderclap+1","Reckless Charge+1","Sword Boomerang+1"],"picked":"SKIP","floor":41},{"not_picked":["Bludgeon","Heavy Blade"],"picked":"Shrug It Off+1","floor":42},{"not_picked":["Twin Strike","Headbutt"],"picked":"Havoc","floor":46},{"not_picked":["Feel No Pain","Flex+1","Body Slam"],"picked":"SKIP","floor":47}],"player_experience":140392,"relics_obtained":[{"floor":6,"key":"Red Skull"},{"floor":9,"key":"Centennial Puzzle"},{"floor":10,"key":"Pantograph"},{"floor":37,"key":"FossilizedHelix"},{"floor":42,"key":"Champion Belt"},{"floor":43,"key":"Juzu Bracelet"}],"event_choices":[{"damage_healed":0,"gold_gain":0,"player_choice":"Entered Light","damage_taken":16,"max_hp_gain":0,"max_hp_loss":0,"event_name":"Shining Light","floor":3,"gold_loss":0,"cards_upgraded":["Defend_R","Strike_R"]},{"damage_healed":0,"gold_gain":0,"player_choice":"Donut","damage_taken":0,"max_hp_gain":5,"max_hp_loss":0,"event_name":"Big Fish","floor":4,"gold_loss":0},{"damage_healed":0,"gold_gain":175,"player_choice":"AGREE","damage_taken":0,"max_hp_gain":0,"max_hp_loss":0,"event_name":"Liars Game","floor":7,"gold_loss":0,"cards_obtained":["Doubt"]},{"cards_removed":["Doubt"],"damage_healed":0,"gold_gain":0,"player_choice":"Removed Curses","damage_taken":0,"max_hp_gain":0,"max_hp_loss":0,"event_name":"Fountain of Cleansing","floor":19,"gold_loss":0},{"damage_healed":0,"gold_gain":0,"player_choice":"Embrace Madness","damage_taken":11,"max_hp_gain":0,"max_hp_loss":0,"event_name":"Winding Halls","floor":36,"gold_loss":0,"cards_obtained":["Madness","Madness"]},{"damage_healed":0,"gold_gain":0,"player_choice":"Fight","damage_taken":0,"max_hp_gain":0,"max_hp_loss":0,"event_name":"Mysterious Sphere","floor":37,"gold_loss":0},{"damage_healed":0,"gold_gain":0,"player_choice":"Ignored","damage_taken":0,"max_hp_gain":0,"max_hp_loss":0,"event_name":"The Moai Head","floor":38,"gold_loss":0}],"is_beta":false,"boss_relics":[{"not_picked":["Busted Crown","Lizard Tail"],"picked":"Cursed Key"},{"not_picked":["Calling Bell","Runic Pyramid"],"picked":"Orrery"}],"items_purged_floors":[11,45],"is_endless":false,"potions_floor_spawned":[6,16,18,24,30,31,37,39,42],"ascension_level":0}