{"gold_per_floor":[114,124,142,161,236,236,263,263,287,313,328,388,388,402,402,473,473,485,375,395,405,405],"floor_reached":22,"playtime":669,"items_purged":[],"score":416,"play_id":"c3e86887-f9de-4aba-bc3b-1de9c2196e4c","local_time":"20190128123348","is_ascension_mode":true,"campfire_choices":[{"data":"Zap","floor":6,"key":"SMITH"},{"data":"Streamline","floor":13,"key":"SMITH"},{"floor":15,"key":"REST"}],"neow_cost":"NONE","seed_source_timestamp":0,"circlet_count":0,"master_deck":["AscendersBane","Strike_B","Strike_B","Strike_B","Strike_B","Defend_B","Defend_B","Defend_B","Zap+1","Dualcast","Streamline+1","Auto Shields","Steam","Ball Lightning","FTL","Steam","Stack","Tempest+1","Static Discharge","Buffer","Barrage+1","Cold Snap+1","Ball Lightning"],"special_seed":0,"relics":["Cracked Core","Turnip","Emotion Chip","Anchor","Sundial","Tiny Chest","Black Star"],"potions_floor_usage":[7,10,12,22],"damage_taken":[{"damage":0.0,"enemies":"Cultist","floor":1.0,"turns":3.0},{"damage":0.0,"enemies":"Small Slimes","floor":2.0,"turns":3.0},{"damage":1.0,"enemies":"Jaw Worm","floor":3.0,"turns":3.0},{"damage":6,"enemies":"2 Fungi Beasts","floor":4,"turns":4},{"damage":25,"enemies":"Gremlin Nob","floor":7,"turns":4},{"damage":20,"enemies":"Lagavulin","floor":10,"turns":4},{"damage":0,"enemies":"Red Slaver","floor":11,"turns":3},{"damage":6,"enemies":"3 Sentries","floor":12,"turns":6},{"damage":2,"enemies":"Exordium Wildlife","floor":14,"turns":4},{"damage":13,"enemies":"Hexaghost","floor":16,"turns":9},{"damage":13,"enemies":"Spheric Guardian","floor":18,"turns":4},{"damage":11,"enemies":"2 Thieves","floor":20,"turns":4},{"damage":30,"enemies":"Centurion and Healer","floor":21,"turns":6},{"damage":12,"enemies":"Shelled Parasite and Fungi","floor":22,"turns":2}],"seed_played":"-1223320413113204524","potions_obtained":[{"floor":2.0,"key":"Explosive Potion"},{"floor":3.0,"key":"Regen Potion"},{"floor":11,"key":"SkillPotion"},{"floor":21,"key":"Weak Potion"}],"is_trial":false,"path_per_floor":["M","M","M","M","?","R","E","T","T","E","M","E","R","M","R","B",null,"M","?","M","M","M"],"character_chosen":"DEFECT","items_purchased":[],"campfire_rested":1,"item_purchase_floors":[],"current_hp_per_floor":[71,71,70,64,53,53,28,28,28,20,20,14,14,12,35,22,64,51,51,40,10,0],"gold":405,"neow_bonus":"TEN_PERCENT_HP_BONUS","is_prod":false,"is_daily":false,"chose_seed":false,"campfire_upgraded":2,"win_rate":0,"timestamp":1548646428,"path_taken":["M","?","M","M","?","R","E","?","T","E","M","E","R","M","R","BOSS","M","?","M","M","?"],"build_version":"2019-01-23","purchased_purges":0,"victory":false,"max_hp_per_floor":[78,78,78,78,78,78,78,78,78,78,78,78,78,78,78,78,78,78,78,78,78,78],"card_choices":[{"not_picked":["Compile Driver","Steam Power"],"picked":"Streamline","floor":1.0},{"not_picked":["Chill","Reinforced Body"],"picked":"Auto Shields","floor":2.0},{"not_picked":["Rebound","Sweeping Beam"],"picked":"Steam","floor":3.0},{"not_picked":["Conserve Battery","Double Energy"],"picked":"Ball Lightning","floor":4},{"not_picked":["Sweeping Beam","Loop"],"picked":"FTL","floor":7},{"not_picked":["Glacier","Hello World"],"picked":"Steam","floor":10},{"not_picked":["Cold Snap","Storm"],"picked":"Stack","floor":11},{"not_picked":["Stack","Go for the Eyes"],"picked":"Tempest","floor":12},{"not_picked":["Heatsinks","Cold Snap"],"picked":"Static Discharge","floor":14},{"not_picked":["Seek","Hyperbeam"],"picked":"Buffer","floor":16},{"not_picked":["Stack","Aggregate"],"picked":"Barrage+1","floor":18},{"not_picked":["Lockon","Turbo"],"picked":"Cold Snap+1","floor":20},{"not_picked":["Redo","Sweeping Beam"],"picked":"Ball Lightning","floor":21}],"player_experience":1092255,"relics_obtained":[{"floor":7,"key":"Turnip"},{"floor":8,"key":"Emotion Chip"},{"floor":9,"key":"Anchor"},{"floor":10,"key":"Sundial"},{"floor":12,"key":"Tiny Chest"}],"event_choices":[{"damage_healed":0,"gold_gain":75,"player_choice":"Gather Gold","damage_taken":11,"max_hp_gain":0,"max_hp_loss":0,"event_name":"World of Goop","floor":5,"gold_loss":0},{"cards_removed":["Defend_B"],"damage_healed":0,"gold_gain":0,"player_choice":"Upgrade and Remove","damage_taken":0,"max_hp_gain":0,"max_hp_loss":0,"event_name":"Designer","floor":19,"gold_loss":110,"cards_upgraded":["Tempest"]}],"is_beta":false,"boss_relics":[{"not_picked":["FrozenCore","Velvet Choker"],"picked":"Black Star"}],"items_purged_floors":[],"is_endless":false,"potions_floor_spawned":[2,3,4,11,21],"killed_by":"Shelled Parasite and Fungi","ascension_level":20}