{"gold_per_floor":[113,5,16,16,38,110,133,175,210,222,62,62,90,165,165,165],"floor_reached":16,"playtime":613,"items_purged":["Strike_R"],"score":236,"play_id":"361396f9-aab5-4068-b507-9ad1857f4e41","local_time":"20190131220231","is_ascension_mode":true,"campfire_choices":[{"floor":10.0,"key":"REST"},{"data":"Bludgeon","floor":12.0,"key":"SMITH"},{"floor":15.0,"key":"REST"}],"neow_cost":"NONE","seed_source_timestamp":1860383695985033,"circlet_count":0,"master_deck":["AscendersBane","Strike_R","Strike_R","Strike_R","Strike_R","Defend_R","Defend_R","Defend_R","Defend_R","Bash","Thunderclap","Disarm","Bludgeon+1","Ghostly Armor","Twin Strike","Immolate","Shrug It Off","Finesse","Feel No Pain","Juggernaut"],"special_seed":0,"relics":["Burning Blood","NeowsBlessing","MawBank","Tiny Chest","Bronze Scales","Dream Catcher","Lantern"],"potions_floor_usage":[16,16],"damage_taken":[{"damage":0.0,"enemies":"Cultist","floor":1.0,"turns":1.0},{"damage":0.0,"enemies":"Jaw Worm","floor":3.0,"turns":1.0},{"damage":0.0,"enemies":"2 Louse","floor":5.0,"turns":1.0},{"damage":46.0,"enemies":"Lagavulin","floor":6.0,"turns":6.0},{"damage":20.0,"enemies":"Large Slime","floor":7.0,"turns":6.0},{"damage":16.0,"enemies":"3 Sentries","floor":8.0,"turns":6.0},{"damage":26.0,"enemies":"Lagavulin","floor":13.0,"turns":7.0},{"damage":25,"enemies":"The Guardian","floor":16,"turns":5}],"seed_played":"-3074042487839490814","potions_obtained":[{"floor":7.0,"key":"AttackPotion"},{"floor":8.0,"key":"Block Potion"},{"floor":13.0,"key":"FearPotion"}],"is_trial":false,"path_per_floor":["M","$","M","?","M","E","M","E","T","R","$","R","E","?","R","B"],"character_chosen":"IRONCLAD","items_purchased":["Explosive Potion","AttackPotion","Finesse"],"campfire_rested":2,"item_purchase_floors":[2,2,11],"current_hp_per_floor":[74,74,75,75,75,35,21,11,11,33,33,33,13,2,24,0],"gold":165,"neow_bonus":"THREE_ENEMY_KILL","is_prod":false,"is_daily":false,"chose_seed":false,"campfire_upgraded":1,"win_rate":0,"timestamp":1548990151,"path_taken":["M","$","?","?","M","E","M","E","T","R","?","R","E","?","R","BOSS"],"build_version":"2019-01-23","purchased_purges":1,"victory":false,"max_hp_per_floor":[75,75,75,75,75,75,75,75,75,75,75,75,75,75,75,75],"card_choices":[{"not_picked":["Flex","Clash"],"picked":"Thunderclap","floor":1.0},{"not_picked":["Perfected Strike","Havoc"],"picked":"Disarm","floor":3.0},{"not_picked":["Feel No Pain","Twin Strike"],"picked":"Bludgeon","floor":5.0},{"not_picked":["Hemokinesis","Sword Boomerang"],"picked":"Ghostly Armor","floor":6.0},{"not_picked":["Perfected Strike","Pummel"],"picked":"Twin Strike","floor":7.0},{"not_picked":["Feel No Pain","Twin Strike"],"picked":"Immolate","floor":8.0},{"not_picked":["Burning Pact","Flex"],"picked":"Shrug It Off","floor":10.0},{"not_picked":["Havoc","Shrug It Off"],"picked":"Feel No Pain","floor":13.0},{"not_picked":["Headbutt","Blood for Blood"],"picked":"Juggernaut","floor":15.0}],"player_experience":846240,"relics_obtained":[{"floor":4.0,"key":"MawBank"},{"floor":6.0,"key":"Tiny Chest"},{"floor":8.0,"key":"Bronze Scales"},{"floor":9.0,"key":"Dream Catcher"},{"floor":13.0,"key":"Lantern"}],"event_choices":[{"damage_healed":0.0,"max_hp_gain":0.0,"max_hp_loss":0.0,"gold_gain":0.0,"event_name":"Wheel of Change","player_choice":"Relic","floor":4.0,"gold_loss":0.0,"damage_taken":0.0},{"damage_healed":0.0,"max_hp_gain":0.0,"max_hp_loss":0.0,"gold_gain":75.0,"event_name":"World of Goop","player_choice":"Gather Gold","floor":14.0,"gold_loss":0.0,"damage_taken":11.0}],"is_beta":false,"boss_relics":[],"items_purged_floors":[11],"is_endless":false,"potions_floor_spawned":[3,7,8,13],"killed_by":"The Guardian","ascension_level":20}