{"gold_per_floor":[11,21,39,39,39,66,16,16,70,70,101,101,276,290,290,388,388,406,406,456,466,103,103,103,103,103,134,134,161,177,204,204,302,302,312,312,312,327,377,377,412,428,428,455,466,466,62,74,74,74,74,74,22,50,50],"floor_reached":56,"playtime":2982,"items_purged":["Doubt","Shame"],"score":1529,"play_id":"a17ffd61-0d89-49f4-9587-eb0d65a00fbf","local_time":"20181110012229","is_ascension_mode":true,"campfire_choices":[{"data":"Body Slam","floor":8,"key":"SMITH"},{"data":"Disarm","floor":10,"key":"SMITH"},{"data":"Immolate","floor":12,"key":"SMITH"},{"data":"Bash","floor":15,"key":"SMITH"},{"data":"Iron Wave","floor":23,"key":"SMITH"},{"data":"Sword Boomerang","floor":25,"key":"SMITH"},{"data":"Armaments","floor":28,"key":"SMITH"},{"data":"Thunderclap","floor":32,"key":"SMITH"},{"data":"Limit Break","floor":40,"key":"SMITH"},{"floor":49,"key":"RECALL"},{"data":"Inflame","floor":52,"key":"SMITH"}],"neow_cost":"NO_GOLD","seed_source_timestamp":1369264399731331,"circlet_count":0,"master_deck":["Strike_R+1","Strike_R","Strike_R","Defend_R","Defend_R","Defend_R","Defend_R","Bash+1","Sword Boomerang+1","Shrug It Off","Body Slam+1","Limit Break+1","Disarm+1","Immolate+1","Iron Wave+1","Reaper+1","Shrug It Off","Thunderclap+1","Armaments+1","Metallicize+1","Shrug It Off","Shrug It Off","Feed","Bloodletting","Body Slam+1","Shrug It Off","Spot Weakness+1","Shrug It Off+1","Iron Wave+1","Inflame+1","Inflame+1","Metallicize","Body Slam+1"],"relics":["Burning Blood","StoneCalendar","PreservedInsect","Bag of Preparation","Gremlin Horn","Cursed Key","Incense Burner","Bag of Marbles","Whetstone","Bird Faced Urn","Runic Pyramid","Calipers","Peace Pipe","Question Card","Mummified Hand","Frozen Egg 2"],"potions_floor_usage":[6,6,16,21,29,33,41,55,55,55],"damage_taken":[{"damage":6,"enemies":"Cultist","floor":1,"turns":4},{"damage":5,"enemies":"2 Louse","floor":2,"turns":3},{"damage":0,"enemies":"Small Slimes","floor":3,"turns":4},{"damage":24,"enemies":"Lagavulin","floor":6,"turns":10},{"damage":9,"enemies":"3 Sentries","floor":11,"turns":7},{"damage":0,"enemies":"2 Fungi Beasts","floor":14,"turns":3},{"damage":39,"enemies":"The Guardian","floor":16,"turns":11},{"damage":10,"enemies":"Chosen","floor":18,"turns":3},{"damage":22,"enemies":"Spheric Guardian","floor":21,"turns":4},{"damage":0,"enemies":"Gremlin Leader","floor":27,"turns":4},{"damage":4,"enemies":"Slavers","floor":29,"turns":4},{"damage":0,"enemies":"Centurion and Healer","floor":30,"turns":3},{"damage":0,"enemies":"Gremlin Leader","floor":31,"turns":2},{"damage":26,"enemies":"Collector","floor":33,"turns":12},{"damage":2,"enemies":"3 Darklings","floor":35,"turns":4},{"damage":1,"enemies":"3 Shapes","floor":38,"turns":3},{"damage":11,"enemies":"2 Orb Walkers","floor":39,"turns":5},{"damage":0,"enemies":"Nemesis","floor":41,"turns":3},{"damage":25,"enemies":"Writhing Mass","floor":42,"turns":5},{"damage":2,"enemies":"Reptomancer","floor":44,"turns":4},{"damage":5,"enemies":"Maw","floor":45,"turns":6},{"damage":0,"enemies":"Jaw Worm Horde","floor":48,"turns":3},{"damage":9,"enemies":"Awakened One","floor":50,"turns":12},{"damage":0,"enemies":"Shield and Spear","floor":54,"turns":6},{"damage":69,"enemies":"The Heart","floor":55,"turns":9}],"seed_played":"-5520244842674852990","potions_obtained":[{"floor":1,"key":"Block Potion"},{"floor":6,"key":"Fruit Juice"},{"floor":14,"key":"Dexterity Potion"},{"floor":18,"key":"Explosive Potion"},{"floor":21,"key":"Block Potion"},{"floor":29,"key":"SpeedPotion"},{"floor":35,"key":"Swift Potion"},{"floor":39,"key":"Regen Potion"},{"floor":41,"key":"Poison Potion"},{"floor":44,"key":"Ancient Potion"},{"floor":46,"key":"GamblersBrew"}],"is_trial":false,"path_per_floor":["M","M","M","?","$","E","?","R","T","R","E","R","?","M","R","B",null,"M","?","?","M","$","R","T","R","T","E","R","E","M","E","R","B",null,"M","?","?","M","?","R","E","M","T","E","M","?","$","M","R","B",null,"R","$","E","B",null],"character_chosen":"IRONCLAD","items_purchased":["Incense Burner","Mummified Hand","PowerPotion","PowerPotion"],"campfire_rested":0,"item_purchase_floors":[22,47,47,53],"current_hp_per_floor":[80,80,80,80,80,67,67,67,67,67,64,64,64,70,70,37,85,81,81,81,65,65,65,65,65,65,85,85,85,85,85,85,73,85,89,85,85,89,92,92,92,92,92,98,102,102,102,106,106,110,110,110,110,113,113],"gold":50,"neow_bonus":"ONE_RARE_RELIC","is_prod":false,"is_daily":false,"chose_seed":false,"campfire_upgraded":10,"win_rate":0,"timestamp":1541830949,"path_taken":["M","?","M","?","?","E","?","R","T","R","E","R","?","M","R","BOSS","M","?","?","?","$","R","?","R","T","E","R","E","M","E","R","BOSS","M","?","?","?","?","R","E","M","T","E","M","?","$","?","R","BOSS","R","$","E","BOSS"],"build_version":"2018-11-08","purchased_purges":2,"victory":true,"max_hp_per_floor":[80,80,80,80,80,85,85,85,85,85,85,85,85,85,85,85,85,85,85,85,85,85,85,85,85,85,85,85,85,85,85,85,85,85,89,85,85,89,92,92,92,95,95,98,102,102,102,106,106,110,110,110,110,113,113],"card_choices":[{"not_picked":["Dual Wield","Havoc"],"picked":"Sword Boomerang","floor":1},{"not_picked":["Sword Boomerang","Heavy Blade"],"picked":"Shrug It Off","floor":2},{"not_picked":["Flame Barrier","Flex"],"picked":"Body Slam","floor":3},{"not_picked":["Sentinel","Body Slam"],"picked":"Disarm","floor":6},{"not_picked":["Sword Boomerang","Evolve"],"picked":"Immolate","floor":11},{"not_picked":["Hemokinesis","Searing Blow"],"picked":"Iron Wave","floor":14},{"not_picked":["Brutality","Berserk"],"picked":"Reaper","floor":16},{"not_picked":["Perfected Strike","Second Wind","Flex+1"],"picked":"SKIP","floor":18},{"not_picked":["Power Through","Anger"],"picked":"Thunderclap","floor":21},{"not_picked":["True Grit","Intimidate"],"picked":"Armaments","floor":27},{"not_picked":["Second Wind","Rupture"],"picked":"Metallicize+1","floor":29},{"not_picked":["Berserk","Warcry+1"],"picked":"Shrug It Off","floor":30},{"not_picked":["Iron Wave","Rampage"],"picked":"Shrug It Off","floor":31},{"not_picked":["Exhume","Bludgeon"],"picked":"Feed","floor":33},{"not_picked":["Pommel Strike+1","Twin Strike+1"],"picked":"Bloodletting","floor":35},{"not_picked":["Rupture+1","Rampage"],"picked":"Shrug It Off","floor":38},{"not_picked":["Ghostly Armor","Fire Breathing+1"],"picked":"Spot Weakness+1","floor":39},{"not_picked":["Shockwave","Combust+1"],"picked":"Shrug It Off+1","floor":41},{"not_picked":["Wild Strike+1","Feel No Pain"],"picked":"Iron Wave+1","floor":42},{"not_picked":["Dual Wield","Iron Wave"],"picked":"Inflame","floor":44},{"not_picked":["Rampage","Twin Strike","Armaments+1"],"picked":"Inflame+1","floor":45},{"not_picked":["True Grit","Reckless Charge","Battle Trance+1"],"picked":"Metallicize","floor":48},{"not_picked":["Bludgeon","Whirlwind+1","Cleave+1"],"picked":"Body Slam+1","floor":54}],"player_experience":3371444,"relics_obtained":[{"floor":6,"key":"PreservedInsect"},{"floor":9,"key":"Bag of Preparation"},{"floor":11,"key":"Gremlin Horn"},{"floor":27,"key":"Bag of Marbles"},{"floor":29,"key":"Whetstone"},{"floor":31,"key":"Bird Faced Urn"},{"floor":39,"key":"Calipers"},{"floor":41,"key":"Peace Pipe"},{"floor":44,"key":"Question Card"},{"floor":54,"key":"Frozen Egg 2"}],"event_choices":[{"damage_healed":0,"gold_gain":0,"cards_transformed":["Strike_R"],"player_choice":"Transformed","damage_taken":0,"max_hp_gain":0,"max_hp_loss":0,"event_name":"Transmorgrifier","floor":4,"gold_loss":0,"cards_obtained":["Limit Break"]},{"cards_removed":["Strike_R"],"damage_healed":0,"gold_gain":0,"player_choice":"Card Removal","damage_taken":0,"max_hp_gain":0,"max_hp_loss":0,"event_name":"The Cleric","floor":7,"gold_loss":50},{"damage_healed":0,"gold_gain":175,"player_choice":"AGREE","damage_taken":0,"max_hp_gain":0,"max_hp_loss":0,"event_name":"Liars Game","floor":13,"gold_loss":0,"cards_obtained":["Doubt"]},{"damage_healed":0,"gold_gain":0,"player_choice":"Read","damage_taken":0,"max_hp_gain":0,"max_hp_loss":0,"event_name":"The Library","floor":19,"gold_loss":0,"cards_obtained":["Shrug It Off"]},{"damage_healed":0,"gold_gain":100,"player_choice":"Bet on Murderer","damage_taken":0,"max_hp_gain":0,"max_hp_loss":0,"event_name":"The Joust","floor":20,"gold_loss":50},{"damage_healed":0,"gold_gain":0,"player_choice":"Max HP","damage_taken":0,"max_hp_gain":0,"max_hp_loss":4,"event_name":"Winding Halls","floor":36,"gold_loss":0},{"damage_healed":0,"gold_gain":0,"player_choice":"Copied","damage_taken":0,"max_hp_gain":0,"max_hp_loss":0,"event_name":"Duplicator","floor":37,"gold_loss":0,"cards_obtained":["Body Slam"]},{"damage_healed":0,"gold_gain":0,"player_choice":"Fight","damage_taken":0,"max_hp_gain":0,"max_hp_loss":0,"event_name":"Mysterious Sphere","floor":39,"gold_loss":0},{"damage_healed":0,"gold_gain":0,"player_choice":"Got Potions","damage_taken":0,"max_hp_gain":0,"max_hp_loss":0,"event_name":"Lab","floor":46,"gold_loss":0}],"is_beta":true,"boss_relics":[{"not_picked":["Fusion Hammer","Astrolabe"],"picked":"Cursed Key"},{"not_picked":["Tiny House","White Beast Statue"],"picked":"Runic Pyramid"}],"items_purged_floors":[22,47],"is_endless":false,"potions_floor_spawned":[1,6,14,18,21,29,35,39,41,44,54],"ascension_level":1}