{"gold_per_floor":[18,30,45,55,55,55,88,88,88,88],"floor_reached":10,"playtime":306,"items_purged":[],"score":136,"play_id":"d267be14-f7fe-4246-95fa-852dddc91cf4","local_time":"20190201102817","is_ascension_mode":true,"campfire_choices":[{"data":"Searing Blow","floor":6.0,"key":"SMITH"},{"data":"Searing Blow+1","floor":8,"key":"SMITH"}],"neow_cost":"NO_GOLD","seed_source_timestamp":1905474751636693,"circlet_count":0,"master_deck":["AscendersBane","Strike_R","Strike_R","Strike_R","Strike_R+1","Strike_R","Defend_R","Defend_R+1","Defend_R","Defend_R","Bash","Impervious","Anger","Searing Blow+2","Seeing Red","Disarm"],"special_seed":0,"relics":["Burning Blood","Question Card","Molten Egg 2"],"potions_floor_usage":[7,7],"damage_taken":[{"damage":1.0,"enemies":"Cultist","floor":1.0,"turns":4.0},{"damage":5.0,"enemies":"Small Slimes","floor":2.0,"turns":5.0},{"damage":1.0,"enemies":"2 Louse","floor":3.0,"turns":3.0},{"damage":18.0,"enemies":"Exordium Thugs","floor":4.0,"turns":6.0},{"damage":16,"enemies":"3 Sentries","floor":7,"turns":7},{"damage":31,"enemies":"Gremlin Nob","floor":10,"turns":4}],"seed_played":"5961916245902061176","potions_obtained":[{"floor":2.0,"key":"Dexterity Potion"},{"floor":3.0,"key":"Strength Potion"}],"is_trial":false,"path_per_floor":["M","M","M","M","?","R","E","R","T","E"],"character_chosen":"IRONCLAD","items_purchased":[],"campfire_rested":0,"item_purchase_floors":[],"current_hp_per_floor":[73,74,75,63,40,40,30,30,30,0],"gold":88,"neow_bonus":"THREE_RARE_CARDS","is_prod":false,"is_daily":false,"chose_seed":false,"campfire_upgraded":2,"win_rate":0,"timestamp":1549034897,"path_taken":["M","M","M","?","?","R","E","R","T","E"],"build_version":"2019-01-23","purchased_purges":0,"victory":false,"max_hp_per_floor":[75,75,75,75,75,75,75,75,75,75],"card_choices":[{"not_picked":["Limit Break","Berserk"],"picked":"Impervious","floor":0.0},{"not_picked":["Blood for Blood","Intimidate"],"picked":"Anger","floor":1.0},{"not_picked":["Dropkick","Sword Boomerang"],"picked":"Searing Blow","floor":2.0},{"not_picked":["Iron Wave","Heavy Blade","Fire Breathing"],"picked":"SKIP","floor":3.0},{"not_picked":["Perfected Strike","Burning Pact"],"picked":"Seeing Red","floor":4.0},{"not_picked":["Flex","Reaper"],"picked":"Disarm","floor":7}],"player_experience":851593,"relics_obtained":[{"floor":7,"key":"Question Card"},{"floor":9,"key":"Molten Egg 2"}],"event_choices":[{"damage_healed":0.0,"max_hp_gain":0.0,"max_hp_loss":0.0,"gold_gain":0.0,"event_name":"Shining Light","player_choice":"Entered Light","floor":5.0,"gold_loss":0.0,"damage_taken":23.0,"cards_upgraded":["Strike_R","Defend_R"]}],"is_beta":false,"boss_relics":[],"items_purged_floors":[],"is_endless":false,"potions_floor_spawned":[2,3],"killed_by":"Gremlin Nob","ascension_level":20}