{"gold_per_floor":[111,121,121,139,139,172,19,19,74,118,118,153,173,192,192,313,313,326,347,16,16,16,16,47,47,47,85,103,142,142,142,142,268,268,293,307,307,7,25,25,65,65,65,86,121,246,246,270,270,270,270,270,13,44,44],"floor_reached":56,"playtime":4209,"items_purged":["Wild Strike","Strike_R"],"score":1465,"play_id":"ae9f7cac-9d76-493b-8e9c-3806759e2f59","local_time":"20181120053911","is_ascension_mode":true,"campfire_choices":[{"data":"Demon Form","floor":8,"key":"SMITH"},{"data":"True Grit","floor":15,"key":"SMITH"},{"data":"Corruption","floor":23,"key":"SMITH"},{"data":"Armaments","floor":25,"key":"SMITH"},{"data":"Heavy Blade","floor":30,"key":"SMITH"},{"floor":32,"key":"REST"},{"data":"Bash","floor":40,"key":"SMITH"},{"floor":42,"key":"REST"},{"floor":47,"key":"RECALL"},{"data":"Iron Wave","floor":49,"key":"SMITH"},{"data":"Sentinel","floor":52,"key":"SMITH"}],"neow_cost":"NONE","seed_source_timestamp":2247217533728514,"circlet_count":0,"master_deck":["Strike_R","Strike_R","Defend_R","Defend_R","Defend_R","Defend_R+1","Bash+1","Shrug It Off+1","Thunderclap","Ghostly Armor","Demon Form+1","Heavy Blade+1","Iron Wave+1","True Grit+1","Impervious","Headbutt+1","Sword Boomerang","Corruption+1","Evolve","Armaments+1","Sword Boomerang+1","Sentinel+1","Impervious","Feed+1","Havoc+1","Uppercut+1","Shrug It Off","Iron Wave+1","Clothesline+1","True Grit+1","Dropkick+1","Discovery+1","Pummel+1"],"relics":["Burning Blood","PreservedInsect","Golden Idol","Regal Pillow","Bronze Scales","Singing Bowl","Torii","Runic Pyramid","Dodecahedron","Art of War","Molten Egg 2","Pen Nib","War Paint","Enchiridion","Black Star","Bottled Tornado","Bag of Preparation","Ancient Tea Set","Toxic Egg 2","Letter Opener","Paper Frog","Thread and Needle","Frozen Egg 2","Matryoshka"],"potions_floor_usage":[10,16,24,28,41,55,55,55],"damage_taken":[{"damage":5,"enemies":"Small Slimes","floor":1,"turns":5},{"damage":6,"enemies":"Jaw Worm","floor":2,"turns":4},{"damage":0,"enemies":"2 Louse","floor":4,"turns":3},{"damage":13,"enemies":"3 Sentries","floor":6,"turns":7},{"damage":18,"enemies":"Lagavulin","floor":10,"turns":7},{"damage":19,"enemies":"3 Sentries","floor":12,"turns":6},{"damage":19,"enemies":"Exordium Wildlife","floor":13,"turns":4},{"damage":1,"enemies":"Looter","floor":14,"turns":4},{"damage":5,"enemies":"The Guardian","floor":16,"turns":11},{"damage":0,"enemies":"Chosen","floor":18,"turns":5},{"damage":5,"enemies":"Shell Parasite","floor":19,"turns":10},{"damage":0,"enemies":"Book of Stabbing","floor":24,"turns":6},{"damage":14,"enemies":"Gremlin Leader","floor":27,"turns":4},{"damage":11,"enemies":"Sentry and Sphere","floor":28,"turns":5},{"damage":12,"enemies":"Book of Stabbing","floor":29,"turns":4},{"damage":23,"enemies":"Champ","floor":33,"turns":11},{"damage":0,"enemies":"Orb Walker","floor":35,"turns":4},{"damage":0,"enemies":"3 Shapes","floor":36,"turns":6},{"damage":0,"enemies":"Maw","floor":39,"turns":8},{"damage":29,"enemies":"Reptomancer","floor":41,"turns":6},{"damage":0,"enemies":"3 Darklings","floor":44,"turns":5},{"damage":0,"enemies":"Nemesis","floor":45,"turns":3},{"damage":0,"enemies":"Mind Bloom Boss Battle","floor":46,"turns":5},{"damage":0,"enemies":"4 Shapes","floor":48,"turns":5},{"damage":32,"enemies":"Awakened One","floor":50,"turns":11},{"damage":0,"enemies":"Shield and Spear","floor":54,"turns":6},{"damage":36,"enemies":"The Heart","floor":55,"turns":8}],"seed_played":"-1309798747183013033","potions_obtained":[{"floor":2,"key":"Poison Potion"},{"floor":6,"key":"Dexterity Potion"},{"floor":10,"key":"PowerPotion"},{"floor":13,"key":"GamblersBrew"},{"floor":19,"key":"LiquidBronze"},{"floor":33,"key":"PowerPotion"},{"floor":39,"key":"Swift Potion"},{"floor":44,"key":"Swift Potion"},{"floor":45,"key":"PowerPotion"}],"is_trial":false,"path_per_floor":["M","M","?","M","?","E","$","R","T","E","?","E","M","M","R","B",null,"M","M","$","?","?","R","E","R","T","E","M","E","R","?","R","B",null,"M","M","?","$","M","R","E","R","T","M","E","?","R","M","R","B",null,"R","$","E","B",null],"character_chosen":"IRONCLAD","items_purchased":["Demon Form","Dodecahedron","Bottled Tornado","Shrug It Off","Ancient Potion","Discovery+1"],"campfire_rested":2,"item_purchase_floors":[7,20,38,38,53,53],"current_hp_per_floor":[80,80,73,79,74,67,67,67,67,55,55,44,31,36,36,37,76,76,76,76,76,76,76,76,76,76,68,63,57,57,41,76,59,76,80,84,84,84,90,90,71,94,94,100,104,108,108,112,112,90,116,116,116,120,90],"gold":44,"neow_bonus":"THREE_CARDS","is_prod":false,"is_daily":false,"chose_seed":false,"campfire_upgraded":8,"win_rate":0,"timestamp":1542710350,"path_taken":["M","M","?","M","?","E","$","R","T","E","?","E","M","?","R","BOSS","M","M","$","?","?","R","E","R","T","E","M","E","R","?","R","BOSS","M","M","?","?","M","R","E","R","T","?","E","?","R","M","R","BOSS","R","$","E","BOSS"],"build_version":"2018-11-15","purchased_purges":2,"victory":true,"max_hp_per_floor":[80,80,80,80,74,74,74,74,74,74,74,76,76,76,76,76,76,76,76,76,76,76,76,76,76,76,76,76,76,76,76,76,76,76,80,84,84,84,90,90,94,94,94,100,104,108,108,112,112,116,116,116,116,120,120],"card_choices":[{"not_picked":["Armaments","Feel No Pain"],"picked":"Shrug It Off","floor":0},{"not_picked":["Warcry","Power Through"],"picked":"Thunderclap","floor":1},{"not_picked":["Feel No Pain","Havoc","Intimidate"],"picked":"SKIP","floor":2},{"not_picked":["Bloodletting","Headbutt"],"picked":"Ghostly Armor","floor":4},{"not_picked":["Cleave","Seeing Red"],"picked":"Wild Strike","floor":6},{"not_picked":["Havoc","Reckless Charge"],"picked":"Heavy Blade","floor":10},{"not_picked":["Twin Strike","Flex","Demon Form"],"picked":"Singing Bowl","floor":12},{"not_picked":["Flex","Body Slam"],"picked":"Iron Wave","floor":13},{"not_picked":["Havoc","Juggernaut"],"picked":"True Grit","floor":14},{"not_picked":["Bludgeon","Berserk"],"picked":"Impervious","floor":16},{"not_picked":["Corruption","Entrench"],"picked":"Headbutt+1","floor":18},{"not_picked":["Shockwave","Pommel Strike"],"picked":"Sword Boomerang","floor":19},{"not_picked":["Clash","Havoc"],"picked":"Armaments","floor":24},{"not_picked":["Flex+1","Flame Barrier"],"picked":"Sword Boomerang+1","floor":27},{"not_picked":["Havoc","Cleave+1"],"picked":"Sentinel","floor":28},{"not_picked":["Carnage+1","Demon Form"],"picked":"Impervious","floor":29},{"not_picked":["Bludgeon+1","Immolate+1"],"picked":"Feed+1","floor":33},{"not_picked":["Warcry","Spot Weakness+1"],"picked":"Havoc+1","floor":35},{"not_picked":["Iron Wave+1","Sentinel"],"picked":"Uppercut+1","floor":36},{"not_picked":["Headbutt+1","Rampage+1","Corruption"],"picked":"Singing Bowl","floor":39},{"not_picked":["Inflame","Warcry"],"picked":"Iron Wave+1","floor":41},{"not_picked":["Searing Blow+1","Combust+1","Cleave+1"],"picked":"Singing Bowl","floor":44},{"not_picked":["Armaments+1","Sword Boomerang+1"],"picked":"Clothesline+1","floor":45},{"not_picked":["Sword Boomerang+1","Pommel Strike+1"],"picked":"True Grit+1","floor":46},{"not_picked":["Uppercut+1","Rampage+1"],"picked":"Dropkick+1","floor":48},{"not_picked":["Inflame","Thunderclap+1"],"picked":"Pummel+1","floor":54}],"player_experience":3484456,"relics_obtained":[{"floor":6,"key":"Regal Pillow"},{"floor":9,"key":"Bronze Scales"},{"floor":10,"key":"Singing Bowl"},{"floor":12,"key":"Torii"},{"floor":24,"key":"Molten Egg 2"},{"floor":27,"key":"Pen Nib"},{"floor":29,"key":"War Paint"},{"floor":31,"key":"Enchiridion"},{"floor":41,"key":"Bag of Preparation"},{"floor":41,"key":"Ancient Tea Set"},{"floor":43,"key":"Toxic Egg 2"},{"floor":45,"key":"Letter Opener"},{"floor":45,"key":"Paper Frog"},{"floor":46,"key":"Thread and Needle"},{"floor":54,"key":"Frozen Egg 2"},{"floor":54,"key":"Matryoshka"}],"event_choices":[{"damage_healed":0,"gold_gain":0,"player_choice":"Success","damage_taken":7,"relics_obtained":["PreservedInsect"],"max_hp_gain":0,"max_hp_loss":0,"event_name":"Scrap Ooze","floor":3,"gold_loss":0},{"damage_healed":0,"gold_gain":0,"player_choice":"Lose Max HP","damage_taken":0,"relics_obtained":["Golden Idol"],"max_hp_gain":0,"max_hp_loss":6,"event_name":"Golden Idol","floor":5,"gold_loss":0},{"damage_healed":0,"gold_gain":0,"player_choice":"Ignored","damage_taken":0,"max_hp_gain":0,"max_hp_loss":0,"event_name":"Liars Game","floor":11,"gold_loss":0},{"damage_healed":0,"gold_gain":0,"player_choice":"Stole Relic","damage_taken":0,"relics_obtained":["Art of War"],"max_hp_gain":0,"max_hp_loss":0,"event_name":"Addict","floor":21,"gold_loss":0,"cards_obtained":["Shame"]},{"damage_healed":0,"gold_gain":0,"cards_transformed":["Strike_R","Strike_R"],"player_choice":"Became Test Subject","damage_taken":0,"max_hp_gain":0,"max_hp_loss":0,"event_name":"Drug Dealer","floor":22,"gold_loss":0,"cards_obtained":["Corruption","Evolve"]},{"damage_healed":0,"gold_gain":0,"player_choice":"Obtained Book","damage_taken":16,"max_hp_gain":0,"max_hp_loss":0,"event_name":"Cursed Tome","floor":31,"gold_loss":0},{"cards_removed":["Shame"],"damage_healed":0,"gold_gain":0,"player_choice":"Purged","damage_taken":0,"max_hp_gain":0,"max_hp_loss":0,"event_name":"Purifier","floor":37,"gold_loss":0},{"damage_healed":0,"gold_gain":0,"player_choice":"Fight","damage_taken":0,"max_hp_gain":0,"max_hp_loss":0,"event_name":"MindBloom","floor":46,"gold_loss":0}],"is_beta":true,"boss_relics":[{"not_picked":["Tiny House","Runic Cube"],"picked":"Runic Pyramid"},{"not_picked":["Snecko Eye","Empty Cage"],"picked":"Black Star"}],"items_purged_floors":[20,53],"is_endless":false,"potions_floor_spawned":[2,6,10,13,19,33,39,44,45,46,54],"ascension_level":1}