{"gold_per_floor":[216,230,247,247,258,258,287,287,310,336,352,381,381,401,401,475,475,489,489,139,139,158,158,158],"floor_reached":24,"playtime":803,"items_purged":["Defend_B"],"score":432,"play_id":"b9d55946-a22f-4b6a-9658-b64c27230261","local_time":"20190211192211","is_ascension_mode":true,"campfire_choices":[{"data":"Zap","floor":6.0,"key":"SMITH"},{"floor":8.0,"key":"REST"},{"data":"Loop","floor":15.0,"key":"SMITH"},{"data":"Conserve Battery","floor":23,"key":"SMITH"}],"neow_cost":"NONE","seed_source_timestamp":1297213504177000,"circlet_count":0,"master_deck":["AscendersBane","Strike_B","Strike_B","Strike_B","Strike_B","Defend_B","Defend_B","Zap+1","Dualcast","Ball Lightning","Steam","Conserve Battery+1","Echo Form","Self Repair","Steam","Skim","Loop+1","Echo Form","Conserve Battery+1"],"special_seed":0,"relics":["Cracked Core","Regal Pillow","Smiling Mask","Boot","WingedGreaves","Singing Bowl","Sozu","Membership Card","Tiny Chest"],"potions_floor_usage":[16,16],"damage_taken":[{"damage":0.0,"enemies":"Cultist","floor":1.0,"turns":3.0},{"damage":3.0,"enemies":"Small Slimes","floor":2.0,"turns":2.0},{"damage":0.0,"enemies":"Jaw Worm","floor":3.0,"turns":3.0},{"damage":1.0,"enemies":"2 Fungi Beasts","floor":5.0,"turns":3.0},{"damage":31.0,"enemies":"Gremlin Nob","floor":7.0,"turns":4.0},{"damage":12.0,"enemies":"Lagavulin","floor":10.0,"turns":6.0},{"damage":6.0,"enemies":"Lots of Slimes","floor":11.0,"turns":4.0},{"damage":28.0,"enemies":"3 Sentries","floor":12.0,"turns":8.0},{"damage":8.0,"enemies":"Blue Slaver","floor":14.0,"turns":4.0},{"damage":32,"enemies":"Hexaghost","floor":16,"turns":11},{"damage":44,"enemies":"Chosen","floor":18,"turns":6},{"damage":3,"enemies":"3 Byrds","floor":22,"turns":5},{"damage":29,"enemies":"Cultist and Chosen","floor":24,"turns":3}],"seed_played":"3993147703524514393","potions_obtained":[{"floor":5.0,"key":"SteroidPotion"},{"floor":10.0,"key":"Energy Potion"},{"floor":12.0,"key":"Energy Potion"},{"floor":14.0,"key":"SkillPotion"}],"is_trial":false,"path_per_floor":["M","M","M","?","M","R","E","R","T","E","M","E","?","M","R","B",null,"M","?","$","?","M","R","M"],"character_chosen":"DEFECT","items_purchased":["Membership Card","Tiny Chest","Conserve Battery"],"campfire_rested":1,"item_purchase_floors":[20,20,20],"current_hp_per_floor":[64,61,61,61,60,60,29,65,65,67,61,47,36,35,35,10,56,14,14,14,14,27,27,0],"gold":158,"neow_bonus":"HUNDRED_GOLD","is_prod":false,"is_daily":false,"chose_seed":false,"campfire_upgraded":3,"win_rate":0,"timestamp":1549880531,"path_taken":["M","M","?","?","M","R","E","R","T","E","M","E","?","M","R","BOSS","M","?","$","?","M","R","M"],"build_version":"2019-01-23","purchased_purges":1,"victory":false,"max_hp_per_floor":[71,71,71,71,71,71,71,71,71,71,71,71,71,71,71,71,71,73,73,73,73,75,75,75],"card_choices":[{"not_picked":["Conserve Battery","Leap"],"picked":"Ball Lightning","floor":1.0},{"not_picked":["Steam Power","Recycle"],"picked":"Steam","floor":2.0},{"not_picked":["Turbo","Defragment"],"picked":"Conserve Battery","floor":3.0},{"not_picked":["Go for the Eyes","Conserve Battery"],"picked":"Echo Form","floor":5.0},{"not_picked":["Melter","Recycle"],"picked":"Self Repair","floor":7.0},{"not_picked":["Chill","Gash","Rebound"],"picked":"SKIP","floor":10.0},{"not_picked":["Reinforced Body","Streamline"],"picked":"Steam","floor":11.0},{"not_picked":["BootSequence","Gash"],"picked":"Skim","floor":12.0},{"not_picked":["Glacier","Gash"],"picked":"Loop","floor":14.0},{"not_picked":["Creative AI","Reboot"],"picked":"Echo Form","floor":16},{"not_picked":["Leap","Barrage","Recycle"],"picked":"Singing Bowl","floor":18},{"not_picked":["Streamline","All For One","Stack"],"picked":"Singing Bowl","floor":22}],"player_experience":1127468,"relics_obtained":[{"floor":7.0,"key":"Regal Pillow"},{"floor":9.0,"key":"Smiling Mask"},{"floor":10.0,"key":"Boot"},{"floor":12.0,"key":"WingedGreaves"}],"event_choices":[{"cards_removed":["Defend_B"],"damage_healed":0.0,"max_hp_gain":0.0,"max_hp_loss":0.0,"gold_gain":0.0,"event_name":"Living Wall","player_choice":"Forget","floor":4.0,"gold_loss":0.0,"damage_taken":0.0},{"damage_healed":0.0,"max_hp_gain":0.0,"max_hp_loss":0.0,"gold_gain":0.0,"event_name":"Scrap Ooze","player_choice":"Success","floor":13.0,"gold_loss":0.0,"damage_taken":11.0,"relics_obtained":["Singing Bowl"]},{"damage_healed":0,"gold_gain":0,"player_choice":"Ignored","damage_taken":0,"max_hp_gain":0,"max_hp_loss":0,"event_name":"Cursed Tome","floor":19,"gold_loss":0},{"damage_healed":0,"gold_gain":0,"player_choice":"Forge","damage_taken":0,"max_hp_gain":0,"max_hp_loss":0,"event_name":"Accursed Blacksmith","floor":21,"gold_loss":0,"cards_upgraded":["Conserve Battery"]}],"is_beta":false,"boss_relics":[{"not_picked":["Empty Cage","Fusion Hammer"],"picked":"Sozu"}],"items_purged_floors":[20],"is_endless":false,"potions_floor_spawned":[5,10,12,14,18],"killed_by":"Cultist and Chosen","ascension_level":20}