{"gold_per_floor":[214,164,180,180,27,27,62,12,12,40,57,57,70,70],"floor_reached":14,"playtime":787,"items_purged":["Defend_R","Defend_R"],"score":98,"play_id":"1e57cbd2-7dd0-4d99-9f0d-104507de6236","local_time":"20190218235643","is_ascension_mode":false,"campfire_choices":[{"data":"Inflame","floor":6,"key":"SMITH"}],"neow_cost":"NONE","seed_source_timestamp":43322310905884,"circlet_count":0,"master_deck":["Strike_R","Strike_R","Strike_R","Strike_R","Defend_R","Defend_R","Bash+1","Flex+1","Inflame+1","Limit Break"],"relics":["Burning Blood","Smiling Mask","Pear","Regal Pillow"],"potions_floor_usage":[],"damage_taken":[{"damage":7,"enemies":"Jaw Worm","floor":1,"turns":5},{"damage":0,"enemies":"Small Slimes","floor":3,"turns":3},{"damage":36,"enemies":"Lagavulin","floor":7,"turns":4},{"damage":27,"enemies":"Gremlin Nob","floor":10,"turns":4},{"damage":1,"enemies":"2 Louse","floor":11,"turns":2},{"damage":16,"enemies":"Large Slime","floor":13,"turns":4},{"damage":18,"enemies":"Exordium Thugs","floor":14,"turns":1}],"seed_played":"-6641926294213559846","potions_obtained":[{"floor":7,"key":"SneckoOil"},{"floor":11,"key":"Explosive Potion"}],"is_trial":false,"path_per_floor":["M","?","M","?","$","R","E","$","T","E","M","?","M","M"],"character_chosen":"IRONCLAD","items_purchased":["Inflame"],"campfire_rested":0,"item_purchase_floors":[5],"current_hp_per_floor":[79,79,80,64,64,64,34,34,44,23,28,28,18,0],"gold":70,"neow_bonus":"HUNDRED_GOLD","is_prod":false,"is_daily":false,"chose_seed":false,"campfire_upgraded":1,"win_rate":0.0,"timestamp":1550552203,"path_taken":["M","?","M","?","$","R","E","$","T","E","M","?","M","M"],"build_version":"2019-01-23","purchased_purges":2,"victory":false,"max_hp_per_floor":[80,80,80,80,80,80,80,80,90,90,90,90,90,90],"card_choices":[{"not_picked":["Havoc","Disarm","Clash"],"picked":"SKIP","floor":1},{"not_picked":["Armaments","Clothesline"],"picked":"Flex","floor":3},{"not_picked":["Clothesline","Battle Trance","Bloodletting"],"picked":"SKIP","floor":7},{"not_picked":["Rampage","Havoc","Reckless Charge"],"picked":"SKIP","floor":10},{"not_picked":["Ghostly Armor","Armaments"],"picked":"Limit Break","floor":11},{"not_picked":["True Grit","Anger","Cleave"],"picked":"SKIP","floor":13}],"player_experience":89905,"relics_obtained":[{"floor":7,"key":"Smiling Mask"},{"floor":9,"key":"Pear"},{"floor":10,"key":"Regal Pillow"}],"event_choices":[{"cards_removed":["Strike_R"],"damage_healed":0,"gold_gain":0,"player_choice":"Card Removal","damage_taken":0,"max_hp_gain":0,"max_hp_loss":0,"event_name":"The Cleric","floor":2,"gold_loss":50},{"damage_healed":0,"gold_gain":0,"player_choice":"Entered Light","damage_taken":16,"max_hp_gain":0,"max_hp_loss":0,"event_name":"Shining Light","floor":4,"gold_loss":0,"cards_upgraded":["Bash","Flex"]},{"damage_healed":0,"gold_gain":0,"player_choice":"Ignored","damage_taken":0,"max_hp_gain":0,"max_hp_loss":0,"event_name":"Liars Game","floor":12,"gold_loss":0}],"is_beta":false,"boss_relics":[],"items_purged_floors":[5,8],"is_endless":false,"potions_floor_spawned":[7,11],"killed_by":"Exordium Thugs","ascension_level":0}