{"gold_per_floor":[13,26,26,42,42,73,85,129,167,211,241,285,297,323,335,446,458,488,500,512,542,570,608,620,632],"floor_reached":25,"playtime":1373,"items_purged":[],"score":316,"play_id":"0548420b-b87b-4764-9e2a-28ef39b82e2a","local_time":"20190207000345","is_ascension_mode":true,"campfire_choices":[{"data":"Zap","floor":7,"key":"SMITH"},{"data":"Capacitor","floor":15,"key":"SMITH"},{"data":"Static Discharge","floor":24,"key":"SMITH"}],"neow_cost":"NO_GOLD","seed_source_timestamp":868988474605035,"circlet_count":0,"master_deck":["Defend_B","Defend_B","Defend_B","Zap+1","Dualcast","Barrage","Cold Snap","Leap","Capacitor+1","Stack","BootSequence","Cold Snap","Capacitor","Conserve Battery","Defragment","Rebound","Static Discharge+1","Recycle","Double Energy+1","Barrage+1"],"relics":["Cracked Core","MawBank","Bronze Scales","Potion Belt","Ancient Tea Set","Regal Pillow","Empty Cage","Prayer Wheel"],"potions_floor_usage":[6,10,16,23,23],"damage_taken":[{"damage":1,"enemies":"Jaw Worm","floor":1,"turns":5},{"damage":7,"enemies":"2 Louse","floor":2,"turns":2},{"damage":1,"enemies":"Cultist","floor":4,"turns":3},{"damage":22,"enemies":"3 Sentries","floor":6,"turns":5},{"damage":11,"enemies":"Lagavulin","floor":8,"turns":5},{"damage":18,"enemies":"Gremlin Nob","floor":10,"turns":3},{"damage":6,"enemies":"2 Fungi Beasts","floor":11,"turns":4},{"damage":7,"enemies":"Lagavulin","floor":12,"turns":5},{"damage":3,"enemies":"Blue Slaver","floor":14,"turns":2},{"damage":0,"enemies":"Hexaghost","floor":16,"turns":9},{"damage":7,"enemies":"Shell Parasite","floor":18,"turns":6},{"damage":26,"enemies":"2 Thieves","floor":21,"turns":5},{"damage":9,"enemies":"Shelled Parasite and Fungi","floor":22,"turns":6},{"damage":12,"enemies":"Book of Stabbing","floor":23,"turns":6},{"damage":34,"enemies":"Gremlin Leader","floor":25,"turns":2}],"seed_played":"7341272748510742879","potions_obtained":[{"floor":4,"key":"Explosive Potion"},{"floor":6,"key":"Fire Potion"},{"floor":11,"key":"Fire Potion"},{"floor":16,"key":"Swift Potion"},{"floor":21,"key":"FocusPotion"},{"floor":23,"key":"FocusPotion"}],"is_trial":false,"path_per_floor":["M","M","?","M","?","E","R","E","T","E","M","E","?","M","R","B",null,"M","?","?","M","M","E","R","E"],"character_chosen":"DEFECT","items_purchased":[],"campfire_rested":0,"item_purchase_floors":[],"current_hp_per_floor":[74,67,67,66,71,49,49,38,38,20,14,7,7,4,4,4,80,73,73,73,47,38,26,26,0],"gold":632,"neow_bonus":"REMOVE_TWO","is_prod":false,"is_daily":false,"chose_seed":false,"campfire_upgraded":3,"win_rate":0,"timestamp":1549526625,"path_taken":["M","M","?","M","?","E","R","E","T","E","M","E","?","?","R","BOSS","M","?","?","?","M","E","R","E"],"build_version":"2019-01-23","purchased_purges":0,"victory":false,"max_hp_per_floor":[75,75,75,75,80,80,80,80,80,80,80,80,80,80,80,80,80,80,80,80,80,80,80,80,80],"card_choices":[{"not_picked":["Self Repair","Aggregate"],"picked":"Barrage","floor":1},{"not_picked":["Rebound","Hello World"],"picked":"Ball Lightning","floor":2},{"not_picked":["BootSequence","Loop"],"picked":"Cold Snap","floor":4},{"not_picked":["Steam","Beam Cell"],"picked":"Leap","floor":6},{"not_picked":["Beam Cell","Static Discharge"],"picked":"Capacitor","floor":8},{"not_picked":["Rebound","Recycle"],"picked":"Stack","floor":10},{"not_picked":["Aggregate","All For One"],"picked":"BootSequence","floor":11},{"not_picked":["Undo","Scrape"],"picked":"Cold Snap","floor":12},{"not_picked":["Consume","Heatsinks"],"picked":"Conserve Battery","floor":14},{"not_picked":["Core Surge","Machine Learning"],"picked":"Thunder Strike","floor":16},{"not_picked":["Gash","Sweeping Beam","Beam Cell"],"picked":"SKIP","floor":18},{"not_picked":["Undo+1","Beam Cell+1"],"picked":"Recycle","floor":21},{"not_picked":["Go for the Eyes","Hologram"],"picked":"Double Energy+1","floor":22},{"not_picked":["Turbo","Doom and Gloom"],"picked":"Barrage+1","floor":23}],"player_experience":108093,"relics_obtained":[{"floor":6,"key":"MawBank"},{"floor":8,"key":"Bronze Scales"},{"floor":9,"key":"Potion Belt"},{"floor":10,"key":"Ancient Tea Set"},{"floor":12,"key":"Regal Pillow"},{"floor":23,"key":"Prayer Wheel"}],"event_choices":[{"damage_healed":0,"gold_gain":0,"player_choice":"Leave","damage_taken":0,"max_hp_gain":0,"max_hp_loss":0,"event_name":"The Cleric","floor":3,"gold_loss":0},{"damage_healed":0,"gold_gain":0,"player_choice":"Donut","damage_taken":0,"max_hp_gain":5,"max_hp_loss":0,"event_name":"Big Fish","floor":5,"gold_loss":0},{"damage_healed":0,"gold_gain":0,"cards_transformed":["Strike_B"],"player_choice":"Transformed","damage_taken":0,"max_hp_gain":0,"max_hp_loss":0,"event_name":"Transmorgrifier","floor":13,"gold_loss":0,"cards_obtained":["Capacitor"]},{"damage_healed":0,"gold_gain":0,"cards_transformed":["Ball Lightning","Thunder Strike"],"player_choice":"Became Test Subject","damage_taken":0,"max_hp_gain":0,"max_hp_loss":0,"event_name":"Drug Dealer","floor":19,"gold_loss":0,"cards_obtained":["Defragment","Rebound"]},{"damage_healed":0,"gold_gain":0,"player_choice":"Read","damage_taken":0,"max_hp_gain":0,"max_hp_loss":0,"event_name":"The Library","floor":20,"gold_loss":0,"cards_obtained":["Static Discharge"]}],"is_beta":false,"boss_relics":[{"not_picked":["Snecko Eye","Orrery"],"picked":"Empty Cage"}],"items_purged_floors":[],"is_endless":false,"potions_floor_spawned":[4,6,11,16,21,23],"killed_by":"Gremlin Leader","ascension_level":1}