{"gold_per_floor":[117,117,128,128,203,203,236,255,279,304,317,361,361,101,101,229,229,213,86,86,102,118,151,151,171,171,212,233,233,233,249,249,249],"floor_reached":33,"playtime":2383,"items_purged":["Strike_R","Strike_R"],"score":338,"play_id":"910e7340-4b3e-4e8b-be28-bdb3d6ead022","local_time":"20190124204244","is_ascension_mode":true,"campfire_choices":[{"data":"Warcry","floor":6,"key":"SMITH"},{"data":"Armaments","floor":13,"key":"SMITH"},{"data":"Whirlwind","floor":15,"key":"SMITH"},{"floor":24,"key":"REST"},{"floor":29,"key":"REST"},{"floor":32,"key":"DIG"}],"neow_cost":"NONE","seed_source_timestamp":831898506077961,"circlet_count":0,"master_deck":["Strike_R","Strike_R","Strike_R+1","Defend_R+1","Defend_R","Defend_R","Defend_R","Bash","Warcry+1","Sword Boomerang","Dark Embrace","Armaments+1","Headbutt","Whirlwind+1","Warcry","Sentinel","Fiend Fire","Intimidate+1","Flex","Offering","Shrug It Off","True Grit","Intimidate","Flex"],"relics":["Burning Blood","NeowsBlessing","Golden Idol","Anchor","Happy Flower","Question Card","Sozu","Shovel","Gremlin Horn","Centennial Puzzle","Nunchaku"],"potions_floor_usage":[12,16,23],"damage_taken":[{"damage":0,"enemies":"Jaw Worm","floor":1,"turns":1},{"damage":0,"enemies":"2 Louse","floor":3,"turns":1},{"damage":0,"enemies":"Lagavulin","floor":7,"turns":1},{"damage":0,"enemies":"Small Slimes","floor":8,"turns":4},{"damage":5,"enemies":"Looter","floor":10,"turns":3},{"damage":8,"enemies":"2 Fungi Beasts","floor":11,"turns":4},{"damage":9,"enemies":"3 Sentries","floor":12,"turns":3},{"damage":55,"enemies":"The Guardian","floor":16,"turns":12},{"damage":27,"enemies":"2 Thieves","floor":18,"turns":4},{"damage":6,"enemies":"Chosen","floor":21,"turns":3},{"damage":26,"enemies":"Shelled Parasite and Fungi","floor":22,"turns":4},{"damage":24,"enemies":"Slavers","floor":23,"turns":2},{"damage":24,"enemies":"Snake Plant","floor":25,"turns":5},{"damage":13,"enemies":"Book of Stabbing","floor":27,"turns":5},{"damage":11,"enemies":"Cultist and Chosen","floor":28,"turns":10},{"damage":15,"enemies":"Snecko","floor":31,"turns":4},{"damage":91,"enemies":"Collector","floor":33,"turns":6}],"seed_played":"7062077697483555961","potions_obtained":[{"floor":1,"key":"Block Potion"},{"floor":7,"key":"Energy Potion"},{"floor":10,"key":"Swift Potion"}],"is_trial":false,"path_per_floor":["M","?","M","?","?","R","E","M","T","M","M","E","R","$","R","B",null,"M","$","?","M","M","E","R","M","T","E","M","R","?","M","R","B"],"character_chosen":"IRONCLAD","items_purchased":["Sentinel","Fiend Fire","Flex"],"campfire_rested":2,"item_purchase_floors":[14,14,19],"current_hp_per_floor":[80,64,70,70,59,59,65,71,71,72,70,67,67,67,67,18,74,53,53,53,53,33,15,37,19,19,12,7,29,84,75,75,0],"gold":249,"neow_bonus":"THREE_ENEMY_KILL","is_prod":false,"is_daily":false,"chose_seed":false,"campfire_upgraded":3,"win_rate":0,"timestamp":1548384164,"path_taken":["M","?","M","?","?","R","E","M","T","M","M","E","R","?","R","BOSS","M","$","?","M","M","E","R","?","T","E","M","R","?","?","R","BOSS"],"build_version":"2018-11-15","purchased_purges":2,"victory":false,"max_hp_per_floor":[80,80,80,74,74,74,74,74,74,74,74,74,74,74,74,74,74,74,74,74,74,74,74,74,74,74,74,74,74,84,84,84,84],"card_choices":[{"not_picked":["Rampage","Twin Strike"],"picked":"Warcry","floor":1},{"not_picked":["Thunderclap","Clothesline"],"picked":"Sword Boomerang","floor":3},{"not_picked":["Armaments","Perfected Strike"],"picked":"Dark Embrace","floor":7},{"not_picked":["Heavy Blade","Uppercut"],"picked":"Armaments","floor":8},{"not_picked":["Cleave","Armaments"],"picked":"Headbutt","floor":10},{"not_picked":["Headbutt","Pommel Strike"],"picked":"Whirlwind","floor":11},{"not_picked":["Reckless Charge","Hemokinesis"],"picked":"Warcry","floor":12},{"not_picked":["Barricade","Limit Break","Impervious"],"picked":"Offering","floor":16},{"not_picked":["Perfected Strike","Warcry","Uppercut"],"picked":"Intimidate+1","floor":18},{"not_picked":["Whirlwind","Headbutt","Perfected Strike"],"picked":"Shrug It Off","floor":21},{"not_picked":["Blood for Blood","Armaments","Flame Barrier","Hemokinesis"],"picked":"SKIP","floor":22},{"not_picked":["Flex+1","Wild Strike","Heavy Blade"],"picked":"True Grit","floor":23},{"not_picked":["Headbutt","Combust","Wild Strike"],"picked":"Intimidate","floor":25},{"not_picked":["Pommel Strike+1","Shrug It Off+1","Juggernaut","Sword Boomerang"],"picked":"SKIP","floor":27},{"not_picked":["Heavy Blade","Clash","Thunderclap","Perfected Strike+1"],"picked":"SKIP","floor":28},{"not_picked":["Sword Boomerang+1","Shrug It Off","Headbutt+1"],"picked":"Flex","floor":31}],"player_experience":308963,"relics_obtained":[{"floor":7,"key":"Anchor"},{"floor":9,"key":"Happy Flower"},{"floor":12,"key":"Question Card"},{"floor":23,"key":"Shovel"},{"floor":26,"key":"Gremlin Horn"},{"floor":27,"key":"Centennial Puzzle"},{"floor":32,"key":"Nunchaku"}],"event_choices":[{"damage_healed":0,"gold_gain":0,"player_choice":"Entered Light","damage_taken":16,"max_hp_gain":0,"max_hp_loss":0,"event_name":"Shining Light","floor":2,"gold_loss":0,"cards_upgraded":["Defend_R","Strike_R"]},{"damage_healed":0,"gold_gain":0,"player_choice":"Lose Max HP","damage_taken":0,"relics_obtained":["Golden Idol"],"max_hp_gain":0,"max_hp_loss":6,"event_name":"Golden Idol","floor":4,"gold_loss":0},{"damage_healed":0,"gold_gain":75,"player_choice":"Gather Gold","damage_taken":11,"max_hp_gain":0,"max_hp_loss":0,"event_name":"World of Goop","floor":5,"gold_loss":0},{"damage_healed":0,"gold_gain":0,"player_choice":"Copied","damage_taken":0,"max_hp_gain":0,"max_hp_loss":0,"event_name":"Duplicator","floor":20,"gold_loss":0,"cards_obtained":["Offering"]},{"cards_removed":["Offering"],"damage_healed":45,"gold_gain":0,"player_choice":"Offered Rare","damage_taken":0,"max_hp_gain":10,"max_hp_loss":0,"event_name":"Bonfire Elementals","floor":30,"gold_loss":0}],"is_beta":false,"boss_relics":[{"not_picked":["Pandora\u0027s Box","Astrolabe"],"picked":"Sozu"}],"items_purged_floors":[14,19],"is_endless":false,"potions_floor_spawned":[1,7,10,21,23,25,27],"killed_by":"Collector","ascension_level":1}