{"gold_per_floor":[119,119,119,131,146,146,156,156,156,192,192,69,69,100,100,193,193,214,11,11,34,34,67,166,202,228,244,13,13,34,54,54,150,150,166,166,291,291,6,6],"floor_reached":40,"playtime":2661,"items_purged":["Regret"],"score":776,"play_id":"597cf634-2bf7-4717-8546-77e4d7d2cdf5","local_time":"20190222135446","is_ascension_mode":true,"campfire_choices":[{"data":"Zap","floor":6,"key":"SMITH"},{"data":"Creative AI","floor":11,"key":"SMITH"},{"floor":13,"key":"REST"},{"floor":15,"key":"REST"},{"floor":29,"key":"REST"},{"data":"Hyperbeam","floor":32,"key":"SMITH"}],"neow_cost":"NONE","seed_source_timestamp":582644843255620,"circlet_count":0,"master_deck":["AscendersBane","Strike_B","Strike_B","Strike_B+1","Defend_B","Defend_B","Defend_B","Defend_B","Zap+1","Dualcast","Reinforced Body","Turbo","Conserve Battery","Chill","Creative AI+1","Ball Lightning","Streamline","Electrodynamics","Reinforced Body+1","Necronomicurse","Self Repair","Cold Snap+1","Thunder Strike","Hyperbeam+1","Streamline","Tempest+1","Creative AI","Madness"],"relics":["FrozenCore","Cables","Juzu Bracelet","Golden Idol","Ancient Tea Set","Lantern","Vajra","Eternal Feather","Chemical X","Necronomicon","Thread and Needle","Whetstone","Ginger","Mango"],"potions_floor_usage":[23,25,27,33,33,40],"damage_taken":[{"damage":0,"enemies":"2 Louse","floor":1,"turns":2},{"damage":4,"enemies":"Jaw Worm","floor":4,"turns":4},{"damage":2,"enemies":"Cultist","floor":5,"turns":4},{"damage":6,"enemies":"Blue Slaver","floor":7,"turns":4},{"damage":17,"enemies":"Lagavulin","floor":10,"turns":9},{"damage":13,"enemies":"3 Sentries","floor":14,"turns":6},{"damage":35,"enemies":"The Guardian","floor":16,"turns":10},{"damage":6,"enemies":"3 Byrds","floor":18,"turns":2},{"damage":14,"enemies":"Shell Parasite","floor":21,"turns":7},{"damage":24,"enemies":"Gremlin Leader","floor":23,"turns":8},{"damage":0,"enemies":"Slavers","floor":25,"turns":3},{"damage":1,"enemies":"Cultist and Chosen","floor":27,"turns":5},{"damage":4,"enemies":"Centurion and Healer","floor":30,"turns":8},{"damage":0,"enemies":"3 Cultists","floor":31,"turns":1},{"damage":43,"enemies":"Collector","floor":33,"turns":10},{"damage":0,"enemies":"3 Shapes","floor":35,"turns":3},{"damage":50,"enemies":"Mind Bloom Boss Battle","floor":37,"turns":9},{"damage":65,"enemies":"Giant Head","floor":40,"turns":8}],"seed_played":"-6204594893145439940","potions_obtained":[{"floor":4,"key":"SmokeBomb"},{"floor":5,"key":"Explosive Potion"},{"floor":10,"key":"FocusPotion"},{"floor":23,"key":"LiquidBronze"},{"floor":30,"key":"LiquidBronze"},{"floor":37,"key":"FocusPotion"}],"is_trial":false,"path_per_floor":["M","?","?","M","M","R","M","?","T","E","R","$","R","E","R","B",null,"M","$","?","M","?","E","?","E","T","M","$","R","M","M","R","B",null,"M","?","?","?","$","E"],"character_chosen":"DEFECT","items_purchased":["Ball Lightning","Chemical X","Hyperbeam","LiquidBronze","Mango"],"campfire_rested":3,"item_purchase_floors":[12,19,28,28,39],"current_hp_per_floor":[75,63,63,59,57,57,51,51,51,34,34,34,56,43,65,30,65,59,59,43,29,29,12,12,19,19,18,18,55,51,51,66,30,65,72,72,36,36,50,0],"gold":6,"neow_bonus":"TEN_PERCENT_HP_BONUS","is_prod":false,"is_daily":false,"chose_seed":false,"campfire_upgraded":3,"win_rate":0,"timestamp":1550822086,"path_taken":["M","?","?","M","M","R","M","?","T","E","R","?","R","E","R","BOSS","M","$","?","M","?","E","?","E","T","M","?","R","M","M","R","BOSS","M","?","?","?","$","E"],"build_version":"2019-01-23","purchased_purges":1,"victory":false,"max_hp_per_floor":[82,82,82,82,82,82,82,76,76,76,76,76,76,76,76,76,76,76,76,76,76,76,76,76,76,76,76,76,76,76,76,76,76,76,76,76,76,76,90,90],"card_choices":[{"not_picked":["Gash","Stack"],"picked":"Reinforced Body","floor":1},{"not_picked":["Coolheaded","Gash"],"picked":"Turbo","floor":4},{"not_picked":["Compile Driver","Stack"],"picked":"Conserve Battery","floor":5},{"not_picked":["Turbo","Steam"],"picked":"Chill","floor":7},{"not_picked":["Sweeping Beam","Undo"],"picked":"Creative AI","floor":10},{"not_picked":["Turbo","Redo"],"picked":"Streamline","floor":14},{"not_picked":["Biased Cognition","Multi-Cast"],"picked":"Electrodynamics","floor":16},{"not_picked":["Rebound","Conserve Battery+1"],"picked":"Reinforced Body+1","floor":18},{"not_picked":["Leap","Sweeping Beam"],"picked":"Self Repair","floor":21},{"not_picked":["Lockon","Compile Driver+1"],"picked":"Cold Snap","floor":23},{"not_picked":["Recycle","Compile Driver"],"picked":"Thunder Strike","floor":25},{"not_picked":["Doom and Gloom","Chill","Redo"],"picked":"SKIP","floor":27},{"not_picked":["Fusion+1","Steam"],"picked":"Streamline","floor":30},{"not_picked":["Barrage","Leap"],"picked":"Tempest+1","floor":31},{"not_picked":["Core Surge","Buffer"],"picked":"Creative AI","floor":33},{"not_picked":["Ball Lightning","Beam Cell+1","Rebound"],"picked":"SKIP","floor":35},{"not_picked":["Forethought","Sadistic Nature"],"picked":"Madness","floor":38}],"player_experience":858361,"relics_obtained":[{"floor":9,"key":"Ancient Tea Set"},{"floor":10,"key":"Lantern"},{"floor":14,"key":"Vajra"},{"floor":20,"key":"Necronomicon"},{"floor":23,"key":"Thread and Needle"},{"floor":26,"key":"Whetstone"},{"floor":37,"key":"Ginger"}],"event_choices":[{"damage_healed":0,"gold_gain":0,"player_choice":"Success","damage_taken":12,"relics_obtained":["Cables"],"max_hp_gain":0,"max_hp_loss":0,"event_name":"Scrap Ooze","floor":2,"gold_loss":0},{"damage_healed":0,"gold_gain":0,"player_choice":"Box","damage_taken":0,"relics_obtained":["Juzu Bracelet"],"max_hp_gain":0,"max_hp_loss":0,"event_name":"Big Fish","floor":3,"gold_loss":0,"cards_obtained":["Regret"]},{"damage_healed":0,"gold_gain":0,"player_choice":"Lose Max HP","damage_taken":0,"relics_obtained":["Golden Idol"],"max_hp_gain":0,"max_hp_loss":6,"event_name":"Golden Idol","floor":8,"gold_loss":0},{"damage_healed":0,"gold_gain":0,"player_choice":"Obtained Book","damage_taken":16,"max_hp_gain":0,"max_hp_loss":0,"event_name":"Cursed Tome","floor":20,"gold_loss":0},{"damage_healed":0,"gold_gain":0,"player_choice":"Ignored","damage_taken":0,"max_hp_gain":0,"max_hp_loss":0,"event_name":"Ghosts","floor":22,"gold_loss":0},{"damage_healed":0,"gold_gain":99,"player_choice":"Stole From Cult","damage_taken":0,"max_hp_gain":0,"max_hp_loss":0,"event_name":"Nest","floor":24,"gold_loss":0},{"cards_removed":["Strike_B"],"damage_healed":0,"gold_gain":0,"player_choice":"Purged","damage_taken":0,"max_hp_gain":0,"max_hp_loss":0,"event_name":"Purifier","floor":36,"gold_loss":0},{"damage_healed":0,"gold_gain":0,"player_choice":"Fight","damage_taken":0,"max_hp_gain":0,"max_hp_loss":0,"event_name":"MindBloom","floor":37,"gold_loss":0},{"damage_healed":0,"gold_gain":0,"player_choice":"Memory 1","damage_taken":0,"max_hp_gain":0,"max_hp_loss":0,"event_name":"SensoryStone","floor":38,"gold_loss":0}],"is_beta":false,"boss_relics":[{"not_picked":["Runic Dome","Fusion Hammer"],"picked":"Eternal Feather"},{"not_picked":["White Beast Statue","Astrolabe"],"picked":"FrozenCore"}],"items_purged_floors":[12],"is_endless":false,"potions_floor_spawned":[4,5,10,21,23,30,37],"killed_by":"Giant Head","ascension_level":13}