{"gold_per_floor":[17,31,51,1,15,15,33,67,67,83,93,124,124,152,152,254,254,269,282,11,23,23,51,51,51,102,27,27,27],"floor_reached":29,"playtime":1770,"items_purged":["Strike_B"],"score":303,"play_id":"4392043c-b90f-4874-8c0d-df41958ab679","local_time":"20190206234025","is_ascension_mode":true,"campfire_choices":[{"data":"Darkness","floor":6,"key":"SMITH"},{"floor":15,"key":"REST"},{"data":"Auto Shields","floor":24,"key":"SMITH"}],"neow_cost":"NO_GOLD","seed_source_timestamp":867190317508595,"circlet_count":0,"master_deck":["Defend_B","Defend_B","Zap","Dualcast","FTL","Darkness+1","Redo","Ball Lightning","Auto Shields+1","Consume+1","Tempest","Loop","Melter","Thunder Strike","Pain","Clumsy","Writhe","Ball Lightning+1","Coolheaded+1","Coolheaded","Turbo+1","Consume+1"],"relics":["Cracked Core","Oddly Smooth Stone","Shuriken","Blue Candle","Question Card","Calling Bell","Omamori","Frozen Egg 2","Mango","Lee\u0027s Waffle","Toxic Egg 2","Ancient Tea Set"],"potions_floor_usage":[12,16,23],"damage_taken":[{"damage":0,"enemies":"Small Slimes","floor":1,"turns":2},{"damage":0,"enemies":"2 Louse","floor":2,"turns":2},{"damage":1,"enemies":"Jaw Worm","floor":3,"turns":3},{"damage":2,"enemies":"3 Louse","floor":5,"turns":3},{"damage":14,"enemies":"Blue Slaver","floor":7,"turns":3},{"damage":7,"enemies":"Gremlin Nob","floor":8,"turns":3},{"damage":0,"enemies":"Large Slime","floor":10,"turns":3},{"damage":10,"enemies":"Looter","floor":11,"turns":2},{"damage":21,"enemies":"3 Sentries","floor":12,"turns":5},{"damage":18,"enemies":"Lagavulin","floor":14,"turns":5},{"damage":10,"enemies":"Slime Boss","floor":16,"turns":7},{"damage":37,"enemies":"2 Thieves","floor":18,"turns":4},{"damage":34,"enemies":"3 Byrds","floor":19,"turns":4},{"damage":37,"enemies":"Snake Plant","floor":21,"turns":3},{"damage":46,"enemies":"Book of Stabbing","floor":23,"turns":5},{"damage":15,"enemies":"Colosseum Slavers","floor":29,"turns":1}],"seed_played":"2375110074950169557","potions_obtained":[{"floor":5,"key":"SteroidPotion"},{"floor":8,"key":"PowerPotion"},{"floor":11,"key":"FearPotion"},{"floor":16,"key":"Explosive Potion"}],"is_trial":false,"path_per_floor":["M","M","M","?","M","R","M","E","T","M","M","E","?","E","R","B",null,"M","M","$","M","?","E","R","?","T","?","$","?"],"character_chosen":"DEFECT","items_purchased":["Lee\u0027s Waffle"],"campfire_rested":1,"item_purchase_floors":[20],"current_hp_per_floor":[75,75,74,74,72,72,58,51,51,51,41,20,20,2,24,14,89,52,18,96,59,59,13,13,13,13,13,13,0],"gold":27,"neow_bonus":"REMOVE_TWO","is_prod":false,"is_daily":false,"chose_seed":false,"campfire_upgraded":2,"win_rate":0,"timestamp":1549525225,"path_taken":["M","M","M","?","M","R","M","E","T","M","M","E","?","E","R","BOSS","M","M","$","M","?","E","R","?","T","?","$","?"],"build_version":"2019-01-23","purchased_purges":1,"victory":false,"max_hp_per_floor":[75,75,75,75,75,75,75,75,75,75,75,75,75,75,75,75,89,89,89,96,96,96,96,96,96,96,96,96,96],"card_choices":[{"not_picked":["Beam Cell","Go for the Eyes"],"picked":"FTL","floor":1},{"not_picked":["Coolheaded","Rebound"],"picked":"Darkness","floor":2},{"not_picked":["Cold Snap","Hologram"],"picked":"Redo","floor":3},{"not_picked":["Turbo","Streamline"],"picked":"Ball Lightning","floor":5},{"not_picked":["Turbo","Coolheaded"],"picked":"Auto Shields","floor":7},{"not_picked":["Barrage","Static Discharge"],"picked":"Consume","floor":8},{"not_picked":["Streamline","Turbo"],"picked":"Tempest","floor":10},{"not_picked":["Skim","Steam","Streamline"],"picked":"SKIP","floor":11},{"not_picked":["Amplify","Beam Cell"],"picked":"Loop","floor":12},{"not_picked":["Steam Power","Loop"],"picked":"Melter","floor":14},{"not_picked":["Reboot","Seek","Buffer"],"picked":"Thunder Strike","floor":16},{"not_picked":["Steam+1","Sweeping Beam+1","Force Field"],"picked":"Ball Lightning+1","floor":18},{"not_picked":["Steam+1","Sunder","Ball Lightning"],"picked":"Coolheaded+1","floor":19},{"not_picked":["Meteor Strike","Steam","Beam Cell"],"picked":"Coolheaded","floor":21},{"not_picked":["Stack","Leap","BootSequence"],"picked":"Turbo+1","floor":23}],"player_experience":106323,"relics_obtained":[{"floor":8,"key":"Oddly Smooth Stone"},{"floor":9,"key":"Shuriken"},{"floor":12,"key":"Blue Candle"},{"floor":14,"key":"Question Card"},{"floor":17,"key":"Omamori"},{"floor":17,"key":"Frozen Egg 2"},{"floor":17,"key":"Mango"},{"floor":23,"key":"Toxic Egg 2"},{"floor":26,"key":"Ancient Tea Set"}],"event_choices":[{"cards_removed":["Strike_B"],"damage_healed":0,"gold_gain":0,"player_choice":"Card Removal","damage_taken":0,"max_hp_gain":0,"max_hp_loss":0,"event_name":"The Cleric","floor":4,"gold_loss":50},{"damage_healed":0,"gold_gain":0,"player_choice":"Grow","damage_taken":0,"max_hp_gain":0,"max_hp_loss":0,"event_name":"Living Wall","floor":13,"gold_loss":0,"cards_upgraded":["Consume"]},{"cards_removed":["Strike_B"],"damage_healed":0,"gold_gain":0,"player_choice":"Elegance","damage_taken":0,"max_hp_gain":0,"max_hp_loss":0,"event_name":"Back to Basics","floor":22,"gold_loss":0},{"damage_healed":0,"gold_gain":0,"player_choice":"Read","damage_taken":0,"max_hp_gain":0,"max_hp_loss":0,"event_name":"The Library","floor":25,"gold_loss":0,"cards_obtained":["Consume"]},{"cards_removed":["Strike_B"],"damage_healed":0,"gold_gain":0,"player_choice":"Gave Gold","damage_taken":0,"max_hp_gain":0,"max_hp_loss":0,"event_name":"Beggar","floor":27,"gold_loss":75},{"damage_healed":0,"gold_gain":0,"player_choice":"Fight","damage_taken":0,"max_hp_gain":0,"max_hp_loss":0,"event_name":"Colosseum","floor":29,"gold_loss":0}],"is_beta":false,"boss_relics":[{"not_picked":["Runic Dome","Empty Cage"],"picked":"Calling Bell"}],"items_purged_floors":[20],"is_endless":false,"potions_floor_spawned":[5,8,11,16],"killed_by":"Colosseum Slavers","ascension_level":1}