{"gold_per_floor":[219,219,16,26,45,45,76,91,138,213,213,246,246,272,272,372,372,389,389,389,404,424,451,21,51,102,102,117,117,147,166,166,266,266,283,2,102,121,141,141,470,470,470,498,773,784,814,862,862,862,862,862,33,60,60],"floor_reached":56,"playtime":5067,"items_purged":["Strike_B","Writhe","Strike_B+1","Regret"],"score":1836,"play_id":"b3c18293-4cf3-4874-bda5-4996ed41e084","local_time":"20181223170939","is_ascension_mode":true,"campfire_choices":[{"data":"Defragment","floor":6,"key":"SMITH"},{"data":"Loop","floor":11,"key":"SMITH"},{"data":"Electrodynamics","floor":15,"key":"SMITH"},{"data":"Biased Cognition","floor":27,"key":"SMITH"},{"data":"Consume","floor":32,"key":"SMITH"},{"data":"Fission","floor":40,"key":"SMITH"},{"data":"Seek","floor":42,"key":"SMITH"},{"floor":49,"key":"RECALL"},{"data":"Coolheaded","floor":52,"key":"SMITH"}],"neow_cost":"NONE","seed_source_timestamp":621744595002031,"circlet_count":0,"master_deck":["Strike_B+1","Strike_B+1","Defend_B+1","Defend_B+1","Defend_B+1","Defend_B+1","Zap+1","Dualcast","Ball Lightning+1","Defragment+1","Conserve Battery","Cold Snap","Coolheaded","Loop+1","Go for the Eyes+1","Seek+1","Electrodynamics+1","Biased Cognition+1","Chill+1","Go for the Eyes+1","Conserve Battery","Cold Snap","Doom and Gloom","Consume+1","Hologram","Fission+1","Stack+1","Coolheaded+1","Turbo+1","Hologram+1","Recycle+1","Loop+1","Conserve Battery","Coolheaded+1","Ball Lightning+1","Master of Strategy","Steam","Turbo","Defragment+1","Stack","Loop","Hologram","Chaos"],"relics":["Cracked Core","Kunai","Blood Vial","Centennial Puzzle","Nunchaku","Inserter","Shuriken","Mango","Emotion Chip","Happy Flower","Whetstone","Boot","Letter Opener","Runic Pyramid","Membership Card","Incense Burner","Old Coin","Ice Cream","The Courier","Dream Catcher","Torii","Lantern","DataDisk","Bottled Tornado","DollysMirror","Symbiotic Virus","Cables","Strawberry","Pantograph"],"potions_floor_usage":[18,55,55,55,55,55],"damage_taken":[{"damage":1,"enemies":"Jaw Worm","floor":1,"turns":4},{"damage":0,"enemies":"Cultist","floor":4,"turns":3},{"damage":0,"enemies":"Small Slimes","floor":5,"turns":2},{"damage":2,"enemies":"3 Sentries","floor":7,"turns":7},{"damage":1,"enemies":"Looter","floor":8,"turns":4},{"damage":0,"enemies":"Lagavulin","floor":12,"turns":8},{"damage":13,"enemies":"Gremlin Nob","floor":14,"turns":5},{"damage":0,"enemies":"Slime Boss","floor":16,"turns":6},{"damage":6,"enemies":"2 Thieves","floor":18,"turns":2},{"damage":2,"enemies":"Spheric Guardian","floor":21,"turns":3},{"damage":0,"enemies":"Snake Plant","floor":22,"turns":3},{"damage":14,"enemies":"Slavers","floor":23,"turns":3},{"damage":6,"enemies":"Book of Stabbing","floor":25,"turns":4},{"damage":0,"enemies":"Centurion and Healer","floor":28,"turns":5},{"damage":0,"enemies":"Gremlin Leader","floor":30,"turns":5},{"damage":0,"enemies":"Cultist and Chosen","floor":31,"turns":4},{"damage":0,"enemies":"Champ","floor":33,"turns":11},{"damage":0,"enemies":"3 Darklings","floor":35,"turns":5},{"damage":8,"enemies":"Mind Bloom Boss Battle","floor":37,"turns":6},{"damage":0,"enemies":"3 Shapes","floor":38,"turns":4},{"damage":0,"enemies":"Transient","floor":39,"turns":5},{"damage":0,"enemies":"Giant Head","floor":41,"turns":8},{"damage":0,"enemies":"Nemesis","floor":44,"turns":13},{"damage":0,"enemies":"3 Darklings","floor":46,"turns":3},{"damage":0,"enemies":"Giant Head","floor":47,"turns":8},{"damage":0,"enemies":"2 Orb Walkers","floor":48,"turns":2},{"damage":0,"enemies":"Donu and Deca","floor":50,"turns":8},{"damage":0,"enemies":"Shield and Spear","floor":54,"turns":4},{"damage":0,"enemies":"The Heart","floor":55,"turns":8}],"seed_played":"-6304186215219101006","potions_obtained":[{"floor":1,"key":"Energy Potion"},{"floor":4,"key":"Strength Potion"},{"floor":8,"key":"Ancient Potion"},{"floor":12,"key":"EssenceOfSteel"},{"floor":23,"key":"Energy Potion"},{"floor":25,"key":"FocusPotion"},{"floor":28,"key":"EntropicBrew"}],"is_trial":false,"path_per_floor":["M","?","$","M","M","R","E","M","T","?","R","E","?","E","R","B",null,"M","?","?","M","M","E","$","E","T","R","M","?","E","M","R","B",null,"M","$","?","M","M","R","E","R","T","E","?","M","E","?","R","B",null,"R","$","E","B",null],"character_chosen":"DEFECT","items_purchased":["Defragment","Conserve Battery","Doom and Gloom","Emotion Chip","Membership Card","Coolheaded","Lantern","DataDisk","Master of Strategy","Steam","Turbo","Bottled Tornado","DollysMirror","Symbiotic Virus","Cables","Strawberry","Stack","Loop","Hologram"],"campfire_rested":0,"item_purchase_floors":[3,3,24,24,36,36,53,53,53,53,53,53,53,53,53,53,53,53,53],"current_hp_per_floor":[74,74,74,74,74,74,72,73,73,62,62,64,64,53,53,55,75,69,69,69,69,71,73,73,69,69,69,71,71,73,75,75,77,89,89,89,81,83,85,85,87,87,87,89,89,89,89,89,89,89,89,89,96,96,96],"gold":60,"neow_bonus":"HUNDRED_GOLD","is_prod":false,"is_daily":false,"chose_seed":false,"campfire_upgraded":8,"win_rate":0,"timestamp":1545602979,"path_taken":["M","?","$","?","M","R","E","M","T","?","R","E","?","E","R","BOSS","M","?","?","M","M","E","$","E","T","R","M","?","E","?","R","BOSS","M","$","?","M","M","R","E","R","T","E","?","?","E","?","R","BOSS","R","$","E","BOSS"],"build_version":"2018-12-20","purchased_purges":4,"victory":true,"max_hp_per_floor":[75,75,75,75,75,75,75,75,75,75,75,75,75,75,75,75,75,75,75,75,75,75,89,89,89,89,89,89,89,89,89,89,89,89,89,89,89,89,89,89,89,89,89,89,89,89,89,89,89,89,89,89,96,96,96],"card_choices":[{"not_picked":["Chill","Static Discharge"],"picked":"Ball Lightning","floor":1},{"not_picked":["Streamline","Gash"],"picked":"Cold Snap","floor":4},{"not_picked":["Reprogram","Beam Cell"],"picked":"Coolheaded","floor":5},{"not_picked":["Leap","BootSequence"],"picked":"Loop","floor":7},{"not_picked":["Sweeping Beam","Reinforced Body"],"picked":"Go for the Eyes","floor":8},{"not_picked":["Recycle","Conserve Battery"],"picked":"Seek","floor":12},{"not_picked":["Compile Driver","Gash"],"picked":"Electrodynamics","floor":14},{"not_picked":["Meteor Strike","Creative AI"],"picked":"Biased Cognition","floor":16},{"not_picked":["Turbo","Defragment"],"picked":"Chill+1","floor":18},{"not_picked":["Auto Shields","Skim"],"picked":"Go for the Eyes+1","floor":21},{"not_picked":["Heatsinks+1","Stack"],"picked":"Conserve Battery","floor":22},{"not_picked":["Conserve Battery","Streamline"],"picked":"Cold Snap","floor":23},{"not_picked":["Heatsinks","Compile Driver+1","Reinforced Body"],"picked":"SKIP","floor":25},{"not_picked":["Cold Snap","Go for the Eyes+1","Capacitor+1"],"picked":"SKIP","floor":28},{"not_picked":["Streamline","Go for the Eyes"],"picked":"Consume","floor":30},{"not_picked":["Self Repair","Barrage"],"picked":"Hologram","floor":31},{"not_picked":["Hyperbeam","Meteor Strike"],"picked":"Fission","floor":33},{"not_picked":["Barrage","Gash+1"],"picked":"Stack+1","floor":35},{"not_picked":["Streamline+1","Steam+1"],"picked":"Turbo+1","floor":37},{"not_picked":["Coolheaded","Meteor Strike"],"picked":"Hologram+1","floor":38},{"not_picked":["Streamline","Go for the Eyes"],"picked":"Recycle+1","floor":39},{"not_picked":["Beam Cell+1","Stack+1"],"picked":"Loop+1","floor":41},{"not_picked":["Consume","Aggregate"],"picked":"Conserve Battery","floor":44},{"not_picked":["Go for the Eyes","Sweeping Beam+1"],"picked":"Coolheaded+1","floor":46},{"not_picked":["Auto Shields+1","Sweeping Beam+1","Blizzard+1"],"picked":"SKIP","floor":47},{"not_picked":["Beam Cell","Genetic Algorithm"],"picked":"Ball Lightning+1","floor":48},{"not_picked":["Beam Cell+1","Hello World+1"],"picked":"Chaos","floor":54}],"player_experience":3887798,"relics_obtained":[{"floor":7,"key":"Blood Vial"},{"floor":12,"key":"Centennial Puzzle"},{"floor":14,"key":"Nunchaku"},{"floor":23,"key":"Mango"},{"floor":25,"key":"Happy Flower"},{"floor":26,"key":"Whetstone"},{"floor":29,"key":"Boot"},{"floor":30,"key":"Letter Opener"},{"floor":37,"key":"Incense Burner"},{"floor":41,"key":"Old Coin"},{"floor":43,"key":"Ice Cream"},{"floor":44,"key":"The Courier"},{"floor":47,"key":"Dream Catcher"},{"floor":48,"key":"Torii"},{"floor":54,"key":"Pantograph"}],"event_choices":[{"damage_healed":0,"gold_gain":0,"player_choice":"Gave Potion","damage_taken":0,"relics_obtained":["Kunai"],"max_hp_gain":0,"max_hp_loss":0,"event_name":"WeMeetAgain","floor":2,"gold_loss":0},{"damage_healed":0,"gold_gain":75,"player_choice":"Gather Gold","damage_taken":11,"max_hp_gain":0,"max_hp_loss":0,"event_name":"World of Goop","floor":10,"gold_loss":0},{"damage_healed":0,"gold_gain":0,"player_choice":"Grow","damage_taken":0,"max_hp_gain":0,"max_hp_loss":0,"event_name":"Living Wall","floor":13,"gold_loss":0,"cards_upgraded":["Zap"]},{"damage_healed":0,"gold_gain":0,"player_choice":"Opened","damage_taken":0,"relics_obtained":["Shuriken"],"max_hp_gain":0,"max_hp_loss":0,"event_name":"The Mausoleum","floor":19,"gold_loss":0,"cards_obtained":["Writhe"]},{"damage_healed":0,"gold_gain":0,"player_choice":"Simplicity","damage_taken":0,"max_hp_gain":0,"max_hp_loss":0,"event_name":"Back to Basics","floor":20,"gold_loss":0,"cards_upgraded":["Strike_B","Strike_B","Strike_B","Defend_B","Defend_B","Defend_B","Defend_B"]},{"damage_healed":0,"gold_gain":0,"player_choice":"Relic","damage_taken":0,"max_hp_gain":0,"max_hp_loss":0,"event_name":"Wheel of Change","floor":29,"gold_loss":0},{"damage_healed":0,"gold_gain":0,"player_choice":"Fight","damage_taken":0,"max_hp_gain":0,"max_hp_loss":0,"event_name":"MindBloom","floor":37,"gold_loss":0},{"damage_healed":0,"gold_gain":275,"player_choice":"Desecrate","damage_taken":0,"max_hp_gain":0,"max_hp_loss":0,"event_name":"Golden Shrine","floor":45,"gold_loss":0,"cards_obtained":["Regret"]},{"damage_healed":0,"gold_gain":0,"player_choice":"Fight","damage_taken":0,"max_hp_gain":0,"max_hp_loss":0,"event_name":"Mysterious Sphere","floor":48,"gold_loss":0}],"is_beta":true,"boss_relics":[{"not_picked":["Empty Cage","Snecko Eye"],"picked":"Inserter"},{"not_picked":["Tiny House","Black Star"],"picked":"Runic Pyramid"}],"items_purged_floors":[3,24,36,53],"is_endless":false,"potions_floor_spawned":[1,4,8,12,23,25,28,30,33,37,38,41],"ascension_level":1}