{"gold_per_floor":[112,123,134,284,284,317,317,333,360,372,389,389,419,439,439,516,516],"floor_reached":17,"playtime":585,"items_purged":[],"score":338,"play_id":"ba58c786-9e1c-44ba-821e-50233c986860","local_time":"20190208142735","is_ascension_mode":true,"campfire_choices":[{"data":"Loop","floor":7.0,"key":"SMITH"},{"data":"Zap","floor":15,"key":"SMITH"}],"neow_cost":"NONE","seed_source_timestamp":0,"circlet_count":0,"master_deck":["AscendersBane","Strike_B","Strike_B","Strike_B","Strike_B","Defend_B","Defend_B","Defend_B","Defend_B","Zap+1","Dualcast","Steam","Reinforced Body","Rebound","Loop+1","Cold Snap","Sweeping Beam","Cold Snap","Steam","Buffer"],"special_seed":0,"relics":["Cracked Core","Smiling Mask","Regal Pillow","DataDisk","Fusion Hammer"],"potions_floor_usage":[],"damage_taken":[{"damage":0.0,"enemies":"2 Louse","floor":1.0,"turns":4.0},{"damage":1.0,"enemies":"Cultist","floor":2.0,"turns":3.0},{"damage":7.0,"enemies":"Small Slimes","floor":3.0,"turns":3.0},{"damage":39.0,"enemies":"Gremlin Nob","floor":6.0,"turns":6.0},{"damage":7,"enemies":"3 Louse","floor":8,"turns":4},{"damage":5,"enemies":"2 Fungi Beasts","floor":10,"turns":4},{"damage":0,"enemies":"Large Slime","floor":11,"turns":5},{"damage":8,"enemies":"Lagavulin","floor":13,"turns":7},{"damage":15,"enemies":"Gremlin Gang","floor":14,"turns":4},{"damage":27,"enemies":"The Guardian","floor":16,"turns":14}],"seed_played":"7477322996624216278","potions_obtained":[{"floor":1.0,"key":"SpeedPotion"},{"floor":3.0,"key":"SkillPotion"},{"floor":10,"key":"LiquidBronze"},{"floor":13,"key":"SneckoOil"}],"is_trial":false,"path_per_floor":["M","M","M","?","?","E","R","M","T","M","M","?","E","M","R","B",null],"character_chosen":"DEFECT","items_purchased":[],"campfire_rested":0,"item_purchase_floors":[],"current_hp_per_floor":[71,70,63,63,56,17,17,10,10,5,5,78,70,55,55,28,66],"gold":516,"neow_bonus":"TEN_PERCENT_HP_BONUS","is_prod":false,"is_daily":false,"chose_seed":false,"campfire_upgraded":2,"win_rate":0,"timestamp":1549603655,"path_taken":["M","M","M","?","?","E","R","M","T","M","M","?","E","?","R","BOSS"],"build_version":"2019-01-23","purchased_purges":0,"victory":false,"max_hp_per_floor":[78,78,78,78,78,78,78,78,78,78,78,78,78,78,78,78,78],"card_choices":[{"not_picked":["Loop","Skim"],"picked":"Steam","floor":1.0},{"not_picked":["Leap","Go for the Eyes"],"picked":"Reinforced Body","floor":2.0},{"not_picked":["Coolheaded","Turbo"],"picked":"Rebound","floor":3.0},{"not_picked":["Steam","Redo"],"picked":"Loop","floor":6.0},{"not_picked":["Gash","Barrage"],"picked":"Cold Snap","floor":8},{"not_picked":["Coolheaded","Streamline"],"picked":"Auto Shields","floor":10},{"not_picked":["Undo","Hologram"],"picked":"Sweeping Beam","floor":11},{"not_picked":["Multi-Cast","Darkness"],"picked":"Cold Snap","floor":13},{"not_picked":["Leap","Hologram"],"picked":"Steam","floor":14},{"not_picked":["Amplify","Electrodynamics"],"picked":"Buffer","floor":16}],"player_experience":1104322,"relics_obtained":[{"floor":6.0,"key":"Smiling Mask"},{"floor":9,"key":"Regal Pillow"},{"floor":13,"key":"DataDisk"}],"event_choices":[{"damage_healed":0.0,"max_hp_gain":0.0,"max_hp_loss":0.0,"gold_gain":150.0,"event_name":"Liars Game","player_choice":"AGREE","floor":4.0,"gold_loss":0.0,"damage_taken":0.0,"cards_obtained":["Doubt"]},{"cards_removed":["Doubt"],"damage_healed":0.0,"max_hp_gain":0.0,"max_hp_loss":0.0,"gold_gain":0.0,"event_name":"Golden Wing","player_choice":"Card Removal","floor":5.0,"gold_loss":0.0,"damage_taken":7.0},{"cards_removed":["Auto Shields"],"damage_healed":73,"gold_gain":0,"player_choice":"Offered Uncommon","damage_taken":0,"max_hp_gain":0,"max_hp_loss":0,"event_name":"Bonfire Elementals","floor":12,"gold_loss":0}],"is_beta":false,"boss_relics":[{"not_picked":["Philosopher\u0027s Stone","Runic Pyramid"],"picked":"Fusion Hammer"}],"items_purged_floors":[],"is_endless":false,"potions_floor_spawned":[1,3,10,13],"ascension_level":20}