{"gold_per_floor":[112,55,130,130,130,130,170,182,242,290,317,25,59,72,72,166,166,191,84,107,120,143,143,143],"floor_reached":24,"playtime":651,"items_purged":["Strike_R","Strike_R"],"score":528,"play_id":"3f15b868-33fb-4598-b0cc-7f9ab4b16be3","local_time":"20190215195127","is_ascension_mode":true,"campfire_choices":[{"data":"Armaments","floor":6.0,"key":"SMITH"},{"data":"Bash","floor":8.0,"key":"SMITH"},{"data":"Limit Break","floor":15.0,"key":"SMITH"},{"floor":23,"key":"REST"}],"neow_cost":"NONE","seed_source_timestamp":127584225304229,"circlet_count":0,"master_deck":["AscendersBane","Strike_R","Strike_R","Defend_R","Defend_R","Defend_R","Defend_R","Bash+1","True Grit","Armaments+1","Sword Boomerang","Rampage","Whirlwind","Evolve","Inflame","Limit Break+1","True Grit","Pummel","Spot Weakness","Immolate","Shame","Pommel Strike","Shrug It Off","Sword Boomerang","Dropkick","Shockwave"],"special_seed":0,"relics":["Burning Blood","NeowsBlessing","Golden Idol","MawBank","Bag of Marbles","Omamori","Smiling Mask","Calling Bell","Pen Nib","Pear","Ice Cream"],"potions_floor_usage":[18,18,21,22,24],"damage_taken":[{"damage":0.0,"enemies":"Small Slimes","floor":1.0,"turns":1.0},{"damage":0.0,"enemies":"Lagavulin","floor":7.0,"turns":2.0},{"damage":0.0,"enemies":"3 Sentries","floor":10.0,"turns":1.0},{"damage":0.0,"enemies":"Cultist","floor":11.0,"turns":3.0},{"damage":20.0,"enemies":"Lagavulin","floor":13.0,"turns":7.0},{"damage":9.0,"enemies":"Jaw Worm","floor":14.0,"turns":3.0},{"damage":28.0,"enemies":"Slime Boss","floor":16.0,"turns":6.0},{"damage":17,"enemies":"2 Thieves","floor":18,"turns":3},{"damage":18,"enemies":"Chosen","floor":20,"turns":5},{"damage":38,"enemies":"Centurion and Healer","floor":21,"turns":9},{"damage":12,"enemies":"Snecko","floor":22,"turns":4},{"damage":37,"enemies":"Snake Plant","floor":24,"turns":3}],"seed_played":"-6953554422175630627","potions_obtained":[{"floor":7.0,"key":"FearPotion"},{"floor":10.0,"key":"FearPotion"},{"floor":16.0,"key":"AttackPotion"},{"floor":18,"key":"Dexterity Potion"},{"floor":20,"key":"LiquidBronze"},{"floor":21,"key":"GamblersBrew"}],"is_trial":false,"path_per_floor":["M","$","?","?","?","R","E","R","T","E","M","$","E","M","R","B",null,"M","$","M","M","M","R","M"],"character_chosen":"IRONCLAD","items_purchased":["Armaments","Inflame","Limit Break","True Grit","Shrug It Off"],"campfire_rested":1,"item_purchase_floors":[2,12,12,12,19],"current_hp_per_floor":[74,74,63,37,37,37,43,43,43,49,55,55,41,38,38,16,70,59,59,47,15,9,34,0],"gold":143,"neow_bonus":"THREE_ENEMY_KILL","is_prod":false,"is_daily":false,"chose_seed":false,"campfire_upgraded":3,"win_rate":0,"timestamp":1550278287,"path_taken":["M","$","?","?","?","R","E","R","T","E","?","$","E","M","R","BOSS","M","$","M","M","M","R","M"],"build_version":"2019-01-23","purchased_purges":2,"victory":false,"max_hp_per_floor":[75,75,75,75,75,75,75,75,75,75,75,75,75,75,75,75,85,85,85,85,85,85,85,85],"card_choices":[{"not_picked":["Clash","Pommel Strike"],"picked":"True Grit","floor":1.0},{"not_picked":["Wild Strike","Fire Breathing"],"picked":"Rampage","floor":7.0},{"not_picked":["Anger","Fire Breathing"],"picked":"Whirlwind","floor":10.0},{"not_picked":["Perfected Strike","Cleave"],"picked":"Evolve","floor":11.0},{"not_picked":["Bloodletting","Blood for Blood"],"picked":"Pummel","floor":13.0},{"not_picked":["Twin Strike","Bloodletting"],"picked":"Spot Weakness","floor":14.0},{"not_picked":["Berserk","Exhume"],"picked":"Immolate","floor":16.0},{"not_picked":["Cleave","Perfected Strike"],"picked":"Pommel Strike","floor":18},{"not_picked":["Perfected Strike","Twin Strike"],"picked":"Sword Boomerang","floor":20},{"not_picked":["Twin Strike+1","Clash"],"picked":"Dropkick","floor":21},{"not_picked":["Feel No Pain","Wild Strike"],"picked":"Shockwave","floor":22}],"player_experience":948082,"relics_obtained":[{"floor":7.0,"key":"MawBank"},{"floor":9.0,"key":"Bag of Marbles"},{"floor":10.0,"key":"Omamori"},{"floor":13.0,"key":"Smiling Mask"},{"floor":17.0,"key":"Pen Nib"},{"floor":17.0,"key":"Pear"},{"floor":17.0,"key":"Ice Cream"}],"event_choices":[{"damage_healed":0.0,"max_hp_gain":0.0,"max_hp_loss":0.0,"gold_gain":75.0,"event_name":"World of Goop","player_choice":"Gather Gold","floor":3.0,"gold_loss":0.0,"damage_taken":11.0},{"damage_healed":0.0,"max_hp_gain":0.0,"max_hp_loss":0.0,"gold_gain":0.0,"event_name":"Golden Idol","player_choice":"Take Damage","floor":4.0,"gold_loss":0.0,"damage_taken":26.0,"relics_obtained":["Golden Idol"]},{"damage_healed":0.0,"max_hp_gain":0.0,"max_hp_loss":0.0,"gold_gain":0.0,"cards_transformed":["Strike_R"],"event_name":"Transmorgrifier","player_choice":"Transformed","floor":5.0,"gold_loss":0.0,"damage_taken":0.0,"cards_obtained":["Sword Boomerang"]}],"is_beta":false,"boss_relics":[{"not_picked":["Runic Dome","Lizard Tail"],"picked":"Calling Bell"}],"items_purged_floors":[12,19],"is_endless":false,"potions_floor_spawned":[7,10,13,14,16,18,20,21],"killed_by":"Snake Plant","ascension_level":20}