{"gold_per_floor":[119,139,152,171,181,214,214,233,233,233,251,251,278,291,291,395,395,407,426,93,113,38,73,73,173,198,198],"floor_reached":27,"playtime":1731,"items_purged":["Strike_G"],"score":309,"play_id":"03f664f6-a73b-421a-9b62-acdc05161376","local_time":"20190213165039","is_ascension_mode":true,"campfire_choices":[{"data":"Crippling Poison","floor":7,"key":"SMITH"},{"data":"Deadly Poison","floor":10,"key":"SMITH"},{"data":"Doppelganger","floor":12,"key":"SMITH"},{"data":"Neutralize","floor":15,"key":"SMITH"},{"data":"Envenom","floor":24,"key":"SMITH"}],"neow_cost":"NONE","seed_source_timestamp":81607580255276,"circlet_count":0,"master_deck":["Defend_G+1","Defend_G","Defend_G","Defend_G","Defend_G","Strike_G","Strike_G","Strike_G","Survivor+1","Neutralize+1","Predator","Flying Knee","Leg Sweep","Deadly Poison+1","Crippling Poison+1","Doppelganger+1","Backflip","Sucker Punch","After Image","Prepared+1","Skewer","Footwork+1","Envenom+1"],"relics":["Ring of the Snake","Centennial Puzzle","Pocketwatch","Kunai","War Paint","Runic Pyramid","Ornamental Fan","Peace Pipe","Bag of Preparation"],"potions_floor_usage":[11,23,23,23],"damage_taken":[{"damage":5,"enemies":"Small Slimes","floor":1,"turns":4},{"damage":0,"enemies":"Cultist","floor":2,"turns":3},{"damage":0,"enemies":"2 Louse","floor":3,"turns":2},{"damage":3,"enemies":"Exordium Thugs","floor":4,"turns":6},{"damage":5,"enemies":"Red Slaver","floor":5,"turns":4},{"damage":15,"enemies":"Lagavulin","floor":6,"turns":9},{"damage":11,"enemies":"Large Slime","floor":8,"turns":4},{"damage":3,"enemies":"Gremlin Gang","floor":11,"turns":3},{"damage":6,"enemies":"Gremlin Nob","floor":13,"turns":4},{"damage":3,"enemies":"2 Fungi Beasts","floor":14,"turns":3},{"damage":4,"enemies":"The Guardian","floor":16,"turns":11},{"damage":0,"enemies":"3 Byrds","floor":18,"turns":6},{"damage":0,"enemies":"Shell Parasite","floor":19,"turns":6},{"damage":15,"enemies":"Centurion and Healer","floor":21,"turns":11},{"damage":8,"enemies":"Book of Stabbing","floor":23,"turns":11},{"damage":42,"enemies":"Gremlin Leader","floor":27,"turns":9}],"seed_played":"-310384986244397924","potions_obtained":[{"floor":1,"key":"Regen Potion"},{"floor":2,"key":"GhostInAJar"},{"floor":6,"key":"Dexterity Potion"},{"floor":13,"key":"Strength Potion"},{"floor":18,"key":"Energy Potion"},{"floor":23,"key":"Poison Potion"}],"is_trial":false,"path_per_floor":["M","M","M","M","M","E","R","M","T","R","M","R","E","M","R","B",null,"M","M","$","M","?","E","R","?","T","E"],"character_chosen":"THE_SILENT","items_purchased":["Ornamental Fan"],"campfire_rested":0,"item_purchase_floors":[20],"current_hp_per_floor":[65,65,65,62,57,42,42,31,31,31,40,40,34,31,31,27,59,59,59,59,44,44,36,36,36,36,0],"gold":198,"neow_bonus":"RANDOM_COMMON_RELIC","is_prod":false,"is_daily":false,"chose_seed":false,"campfire_upgraded":5,"win_rate":0,"timestamp":1550105439,"path_taken":["M","M","M","M","M","E","R","M","T","R","M","R","E","M","R","BOSS","M","M","$","M","?","E","R","?","T","E"],"build_version":"2019-01-23","purchased_purges":1,"victory":false,"max_hp_per_floor":[70,70,70,70,70,70,70,70,70,70,70,70,70,70,70,70,70,70,70,70,70,70,70,70,70,70,70],"card_choices":[{"not_picked":["Underhanded Strike","Infinite Blades"],"picked":"Predator","floor":1},{"not_picked":["Bouncing Flask","Cloak And Dagger"],"picked":"Flying Knee","floor":2},{"not_picked":["Blur","Deflect"],"picked":"Leg Sweep","floor":3},{"not_picked":["Reflex","Accuracy","Infinite Blades"],"picked":"SKIP","floor":4},{"not_picked":["Underhanded Strike","Dagger Throw"],"picked":"Deadly Poison","floor":5},{"not_picked":["Prepared","Calculated Gamble"],"picked":"Crippling Poison","floor":6},{"not_picked":["Blade Dance","Finisher","Acrobatics"],"picked":"SKIP","floor":8},{"not_picked":["Reflex","Infinite Blades"],"picked":"Doppelganger","floor":11},{"not_picked":["Setup","Crippling Poison"],"picked":"Backflip","floor":13},{"not_picked":["Prepared","Leg Sweep"],"picked":"Sucker Punch","floor":14},{"not_picked":["Venomology","A Thousand Cuts"],"picked":"After Image","floor":16},{"not_picked":["Cloak And Dagger","Quick Slash+1"],"picked":"Prepared+1","floor":18},{"not_picked":["Reflex","Accuracy"],"picked":"Skewer","floor":19},{"not_picked":["Blade Dance","Dodge and Roll+1"],"picked":"Footwork+1","floor":21},{"not_picked":["Blade Dance","Masterful Stab"],"picked":"Envenom","floor":23}],"player_experience":143040,"relics_obtained":[{"floor":6,"key":"Pocketwatch"},{"floor":9,"key":"Kunai"},{"floor":13,"key":"War Paint"},{"floor":23,"key":"Peace Pipe"},{"floor":26,"key":"Bag of Preparation"}],"event_choices":[{"cards_removed":["Strike_G"],"damage_healed":0,"gold_gain":0,"player_choice":"Gave Gold","damage_taken":0,"max_hp_gain":0,"max_hp_loss":0,"event_name":"Beggar","floor":22,"gold_loss":75},{"damage_healed":0,"gold_gain":100,"player_choice":"Pray","damage_taken":0,"max_hp_gain":0,"max_hp_loss":0,"event_name":"Golden Shrine","floor":25,"gold_loss":0}],"is_beta":false,"boss_relics":[{"not_picked":["Busted Crown","Coffee Dripper"],"picked":"Runic Pyramid"}],"items_purged_floors":[20],"is_endless":false,"potions_floor_spawned":[1,2,6,8,13,18,19,23],"killed_by":"Gremlin Leader","ascension_level":5}