{"gold_per_floor":[114,389,404,205,224,254,254,282,332,43,55,55,73,107,107,210,210,225,241,51,68,87,87,118,118,142,177,195,195,95,112,112,215,215,228,240,240,340,355,355,355],"floor_reached":41,"playtime":3525,"items_purged":["Regret","Strike_B"],"score":571,"play_id":"517d81cf-97b1-45db-a8e1-e685a83c62ab","local_time":"20190221002555","is_ascension_mode":true,"campfire_choices":[{"floor":7,"key":"REST"},{"floor":12,"key":"REST"},{"floor":15,"key":"REST"},{"floor":23,"key":"REST"},{"floor":25,"key":"REST"},{"floor":32,"key":"REST"},{"floor":40,"key":"REST"}],"neow_cost":"NONE","seed_source_timestamp":498154205654073,"circlet_count":0,"master_deck":["Strike_B","Strike_B","Strike_B","Defend_B","Defend_B","Defend_B","Defend_B","Zap","Dualcast","Static Discharge","Ball Lightning","Genetic Algorithm","Machine Learning","Conserve Battery","Auto Shields","Sweeping Beam+1","Defragment+1","Reinforced Body","Coolheaded","Conserve Battery","Buffer","Glacier+1","Cold Snap+1","Coolheaded+1"],"relics":["Cracked Core","Art of War","Letter Opener","Pen Nib","Happy Flower","Singing Bowl","Bottled Lightning","Lizard Tail","Runic Capacitor","Cables","Dream Catcher","Juzu Bracelet","Potion Belt","Philosopher\u0027s Stone","Calipers"],"potions_floor_usage":[6,13,14,14,19,22,24,27,38,41],"damage_taken":[{"damage":8,"enemies":"2 Louse","floor":1,"turns":2},{"damage":3,"enemies":"Cultist","floor":3,"turns":3},{"damage":7,"enemies":"Jaw Worm","floor":5,"turns":2},{"damage":24,"enemies":"Gremlin Nob","floor":6,"turns":4},{"damage":25,"enemies":"Lagavulin","floor":8,"turns":5},{"damage":4,"enemies":"Blue Slaver","floor":11,"turns":3},{"damage":14,"enemies":"Exordium Wildlife","floor":13,"turns":5},{"damage":6,"enemies":"3 Sentries","floor":14,"turns":5},{"damage":16,"enemies":"The Guardian","floor":16,"turns":9},{"damage":17,"enemies":"Shell Parasite","floor":18,"turns":6},{"damage":5,"enemies":"3 Byrds","floor":19,"turns":5},{"damage":30,"enemies":"Snake Plant","floor":21,"turns":4},{"damage":12,"enemies":"3 Cultists","floor":22,"turns":5},{"damage":24,"enemies":"Gremlin Leader","floor":24,"turns":9},{"damage":23,"enemies":"Book of Stabbing","floor":27,"turns":5},{"damage":12,"enemies":"Chosen and Byrds","floor":28,"turns":4},{"damage":23,"enemies":"Cultist and Chosen","floor":31,"turns":6},{"damage":53,"enemies":"Automaton","floor":33,"turns":11},{"damage":23,"enemies":"3 Shapes","floor":35,"turns":4},{"damage":6,"enemies":"Orb Walker","floor":36,"turns":5},{"damage":1,"enemies":"Mind Bloom Boss Battle","floor":38,"turns":7},{"damage":33,"enemies":"Writhing Mass","floor":39,"turns":7},{"damage":83,"enemies":"Giant Head","floor":41,"turns":13}],"seed_played":"-9100994489475016154","potions_obtained":[{"floor":1,"key":"GamblersBrew"},{"floor":5,"key":"Weak Potion"},{"floor":6,"key":"Explosive Potion"},{"floor":13,"key":"LiquidBronze"},{"floor":16,"key":"Block Potion"},{"floor":19,"key":"AttackPotion"},{"floor":22,"key":"AttackPotion"},{"floor":24,"key":"Regen Potion"},{"floor":33,"key":"FearPotion"},{"floor":35,"key":"LiquidBronze"},{"floor":36,"key":"SteroidPotion"}],"is_trial":false,"path_per_floor":["M","?","M","$","M","E","R","E","T","$","M","R","M","E","R","B",null,"M","M","$","M","M","R","E","R","T","E","M","?","$","M","R","B",null,"M","M","?","?","M","R","E"],"character_chosen":"DEFECT","items_purchased":["Static Discharge","Ball Lightning","Singing Bowl","Conserve Battery","Runic Capacitor"],"campfire_rested":7,"item_purchase_floors":[4,4,10,10,20],"current_hp_per_floor":[67,67,64,64,57,33,55,30,30,30,28,51,39,33,56,42,81,66,61,61,31,19,43,21,46,46,39,29,29,29,6,32,32,89,66,60,60,59,28,57,0],"gold":355,"neow_bonus":"RANDOM_COMMON_RELIC","is_prod":false,"is_daily":false,"chose_seed":false,"campfire_upgraded":0,"win_rate":0,"timestamp":1550705155,"path_taken":["M","?","?","$","M","E","R","E","T","$","M","R","?","E","R","BOSS","M","M","$","M","M","R","E","R","T","E","M","?","$","M","R","BOSS","M","M","?","?","M","R","E"],"build_version":"2019-01-23","purchased_purges":2,"victory":false,"max_hp_per_floor":[75,75,75,75,75,75,75,75,75,75,77,77,79,79,79,81,81,83,83,83,83,83,83,85,85,85,87,89,89,89,89,89,89,89,89,89,89,89,91,93,93],"card_choices":[{"not_picked":["Hologram","Force Field","Coolheaded"],"picked":"SKIP","floor":1},{"not_picked":["Barrage","Go for the Eyes","Leap"],"picked":"SKIP","floor":3},{"not_picked":["Hologram","Reprogram","White Noise"],"picked":"SKIP","floor":5},{"not_picked":["Rip and Tear","Sweeping Beam"],"picked":"Genetic Algorithm","floor":6},{"not_picked":["Static Discharge","Gash"],"picked":"Machine Learning","floor":8},{"not_picked":["Darkness","Rip and Tear","Tempest"],"picked":"Singing Bowl","floor":11},{"not_picked":["Hologram","Stack","Lockon"],"picked":"Singing Bowl","floor":13},{"not_picked":["Go for the Eyes","Barrage"],"picked":"Auto Shields","floor":14},{"not_picked":["Seek","Echo Form","Meteor Strike"],"picked":"Singing Bowl","floor":16},{"not_picked":["Turbo","Storm","Blizzard"],"picked":"Singing Bowl","floor":18},{"not_picked":["Streamline","Cold Snap"],"picked":"Sweeping Beam+1","floor":19},{"not_picked":["Steam Power","Hello World"],"picked":"Defragment+1","floor":21},{"not_picked":["Rebound+1","Storm"],"picked":"Reinforced Body","floor":22},{"not_picked":["Stack+1","Scrape+1","Redo+1"],"picked":"Singing Bowl","floor":24},{"not_picked":["Turbo+1","Gash","Force Field"],"picked":"Singing Bowl","floor":27},{"not_picked":["Genetic Algorithm","Barrage+1","Storm+1"],"picked":"Singing Bowl","floor":28},{"not_picked":["Compile Driver","Barrage"],"picked":"Coolheaded","floor":31},{"not_picked":["Ball Lightning+1","Cold Snap"],"picked":"Conserve Battery","floor":32},{"not_picked":["Thunder Strike","Meteor Strike"],"picked":"Buffer","floor":33},{"not_picked":["Scrape+1","Storm"],"picked":"Glacier+1","floor":35},{"not_picked":["Reprogram","Streamline+1"],"picked":"Cold Snap+1","floor":36},{"not_picked":["Stack+1","FTL+1"],"picked":"Coolheaded+1","floor":38},{"not_picked":["Hologram","Ball Lightning+1","Conserve Battery"],"picked":"Singing Bowl","floor":39},{"not_picked":["Fusion","Leap","Redo+1"],"picked":"Singing Bowl","floor":40}],"player_experience":262220,"relics_obtained":[{"floor":6,"key":"Letter Opener"},{"floor":8,"key":"Pen Nib"},{"floor":9,"key":"Happy Flower"},{"floor":14,"key":"Bottled Lightning"},{"floor":24,"key":"Cables"},{"floor":26,"key":"Dream Catcher"},{"floor":27,"key":"Juzu Bracelet"},{"floor":38,"key":"Calipers"}],"event_choices":[{"damage_healed":0,"gold_gain":275,"player_choice":"Desecrate","damage_taken":0,"max_hp_gain":0,"max_hp_loss":0,"event_name":"Golden Shrine","floor":2,"gold_loss":0,"cards_obtained":["Regret"]},{"damage_healed":0,"gold_gain":0,"player_choice":"Opened","damage_taken":0,"relics_obtained":["Potion Belt"],"max_hp_gain":0,"max_hp_loss":0,"event_name":"The Mausoleum","floor":29,"gold_loss":0},{"damage_healed":0,"gold_gain":0,"player_choice":"Ignored","damage_taken":0,"max_hp_gain":0,"max_hp_loss":0,"event_name":"Mysterious Sphere","floor":37,"gold_loss":0},{"damage_healed":0,"gold_gain":0,"player_choice":"Fight","damage_taken":0,"max_hp_gain":0,"max_hp_loss":0,"event_name":"MindBloom","floor":38,"gold_loss":0}],"is_beta":false,"boss_relics":[{"not_picked":["Snecko Eye","Eternal Feather"],"picked":"Lizard Tail"},{"not_picked":["Runic Pyramid","Black Star"],"picked":"Philosopher\u0027s Stone"}],"items_purged_floors":[4,30],"is_endless":false,"potions_floor_spawned":[1,5,6,13,16,19,22,24,33,35,36],"killed_by":"Giant Head","ascension_level":3}