{"gold_per_floor":[110,60,60,60,74,74,91,106,133,143,161,172,200,123,123,218,218,238,248,265,265,265,291,301,319,319,319,331,256,256,356,356,456,456,474,486,374,393,407,441,441,158,158,174,174,186,186,196,196,196],"floor_reached":51,"playtime":6338,"items_purged":[],"score":755,"play_id":"14935e1d-6f8c-4bfa-bd69-817d459b10cb","local_time":"20190216193217","is_ascension_mode":false,"campfire_choices":[{"data":"Dodge and Roll","floor":6,"key":"SMITH"},{"data":"Footwork","floor":15,"key":"SMITH"},{"floor":27,"key":"REST"},{"data":"A Thousand Cuts","floor":30,"key":"SMITH"},{"data":"Dodge and Roll","floor":32,"key":"SMITH"},{"data":"Footwork","floor":41,"key":"SMITH"},{"data":"Corpse Explosion","floor":45,"key":"SMITH"},{"data":"Bandage Up","floor":47,"key":"SMITH"},{"data":"Deflect","floor":49,"key":"SMITH"}],"neow_cost":"NONE","seed_source_timestamp":490757564035013,"circlet_count":0,"master_deck":["Defend_G+1","Defend_G+1","Defend_G+1","Defend_G+1","Strike_G+1","Strike_G+1","Strike_G+1","Strike_G+1","Survivor","Neutralize+1","Dodge and Roll+1","Deadly Poison","Underhanded Strike","Dagger Spray","Footwork+1","Deflect+1","Deflect","Corpse Explosion+1","Footwork+1","A Thousand Cuts+1","Backflip+1","Dodge and Roll+1","PiercingWail","Backstab","Prepared","Calculated Gamble","Corpse Explosion","Acrobatics+1","PiercingWail+1","Noxious Fumes","Quick Slash+1","Deadly Poison+1","Bandage Up+1","Underhanded Strike+1"],"relics":["Ring of the Snake","Anchor","Bag of Marbles","Question Card","Busted Crown","Potion Belt","Paper Crane","Coffee Dripper","Vajra","TwistedFunnel","Frozen Egg 2"],"potions_floor_usage":[13,13,16,20,24,33,38,38,50,50],"damage_taken":[{"damage":0,"enemies":"Jaw Worm","floor":1,"turns":7},{"damage":0,"enemies":"Small Slimes","floor":5,"turns":4},{"damage":0,"enemies":"Cultist","floor":7,"turns":5},{"damage":5,"enemies":"Large Slime","floor":8,"turns":8},{"damage":0,"enemies":"2 Fungi Beasts","floor":10,"turns":2},{"damage":0,"enemies":"Lots of Slimes","floor":11,"turns":4},{"damage":0,"enemies":"Exordium Thugs","floor":12,"turns":4},{"damage":9,"enemies":"3 Sentries","floor":13,"turns":9},{"damage":30,"enemies":"Hexaghost","floor":16,"turns":14},{"damage":1,"enemies":"Shell Parasite","floor":18,"turns":7},{"damage":0,"enemies":"Spheric Guardian","floor":19,"turns":7},{"damage":1,"enemies":"Snecko","floor":20,"turns":8},{"damage":18,"enemies":"Gremlin Leader","floor":23,"turns":7},{"damage":0,"enemies":"Sentry and Sphere","floor":24,"turns":9},{"damage":5,"enemies":"Snake Plant","floor":25,"turns":4},{"damage":2,"enemies":"Shelled Parasite and Fungi","floor":28,"turns":8},{"damage":0,"enemies":"Automaton","floor":33,"turns":11},{"damage":0,"enemies":"3 Darklings","floor":35,"turns":4},{"damage":15,"enemies":"3 Shapes","floor":36,"turns":2},{"damage":20,"enemies":"Maw","floor":38,"turns":9},{"damage":0,"enemies":"Sphere and 2 Shapes","floor":39,"turns":5},{"damage":0,"enemies":"Nemesis","floor":40,"turns":7},{"damage":0,"enemies":"3 Darklings","floor":44,"turns":2},{"damage":0,"enemies":"Jaw Worm Horde","floor":46,"turns":2},{"damage":8,"enemies":"Maw","floor":48,"turns":7},{"damage":28,"enemies":"Donu and Deca","floor":50,"turns":6}],"seed_played":"4262877742677063816","potions_obtained":[{"floor":5,"key":"Regen Potion"},{"floor":8,"key":"Weak Potion"},{"floor":11,"key":"Swift Potion"},{"floor":18,"key":"Block Potion"},{"floor":23,"key":"Regen Potion"},{"floor":24,"key":"SteroidPotion"},{"floor":28,"key":"Weak Potion"},{"floor":35,"key":"Ancient Potion"},{"floor":36,"key":"AttackPotion"},{"floor":38,"key":"FairyPotion"},{"floor":46,"key":"Energy Potion"}],"is_trial":false,"path_per_floor":["M","?","?","T","M","R","M","M","T","M","M","M","E","$","R","B",null,"M","M","M","?","?","E","M","M","T","R","M","?","R","?","R","B",null,"M","M","$","M","M","E","R","$","T","M","R","M","R","M","R","B",null],"character_chosen":"THE_SILENT","items_purchased":["Footwork","Regen Potion","Noxious Fumes","TwistedFunnel","Bandage Up"],"campfire_rested":1,"item_purchase_floors":[14,37,37,42,42],"current_hp_per_floor":[70,70,63,63,63,63,63,58,58,58,58,58,62,62,62,32,70,69,69,68,68,52,34,48,43,43,64,62,62,62,62,62,62,70,70,55,55,50,50,50,50,50,50,50,50,50,50,48,48,26],"gold":196,"neow_bonus":"UPGRADE_CARD","is_prod":false,"is_daily":false,"chose_seed":false,"campfire_upgraded":8,"win_rate":0.0,"timestamp":1550363537,"path_taken":["M","?","?","?","M","R","M","M","T","M","M","M","E","$","R","BOSS","M","M","M","?","?","E","M","M","T","R","M","?","R","?","R","BOSS","M","M","$","M","?","E","R","$","T","M","R","M","R","M","R","BOSS"],"build_version":"2019-01-23","purchased_purges":0,"victory":true,"max_hp_per_floor":[70,70,70,70,70,70,70,70,70,70,70,70,70,70,70,70,70,70,70,70,70,70,70,70,70,70,70,70,70,70,70,70,70,70,70,70,70,70,70,70,70,70,70,70,70,70,70,70,70,70],"card_choices":[{"not_picked":["Outmaneuver","Dagger Throw"],"picked":"Dodge and Roll","floor":1},{"not_picked":["Choke","Blade Dance"],"picked":"Deadly Poison","floor":5},{"not_picked":["Quick Slash","Slice"],"picked":"Underhanded Strike","floor":7},{"not_picked":["Choke","Poisoned Stab"],"picked":"Dagger Spray","floor":8},{"not_picked":["Blade Dance","Tactician"],"picked":"Footwork","floor":10},{"not_picked":["Sucker Punch","PiercingWail"],"picked":"Deflect","floor":11},{"not_picked":["Bane","Corpse Explosion"],"picked":"Deflect","floor":12},{"not_picked":["Adrenaline","Deadly Poison"],"picked":"Corpse Explosion","floor":13},{"not_picked":["Doppelganger","Tools of the Trade","Die Die Die"],"picked":"A Thousand Cuts","floor":16},{"not_picked":["Eviscerate"],"picked":"Backflip+1","floor":18},{"not_picked":["Dagger Throw"],"picked":"Dodge and Roll","floor":19},{"not_picked":["Choke"],"picked":"PiercingWail","floor":20},{"not_picked":["Choke"],"picked":"Backstab","floor":23},{"not_picked":["Acrobatics+1"],"picked":"Outmaneuver","floor":24},{"not_picked":["Bouncing Flask"],"picked":"Prepared","floor":25},{"not_picked":["Outmaneuver+1"],"picked":"Calculated Gamble","floor":28},{"not_picked":["Adrenaline"],"picked":"Corpse Explosion","floor":33},{"not_picked":["Blade Dance+1"],"picked":"Acrobatics+1","floor":35},{"not_picked":["Reflex+1"],"picked":"PiercingWail+1","floor":36},{"not_picked":["Predator+1"],"picked":"Quick Slash+1","floor":38},{"not_picked":["Slice+1","Endless Agony+1"],"picked":"SKIP","floor":39},{"not_picked":["Infinite Blades+1"],"picked":"Deadly Poison+1","floor":40},{"not_picked":["Outmaneuver","All Out Attack"],"picked":"SKIP","floor":44},{"not_picked":["Heel Hook","Calculated Gamble+1"],"picked":"SKIP","floor":46},{"not_picked":["Sucker Punch"],"picked":"Underhanded Strike+1","floor":48}],"player_experience":40923,"relics_obtained":[{"floor":4,"key":"Anchor"},{"floor":9,"key":"Bag of Marbles"},{"floor":13,"key":"Question Card"},{"floor":23,"key":"Potion Belt"},{"floor":26,"key":"Paper Crane"},{"floor":40,"key":"Vajra"},{"floor":43,"key":"Frozen Egg 2"}],"event_choices":[{"cards_removed":["Strike_G"],"damage_healed":0,"gold_gain":0,"player_choice":"Card Removal","damage_taken":0,"max_hp_gain":0,"max_hp_loss":0,"event_name":"The Cleric","floor":2,"gold_loss":50},{"cards_removed":["Defend_G"],"damage_healed":0,"gold_gain":0,"player_choice":"Card Removal","damage_taken":7,"max_hp_gain":0,"max_hp_loss":0,"event_name":"Golden Wing","floor":3,"gold_loss":0},{"damage_healed":0,"gold_gain":0,"player_choice":"Simplicity","damage_taken":0,"max_hp_gain":0,"max_hp_loss":0,"event_name":"Back to Basics","floor":21,"gold_loss":0,"cards_upgraded":["Defend_G","Defend_G","Defend_G","Defend_G","Strike_G","Strike_G","Strike_G","Strike_G"]},{"damage_healed":0,"gold_gain":0,"player_choice":"Obtained Book","damage_taken":16,"max_hp_gain":0,"max_hp_loss":0,"event_name":"Cursed Tome","floor":22,"gold_loss":0},{"cards_removed":["Outmaneuver"],"damage_healed":0,"gold_gain":0,"player_choice":"Gave Gold","damage_taken":0,"max_hp_gain":0,"max_hp_loss":0,"event_name":"Beggar","floor":29,"gold_loss":75},{"damage_healed":0,"gold_gain":100,"player_choice":"Pray","damage_taken":0,"max_hp_gain":0,"max_hp_loss":0,"event_name":"Golden Shrine","floor":31,"gold_loss":0}],"is_beta":false,"boss_relics":[{"not_picked":["Runic Pyramid","Black Star"],"picked":"Busted Crown"},{"not_picked":["HoveringKite","Empty Cage"],"picked":"Coffee Dripper"}],"items_purged_floors":[],"is_endless":false,"potions_floor_spawned":[5,8,11,12,18,23,24,28,35,36,38,46],"ascension_level":0}