{"gold_per_floor":[115,133,133,153,172,204,204,235,262,294,313,278,23,38,38,135,135,146,146,160,50,60,60,95,95,95,95],"floor_reached":27,"playtime":1794,"items_purged":["Strike_G"],"score":377,"play_id":"31ec69cd-7ae1-4706-9260-fa056c424c6c","local_time":"20190208205717","is_ascension_mode":true,"campfire_choices":[{"data":"Neutralize","floor":7.0,"key":"SMITH"},{"data":"Cloak And Dagger","floor":15.0,"key":"SMITH"},{"data":"J.A.X.","floor":23,"key":"SMITH"},{"floor":25,"key":"REST"}],"neow_cost":"NONE","seed_source_timestamp":0,"circlet_count":0,"master_deck":["Defend_G","Defend_G","Defend_G","Defend_G","Strike_G","Strike_G","Strike_G","Strike_G","Survivor","Neutralize+1","Infinite Blades","Cloak And Dagger+1","Sucker Punch","Choke","A Thousand Cuts","Distraction","Dagger Spray","Deflect","Finisher","Phantasmal Killer","Prepared+1","J.A.X.+1","Flying Knee","Accuracy","Underhanded Strike","Dagger Throw+1"],"special_seed":0,"relics":["Ring of the Snake","Happy Flower","Oddly Smooth Stone","Omamori","Vajra","Ornamental Fan","Black Star","Incense Burner","Blue Candle","Darkstone Periapt"],"potions_floor_usage":[24,27],"damage_taken":[{"damage":3.0,"enemies":"Jaw Worm","floor":1.0,"turns":6.0},{"damage":0.0,"enemies":"Small Slimes","floor":2.0,"turns":3.0},{"damage":1.0,"enemies":"Cultist","floor":4.0,"turns":4.0},{"damage":1.0,"enemies":"Blue Slaver","floor":5.0,"turns":4.0},{"damage":19.0,"enemies":"Lagavulin","floor":6.0,"turns":7.0},{"damage":11.0,"enemies":"Gremlin Nob","floor":8.0,"turns":4.0},{"damage":21.0,"enemies":"3 Sentries","floor":10.0,"turns":6.0},{"damage":0.0,"enemies":"Looter","floor":11.0,"turns":4.0},{"damage":5.0,"enemies":"3 Louse","floor":14.0,"turns":2.0},{"damage":0.0,"enemies":"Slime Boss","floor":16.0,"turns":7.0},{"damage":12,"enemies":"Chosen","floor":18,"turns":5},{"damage":11,"enemies":"Shell Parasite","floor":20,"turns":3},{"damage":29,"enemies":"Centurion and Healer","floor":22,"turns":4},{"damage":3,"enemies":"Gremlin Leader","floor":24,"turns":7},{"damage":51,"enemies":"Slavers","floor":27,"turns":5}],"seed_played":"-2474778496925755894","potions_obtained":[{"floor":1.0,"key":"SpeedPotion"},{"floor":5.0,"key":"Poison Potion"},{"floor":11.0,"key":"PowerPotion"},{"floor":14.0,"key":"Explosive Potion"},{"floor":22,"key":"PowerPotion"}],"is_trial":false,"path_per_floor":["M","M","?","M","M","E","R","E","T","E","M","?","$","M","R","B",null,"M","?","M","$","M","R","E","R","T","E"],"character_chosen":"THE_SILENT","items_purchased":["Ornamental Fan","Accuracy"],"campfire_rested":1,"item_purchase_floors":[13,21],"current_hp_per_floor":[74,74,67,66,65,46,46,35,35,14,14,33,33,28,28,28,77,65,65,54,54,25,25,22,45,45,0],"gold":95,"neow_bonus":"TEN_PERCENT_HP_BONUS","is_prod":false,"is_daily":false,"chose_seed":false,"campfire_upgraded":3,"win_rate":0,"timestamp":1549688237,"path_taken":["M","M","?","M","M","E","R","E","T","E","M","?","?","M","R","BOSS","M","?","M","$","M","R","E","R","T","E"],"build_version":"2019-01-23","purchased_purges":1,"victory":false,"max_hp_per_floor":[77,77,77,77,77,77,77,77,77,77,77,77,77,77,77,77,77,77,77,77,77,77,77,77,77,77,77],"card_choices":[{"not_picked":["Slice","Prepared"],"picked":"Infinite Blades","floor":1.0},{"not_picked":["Deflect","Dash"],"picked":"Cloak And Dagger","floor":2.0},{"not_picked":["Tactician","Slice"],"picked":"Sucker Punch","floor":4.0},{"not_picked":["Catalyst","Outmaneuver"],"picked":"Choke","floor":5.0},{"not_picked":["PiercingWail","Bane"],"picked":"A Thousand Cuts","floor":6.0},{"not_picked":["Bane","Catalyst"],"picked":"Distraction","floor":8.0},{"not_picked":["Terror","Deadly Poison"],"picked":"Dagger Spray","floor":10.0},{"not_picked":["Flying Knee","Underhanded Strike"],"picked":"Deflect","floor":11.0},{"not_picked":["Sucker Punch","Escape Plan"],"picked":"Finisher","floor":14.0},{"not_picked":["Die Die Die","Venomology"],"picked":"Phantasmal Killer","floor":16.0},{"not_picked":["Reflex","Expertise+1"],"picked":"Prepared+1","floor":18},{"not_picked":["Underhanded Strike","Deadly Poison"],"picked":"Flying Knee","floor":20},{"not_picked":["All Out Attack+1","Flying Knee"],"picked":"Underhanded Strike","floor":22},{"not_picked":["Poisoned Stab","Backflip"],"picked":"Dagger Throw+1","floor":24}],"player_experience":135177,"relics_obtained":[{"floor":6.0,"key":"Happy Flower"},{"floor":8.0,"key":"Oddly Smooth Stone"},{"floor":9.0,"key":"Omamori"},{"floor":10.0,"key":"Vajra"},{"floor":24,"key":"Incense Burner"},{"floor":24,"key":"Blue Candle"},{"floor":26,"key":"Darkstone Periapt"}],"event_choices":[{"cards_removed":["Defend_G"],"damage_healed":0.0,"max_hp_gain":0.0,"max_hp_loss":0.0,"gold_gain":0.0,"event_name":"Golden Wing","player_choice":"Card Removal","floor":3.0,"gold_loss":0.0,"damage_taken":7.0},{"damage_healed":19.0,"max_hp_gain":0.0,"max_hp_loss":0.0,"gold_gain":0.0,"event_name":"The Cleric","player_choice":"Healed","floor":12.0,"gold_loss":35.0,"damage_taken":0.0},{"damage_healed":0,"gold_gain":0,"player_choice":"Obtain J.A.X.","damage_taken":0,"max_hp_gain":0,"max_hp_loss":0,"event_name":"Drug Dealer","floor":19,"gold_loss":0,"cards_obtained":["J.A.X."]}],"is_beta":false,"boss_relics":[{"not_picked":["Orrery","Ectoplasm"],"picked":"Black Star"}],"items_purged_floors":[21],"is_endless":false,"potions_floor_spawned":[1,5,11,14,22],"killed_by":"Slavers","ascension_level":3}