{"gold_per_floor":[114,189,26,26,26,56,69,82,82,82,97,114,114],"floor_reached":13,"playtime":244,"items_purged":["Strike_B"],"score":220,"play_id":"abba4e80-7295-4e1a-ba7a-e719dbb7e4da","local_time":"20190222215653","is_ascension_mode":true,"campfire_choices":[],"neow_cost":"NONE","seed_source_timestamp":27991888990400,"circlet_count":0,"master_deck":["AscendersBane","Strike_B","Strike_B","Strike_B","Defend_B+1","Defend_B","Defend_B","Zap+1","Dualcast","Streamline+1","Capacitor","Static Discharge","Compile Driver","Conserve Battery"],"relics":["Cracked Core","NeowsBlessing","Happy Flower","Sundial"],"potions_floor_usage":[11,13],"damage_taken":[{"damage":0,"enemies":"Cultist","floor":1,"turns":1},{"damage":0,"enemies":"Gremlin Nob","floor":6,"turns":1},{"damage":0,"enemies":"2 Louse","floor":7,"turns":1},{"damage":2,"enemies":"Small Slimes","floor":8,"turns":3},{"damage":11,"enemies":"Gremlin Gang","floor":11,"turns":4},{"damage":7,"enemies":"3 Louse","floor":12,"turns":2},{"damage":19,"enemies":"Exordium Wildlife","floor":13,"turns":3}],"seed_played":"-7368133776397480535","potions_obtained":[{"floor":6,"key":"EssenceOfSteel"},{"floor":7,"key":"AttackPotion"}],"is_trial":false,"path_per_floor":["M","?","$","?","?","E","M","M","T","?","M","M","M"],"character_chosen":"DEFECT","items_purchased":["Capacitor"],"campfire_rested":0,"item_purchase_floors":[3],"current_hp_per_floor":[64,53,53,32,32,32,32,30,30,30,19,12,0],"gold":114,"neow_bonus":"THREE_ENEMY_KILL","is_prod":false,"is_daily":false,"chose_seed":false,"campfire_upgraded":0,"win_rate":0,"timestamp":1550865413,"path_taken":["M","?","$","?","?","E","?","M","T","?","?","M","M"],"build_version":"2019-01-23","purchased_purges":1,"victory":false,"max_hp_per_floor":[71,71,71,71,71,71,71,71,71,71,71,71,71],"card_choices":[{"not_picked":["Coolheaded","Beam Cell"],"picked":"Streamline","floor":1},{"not_picked":["Blizzard","Redo","Turbo"],"picked":"SKIP","floor":6},{"not_picked":["Rebound","Beam Cell"],"picked":"Static Discharge","floor":7},{"not_picked":["Streamline","Static Discharge"],"picked":"Compile Driver","floor":8},{"not_picked":["Turbo","Steam","Chaos"],"picked":"SKIP","floor":11},{"not_picked":["Barrage","Coolheaded"],"picked":"Conserve Battery","floor":12}],"player_experience":884501,"relics_obtained":[{"floor":6,"key":"Happy Flower"},{"floor":9,"key":"Sundial"}],"event_choices":[{"damage_healed":0,"gold_gain":75,"player_choice":"Gather Gold","damage_taken":11,"max_hp_gain":0,"max_hp_loss":0,"event_name":"World of Goop","floor":2,"gold_loss":0},{"damage_healed":0,"gold_gain":0,"player_choice":"Entered Light","damage_taken":21,"max_hp_gain":0,"max_hp_loss":0,"event_name":"Shining Light","floor":4,"gold_loss":0,"cards_upgraded":["Zap","Defend_B"]},{"cards_removed":["Defend_B"],"damage_healed":0,"gold_gain":0,"player_choice":"Purged","damage_taken":0,"max_hp_gain":0,"max_hp_loss":0,"event_name":"Purifier","floor":5,"gold_loss":0},{"damage_healed":0,"gold_gain":0,"player_choice":"Forge","damage_taken":0,"max_hp_gain":0,"max_hp_loss":0,"event_name":"Accursed Blacksmith","floor":10,"gold_loss":0,"cards_upgraded":["Streamline"]}],"is_beta":false,"boss_relics":[],"items_purged_floors":[3],"is_endless":false,"potions_floor_spawned":[6,7],"killed_by":"Exordium Wildlife","ascension_level":20}