{"gold_per_floor":[115,115,128,203,203,203,203,242,313,313,332,402,16,49,49,143,143,163,18,18,33,47,47,47,81,150,150,275,324,324,249,249,343,343,359,21,34,53,53,53,53,53,80,30,30,68,86,36,36,36,36],"floor_reached":51,"playtime":1913,"items_purged":["Strike_B","Strike_B","Defend_B"],"score":1290,"play_id":"0a39ff4e-002d-4731-96d8-1390f235afeb","local_time":"20190208151835","is_ascension_mode":true,"campfire_choices":[{"data":"Zap","floor":6.0,"key":"SMITH"},{"floor":10.0,"key":"REST"},{"data":"Beam Cell","floor":15.0,"key":"SMITH"},{"data":"Blind","floor":23.0,"key":"SMITH"},{"data":"Barrage","floor":24.0,"key":"SMITH"},{"data":"Beam Cell","floor":30.0,"key":"SMITH"},{"data":"White Noise","floor":32.0,"key":"SMITH"},{"floor":40,"key":"RECALL"},{"data":"Skim","floor":45,"key":"SMITH"},{"floor":49,"key":"REST"}],"neow_cost":"NONE","seed_source_timestamp":0,"circlet_count":0,"master_deck":["AscendersBane","Strike_B+1","Defend_B","Defend_B","Defend_B","Zap+1","Dualcast","BootSequence+1","Beam Cell+1","Ball Lightning","Ball Lightning","Stack","Barrage+1","Core Surge","Conserve Battery","Blind+1","White Noise+1","Beam Cell+1","Core Surge","Hologram+1","Reboot+1","Stack","Stack+1","Skim+1","Madness","Madness","Secret Weapon","Shame","Conserve Battery"],"special_seed":0,"relics":["Cracked Core","PreservedInsect","Golden Idol","Symbiotic Virus","WingedGreaves","Meat on the Bone","Bag of Marbles","DataDisk","Blood Vial","Smiling Mask","Busted Crown","Matryoshka","Juzu Bracelet","Dead Branch","Question Card","Boot","Bag of Preparation","Cursed Key","Molten Egg 2","Oddly Smooth Stone","Lantern"],"potions_floor_usage":[50,50],"damage_taken":[{"damage":2.0,"enemies":"Jaw Worm","floor":1.0,"turns":3.0},{"damage":6.0,"enemies":"2 Louse","floor":3.0,"turns":3.0},{"damage":25.0,"enemies":"3 Sentries","floor":8.0,"turns":7.0},{"damage":7.0,"enemies":"Small Slimes","floor":11.0,"turns":4.0},{"damage":17.0,"enemies":"Lagavulin Event","floor":12.0,"turns":3.0},{"damage":15.0,"enemies":"Lagavulin","floor":14.0,"turns":3.0},{"damage":19.0,"enemies":"Hexaghost","floor":16.0,"turns":6.0},{"damage":7.0,"enemies":"Chosen","floor":18.0,"turns":3.0},{"damage":0.0,"enemies":"3 Byrds","floor":21.0,"turns":2.0},{"damage":7.0,"enemies":"Cultist and Chosen","floor":22.0,"turns":4.0},{"damage":16.0,"enemies":"Gremlin Leader","floor":25.0,"turns":5.0},{"damage":11.0,"enemies":"Colosseum Slavers","floor":28.0,"turns":3.0},{"damage":11.0,"enemies":"Colosseum Nobs","floor":28.0,"turns":4.0},{"damage":46,"enemies":"Automaton","floor":33,"turns":9},{"damage":0,"enemies":"Orb Walker","floor":35,"turns":2},{"damage":0,"enemies":"3 Shapes","floor":37,"turns":5},{"damage":0,"enemies":"Spire Growth","floor":38,"turns":3},{"damage":30,"enemies":"Giant Head","floor":46,"turns":6},{"damage":0,"enemies":"Jaw Worm Horde","floor":47,"turns":3},{"damage":72,"enemies":"Donu and Deca","floor":50,"turns":9},{"damage":18,"enemies":"Time Eater","floor":51,"turns":3}],"seed_played":"-5417308287208072074","potions_obtained":[{"floor":1.0,"key":"GamblersBrew"},{"floor":11.0,"key":"Strength Potion"},{"floor":12.0,"key":"Strength Potion"},{"floor":16.0,"key":"LiquidBronze"},{"floor":18.0,"key":"Dexterity Potion"},{"floor":35,"key":"Fire Potion"},{"floor":47,"key":"AttackPotion"}],"is_trial":false,"path_per_floor":["M","?","M","?","?","R","T","E","T","R","M","?","$","E","R","B",null,"M","$","?","M","M","R","R","E","T","?","?","T","R","?","R","B",null,"M","$","M","M","?","R","?","?","T","?","R","E","M","$","R","B","B"],"character_chosen":"DEFECT","items_purchased":["DataDisk","Blood Vial","Stack","Blind","Molten Egg 2"],"campfire_rested":2,"item_purchase_floors":[13,13,13,19,36],"current_hp_per_floor":[62,38,32,21,26,26,26,1,1,23,28,23,23,22,22,17,61,56,56,56,58,53,53,53,39,39,39,45,45,45,45,45,13,60,62,62,64,66,52,52,52,52,52,52,52,36,50,50,72,14,0],"gold":36,"neow_bonus":"RANDOM_COMMON_RELIC","is_prod":false,"is_daily":false,"chose_seed":false,"campfire_upgraded":7,"win_rate":0,"timestamp":1549606715,"path_taken":["M","?","M","?","?","R","?","E","T","R","M","?","$","E","R","BOSS","M","$","?","M","M","R","R","E","T","?","?","?","R","?","R","BOSS","M","$","M","M","?","R","?","?","T","?","R","E","M","$","R","BOSS","BOSS"],"build_version":"2019-01-23","purchased_purges":3,"victory":false,"max_hp_per_floor":[71,71,71,71,76,76,76,76,76,76,76,76,76,76,76,76,76,76,76,76,76,76,76,76,76,76,76,76,76,76,76,76,76,76,76,76,76,76,76,76,76,76,76,76,76,76,76,76,76,76,76],"card_choices":[{"not_picked":["Storm","Undo","Coolheaded"],"picked":"SKIP","floor":1.0},{"not_picked":["Hello World","Compile Driver"],"picked":"BootSequence","floor":3.0},{"not_picked":["All For One","Streamline"],"picked":"Beam Cell","floor":8.0},{"not_picked":["Recycle","Aggregate"],"picked":"Ball Lightning","floor":11.0},{"not_picked":["Steam","Hologram"],"picked":"Ball Lightning","floor":12.0},{"not_picked":["Go for the Eyes","Beam Cell"],"picked":"Barrage","floor":14.0},{"not_picked":["Thunder Strike","Fission"],"picked":"Core Surge","floor":16.0},{"not_picked":[],"picked":"Conserve Battery","floor":18.0},{"not_picked":[],"picked":"White Noise","floor":21.0},{"not_picked":["Leap"],"picked":"SKIP","floor":22.0},{"not_picked":[],"picked":"Beam Cell","floor":25.0},{"not_picked":[],"picked":"Hologram+1","floor":28.0},{"not_picked":["Amplify"],"picked":"Reboot","floor":33},{"not_picked":["Coolheaded"],"picked":"Stack","floor":35},{"not_picked":["Redo"],"picked":"Stack+1","floor":37},{"not_picked":["Coolheaded"],"picked":"Skim","floor":38},{"not_picked":["Apotheosis"],"picked":"Secret Weapon","floor":42},{"not_picked":["Redo","Glacier"],"picked":"SKIP","floor":46},{"not_picked":["Beam Cell+1"],"picked":"Conserve Battery","floor":47}],"player_experience":1104907,"relics_obtained":[{"floor":7.0,"key":"Symbiotic Virus"},{"floor":8.0,"key":"WingedGreaves"},{"floor":9.0,"key":"Meat on the Bone"},{"floor":12.0,"key":"Bag of Marbles"},{"floor":14.0,"key":"Smiling Mask"},{"floor":25.0,"key":"Matryoshka"},{"floor":26.0,"key":"Juzu Bracelet"},{"floor":28.0,"key":"Dead Branch"},{"floor":28.0,"key":"Question Card"},{"floor":29.0,"key":"Boot"},{"floor":29.0,"key":"Bag of Preparation"},{"floor":43,"key":"Oddly Smooth Stone"},{"floor":46,"key":"Lantern"}],"event_choices":[{"damage_healed":0.0,"max_hp_gain":0.0,"max_hp_loss":0.0,"gold_gain":0.0,"event_name":"Golden Idol","player_choice":"Take Damage","floor":2.0,"gold_loss":0.0,"damage_taken":24.0,"relics_obtained":["Golden Idol"]},{"damage_healed":0.0,"max_hp_gain":0.0,"max_hp_loss":0.0,"gold_gain":75.0,"event_name":"World of Goop","player_choice":"Gather Gold","floor":4.0,"gold_loss":0.0,"damage_taken":11.0},{"damage_healed":0.0,"max_hp_gain":5.0,"max_hp_loss":0.0,"gold_gain":0.0,"event_name":"Big Fish","player_choice":"Donut","floor":5.0,"gold_loss":0.0,"damage_taken":0.0},{"damage_healed":0.0,"max_hp_gain":0.0,"max_hp_loss":0.0,"gold_gain":0.0,"event_name":"Dead Adventurer","player_choice":"Searched \u00271\u0027 times","floor":12.0,"gold_loss":0.0,"damage_taken":0.0},{"damage_healed":0.0,"max_hp_gain":0.0,"max_hp_loss":0.0,"gold_gain":0.0,"event_name":"Ghosts","player_choice":"Ignored","floor":20.0,"gold_loss":0.0,"damage_taken":0.0},{"damage_healed":0.0,"max_hp_gain":0.0,"max_hp_loss":0.0,"gold_gain":0.0,"event_name":"Duplicator","player_choice":"Copied","floor":27.0,"gold_loss":0.0,"damage_taken":0.0,"cards_obtained":["Core Surge"]},{"damage_healed":0.0,"max_hp_gain":0.0,"max_hp_loss":0.0,"gold_gain":0.0,"event_name":"Colosseum","player_choice":"Fight","floor":28.0,"gold_loss":0.0,"damage_taken":0.0},{"damage_healed":0.0,"max_hp_gain":0.0,"max_hp_loss":0.0,"gold_gain":0.0,"event_name":"Colosseum","player_choice":"Fought Nobs","floor":28.0,"gold_loss":0.0,"damage_taken":0.0},{"cards_removed":["Strike_B"],"damage_healed":0.0,"max_hp_gain":0.0,"max_hp_loss":0.0,"gold_gain":0.0,"event_name":"Beggar","player_choice":"Gave Gold","floor":31.0,"gold_loss":75.0,"damage_taken":0.0},{"damage_healed":0,"gold_gain":0,"player_choice":"Embrace Madness","damage_taken":14,"max_hp_gain":0,"max_hp_loss":0,"event_name":"Winding Halls","floor":39,"gold_loss":0,"cards_obtained":["Madness","Madness"]},{"damage_healed":0,"gold_gain":0,"player_choice":"Forge","damage_taken":0,"max_hp_gain":0,"max_hp_loss":0,"event_name":"Accursed Blacksmith","floor":41,"gold_loss":0,"cards_upgraded":["Reboot"]},{"damage_healed":0,"gold_gain":0,"player_choice":"Memory 1","damage_taken":0,"max_hp_gain":0,"max_hp_loss":0,"event_name":"SensoryStone","floor":42,"gold_loss":0},{"damage_healed":0,"gold_gain":0,"player_choice":"Upgraded Two","damage_taken":0,"max_hp_gain":0,"max_hp_loss":0,"event_name":"Designer","floor":44,"gold_loss":50,"cards_upgraded":["Strike_B","BootSequence"]}],"is_beta":false,"boss_relics":[{"not_picked":["Orrery","Pandora\u0027s Box"],"picked":"Busted Crown"},{"not_picked":["Snecko Eye","Eternal Feather"],"picked":"Cursed Key"}],"items_purged_floors":[19,36,48],"is_endless":false,"potions_floor_spawned":[1,11,12,16,18,35,47],"killed_by":"Time Eater","ascension_level":20}