{"gold_per_floor":[110,120,133,133,143,143,175,175,175,175,175,100,100,130,130,130],"floor_reached":16,"playtime":379,"items_purged":["Strike_B"],"score":216,"play_id":"a1bfcfb7-8df3-4d79-80bb-6208ec5ce098","local_time":"20190222223926","is_ascension_mode":true,"campfire_choices":[{"data":"Genetic Algorithm","floor":6,"key":"SMITH"},{"data":"Zap","floor":10,"key":"SMITH"},{"data":"Biased Cognition","floor":13,"key":"SMITH"},{"floor":15,"key":"REST"}],"neow_cost":"NONE","seed_source_timestamp":30409623324700,"circlet_count":0,"master_deck":["AscendersBane","Strike_B","Strike_B","Strike_B","Defend_B","Defend_B","Defend_B","Defend_B","Zap+1","Dualcast","Streamline+1","Compile Driver","Genetic Algorithm+1","Biased Cognition+1"],"relics":["Cracked Core","Omamori","Cables","Kunai","Dodecahedron"],"potions_floor_usage":[14,16],"damage_taken":[{"damage":2,"enemies":"Cultist","floor":1,"turns":4},{"damage":1,"enemies":"2 Louse","floor":2,"turns":2},{"damage":2,"enemies":"Jaw Worm","floor":3,"turns":3},{"damage":17,"enemies":"Exordium Thugs","floor":5,"turns":3},{"damage":25,"enemies":"Lagavulin","floor":7,"turns":7},{"damage":25,"enemies":"3 Sentries","floor":14,"turns":6},{"damage":36,"enemies":"The Guardian","floor":16,"turns":5}],"seed_played":"416425745064506779","potions_obtained":[{"floor":3,"key":"GamblersBrew"},{"floor":5,"key":"FocusPotion"},{"floor":7,"key":"SteroidPotion"}],"is_trial":false,"path_per_floor":["M","M","M","?","M","R","E","?","T","R","$","$","R","E","R","B"],"character_chosen":"DEFECT","items_purchased":[],"campfire_rested":1,"item_purchase_floors":[],"current_hp_per_floor":[62,61,59,59,42,42,17,40,40,40,40,40,40,15,36,0],"gold":130,"neow_bonus":"RANDOM_COMMON_RELIC","is_prod":false,"is_daily":false,"chose_seed":false,"campfire_upgraded":3,"win_rate":0,"timestamp":1550867966,"path_taken":["M","M","M","?","M","R","E","?","T","R","?","$","R","E","R","BOSS"],"build_version":"2019-01-23","purchased_purges":1,"victory":false,"max_hp_per_floor":[71,71,71,71,71,71,71,71,71,71,71,71,71,71,71,71],"card_choices":[{"not_picked":["Storm","Hologram"],"picked":"Streamline","floor":1},{"not_picked":["Coolheaded","Doom and Gloom","Steam"],"picked":"SKIP","floor":2},{"not_picked":["Stack","Reinforced Body"],"picked":"Compile Driver","floor":3},{"not_picked":["Auto Shields","Static Discharge"],"picked":"Genetic Algorithm","floor":5},{"not_picked":["Rebound","Sweeping Beam"],"picked":"Biased Cognition","floor":7},{"not_picked":["Barrage","Double Energy","Gash"],"picked":"SKIP","floor":14}],"player_experience":886831,"relics_obtained":[{"floor":7,"key":"Cables"},{"floor":9,"key":"Kunai"},{"floor":14,"key":"Dodecahedron"}],"event_choices":[{"damage_healed":0,"gold_gain":0,"player_choice":"Grow","damage_taken":0,"max_hp_gain":0,"max_hp_loss":0,"event_name":"Living Wall","floor":4,"gold_loss":0,"cards_upgraded":["Streamline"]},{"damage_healed":23,"gold_gain":0,"player_choice":"Banana","damage_taken":0,"max_hp_gain":0,"max_hp_loss":0,"event_name":"Big Fish","floor":8,"gold_loss":0}],"is_beta":false,"boss_relics":[],"items_purged_floors":[12],"is_endless":false,"potions_floor_spawned":[3,5,7],"killed_by":"The Guardian","ascension_level":20}