{"gold_per_floor":[110,127,50,50,10,38,38,63,63,63,80,96,96,106,106,205,205,115,115,115,115,115,115,115,115,115,115,115,115,115,115,115,115,115,115,115,115,115,115,115,115,115,115,115,115,115,115,67,67,67,67,67,22,22,22],"floor_reached":56,"playtime":4121,"items_purged":[],"score":1618,"play_id":"b8c49ada-4c84-497d-9116-475ad75c8263","local_time":"20190201190456","is_ascension_mode":true,"campfire_choices":[{"data":"Sucker Punch","floor":7,"key":"SMITH"},{"data":"Cloak And Dagger","floor":15,"key":"SMITH"},{"data":"Tools of the Trade","floor":23,"key":"SMITH"},{"data":"Malaise","floor":32,"key":"SMITH"},{"data":"A Thousand Cuts","floor":41,"key":"SMITH"},{"data":"Blade Dance","floor":46,"key":"SMITH"},{"floor":49,"key":"RECALL"},{"data":"Neutralize","floor":52,"key":"SMITH"}],"neow_cost":"NONE","seed_source_timestamp":4085093071538991,"circlet_count":0,"master_deck":["Defend_G+1","Defend_G+1","Defend_G+1","Defend_G+1","Strike_G+1","Strike_G+1","Strike_G+1","Strike_G+1","Strike_G+1","Survivor","Neutralize+1","Sucker Punch+1","PiercingWail","Footwork","Deflect","Well Laid Plans+1","Dagger Spray","Poisoned Stab+1","Malaise+1","Cloak And Dagger+1","Skewer","Tools of the Trade+1","Flechettes+1","Dagger Spray","Reflex+1","Ghostly","Ghostly","Ghostly","Ghostly","Ghostly","Adrenaline","Deflect","Blade Dance+1","Dagger Throw+1","A Thousand Cuts+1","Terror","Footwork+1","Blade Dance+1","Cloak And Dagger+1","Cloak And Dagger+1","Backflip+1","Deflect+1","Backflip+1","Cloak And Dagger+1","Cloak And Dagger+1"],"relics":["Ring of the Serpent","NeowsBlessing","Whetstone","Shuriken","Ectoplasm","Ornamental Fan","Bronze Scales","Dodecahedron","Mummified Hand","Nunchaku","Toxic Egg 2","Ninja Scroll","Lantern","Omamori","The Specimen","Gremlin Horn"],"potions_floor_usage":[16,16,18,22,22,31,55,55,55],"damage_taken":[{"damage":0,"enemies":"Jaw Worm","floor":1,"turns":1},{"damage":0,"enemies":"Cultist","floor":2,"turns":1},{"damage":0,"enemies":"3 Sentries","floor":6,"turns":1},{"damage":4,"enemies":"Lagavulin","floor":8,"turns":11},{"damage":0,"enemies":"2 Louse","floor":11,"turns":2},{"damage":0,"enemies":"Exordium Wildlife","floor":12,"turns":6},{"damage":0,"enemies":"Large Slime","floor":14,"turns":4},{"damage":0,"enemies":"Slime Boss","floor":16,"turns":8},{"damage":12,"enemies":"2 Thieves","floor":18,"turns":4},{"damage":7,"enemies":"Spheric Guardian","floor":19,"turns":5},{"damage":0,"enemies":"Snecko","floor":20,"turns":6},{"damage":5,"enemies":"Sentry and Sphere","floor":22,"turns":7},{"damage":0,"enemies":"Snake Plant","floor":25,"turns":4},{"damage":4,"enemies":"Shelled Parasite and Fungi","floor":27,"turns":6},{"damage":0,"enemies":"Book of Stabbing","floor":29,"turns":7},{"damage":0,"enemies":"Gremlin Leader","floor":31,"turns":7},{"damage":10,"enemies":"Collector","floor":33,"turns":11},{"damage":0,"enemies":"3 Shapes","floor":35,"turns":5},{"damage":2,"enemies":"2 Orb Walkers","floor":37,"turns":5},{"damage":0,"enemies":"Orb Walker","floor":38,"turns":4},{"damage":0,"enemies":"Reptomancer","floor":40,"turns":6},{"damage":0,"enemies":"Nemesis","floor":42,"turns":5},{"damage":2,"enemies":"Reptomancer","floor":44,"turns":5},{"damage":2,"enemies":"3 Darklings","floor":45,"turns":5},{"damage":0,"enemies":"Mind Bloom Boss Battle","floor":47,"turns":3},{"damage":0,"enemies":"Donu and Deca","floor":50,"turns":7},{"damage":0,"enemies":"Shield and Spear","floor":54,"turns":3},{"damage":6,"enemies":"The Heart","floor":55,"turns":8}],"seed_played":"-2045518479379203016","potions_obtained":[{"floor":8,"key":"SneckoOil"},{"floor":11,"key":"GamblersBrew"},{"floor":12,"key":"Energy Potion"},{"floor":13,"key":"Explosive Potion"},{"floor":13,"key":"Ancient Potion"},{"floor":16,"key":"Energy Potion"},{"floor":19,"key":"LiquidBronze"},{"floor":20,"key":"FearPotion"},{"floor":22,"key":"Fruit Juice"},{"floor":25,"key":"AttackPotion"},{"floor":29,"key":"Explosive Potion"},{"floor":40,"key":"Block Potion"},{"floor":44,"key":"Dexterity Potion"},{"floor":45,"key":"Ancient Potion"}],"is_trial":false,"path_per_floor":["M","M","$","?","$","E","R","E","T","?","M","M","?","M","R","B",null,"M","M","M","?","M","R","T","M","T","M","?","E","?","E","R","B",null,"M","?","?","M","?","E","R","E","T","E","M","R","?","$","R","B",null,"R","$","E","B",null],"character_chosen":"THE_SILENT","items_purchased":["Footwork","Well Laid Plans","Backflip+1","Cloak And Dagger+1"],"campfire_rested":0,"item_purchase_floors":[3,5,48,53],"current_hp_per_floor":[70,70,70,70,70,70,70,66,66,52,52,52,52,52,52,52,70,58,51,51,35,35,35,35,35,35,31,31,31,26,26,26,16,45,45,43,41,41,41,41,41,41,41,39,37,37,37,37,37,37,43,43,43,43,37],"gold":22,"neow_bonus":"THREE_ENEMY_KILL","is_prod":false,"is_daily":false,"chose_seed":false,"campfire_upgraded":7,"win_rate":0,"timestamp":1549065896,"path_taken":["M","M","$","?","?","E","R","E","T","?","?","M","?","M","R","BOSS","M","?","M","?","M","R","?","?","T","M","?","E","?","E","R","BOSS","M","?","?","M","?","E","R","E","T","E","M","R","?","$","R","BOSS","R","$","E","BOSS"],"build_version":"2019-01-23","purchased_purges":0,"victory":true,"max_hp_per_floor":[70,70,70,70,70,70,70,70,70,70,70,70,70,70,70,70,70,70,70,70,35,40,40,40,40,40,40,40,40,45,45,45,45,45,45,43,43,43,43,43,43,43,43,43,43,43,43,43,43,43,43,43,43,43,43],"card_choices":[{"not_picked":["Underhanded Strike","Quick Slash"],"picked":"Sucker Punch","floor":1},{"not_picked":["Dagger Throw","Backflip"],"picked":"PiercingWail","floor":2},{"not_picked":["Footwork","Deadly Poison"],"picked":"Dagger Spray","floor":6},{"not_picked":["Acrobatics","Catalyst"],"picked":"Poisoned Stab","floor":8},{"not_picked":["Caltrops","Prepared"],"picked":"Malaise","floor":11},{"not_picked":["Flying Knee","Terror"],"picked":"Cloak And Dagger","floor":12},{"not_picked":["Slice","Bouncing Flask"],"picked":"Skewer","floor":14},{"not_picked":["Storm of Steel","Envenom"],"picked":"Tools of the Trade","floor":16},{"not_picked":["Deadly Poison","Prepared"],"picked":"Flechettes+1","floor":18},{"not_picked":["Dagger Throw","Underhanded Strike"],"picked":"Dagger Spray","floor":19},{"not_picked":["Expertise","Flying Knee"],"picked":"Reflex+1","floor":20},{"not_picked":["Prepared","Backflip"],"picked":"Adrenaline","floor":22},{"not_picked":["Riddle With Holes","Poisoned Stab"],"picked":"Deflect","floor":25},{"not_picked":["Outmaneuver","PiercingWail"],"picked":"Dodge and Roll","floor":27},{"not_picked":["Bane","Flechettes+1"],"picked":"Blade Dance","floor":29},{"not_picked":["PiercingWail","Slice"],"picked":"Dagger Throw+1","floor":31},{"not_picked":["Storm of Steel","Bullet Time"],"picked":"A Thousand Cuts","floor":33},{"not_picked":["Expertise","Poisoned Stab+1"],"picked":"Terror","floor":35},{"not_picked":["Backflip+1","Eviscerate"],"picked":"Footwork+1","floor":38},{"not_picked":["Unload","Setup+1"],"picked":"Blade Dance","floor":40},{"not_picked":["Noxious Fumes+1","Blade Dance+1"],"picked":"Cloak And Dagger+1","floor":42},{"not_picked":["Prepared+1","Deadly Poison+1"],"picked":"Cloak And Dagger+1","floor":44},{"not_picked":["Blade Dance+1","Deflect+1"],"picked":"Backflip+1","floor":45},{"not_picked":["Poisoned Stab+1","Setup+1"],"picked":"Deflect+1","floor":47},{"not_picked":["Outmaneuver+1","Quick Slash+1"],"picked":"Cloak And Dagger+1","floor":54}],"player_experience":4305016,"relics_obtained":[{"floor":6,"key":"Whetstone"},{"floor":8,"key":"Shuriken"},{"floor":24,"key":"Ornamental Fan"},{"floor":26,"key":"Bronze Scales"},{"floor":29,"key":"Dodecahedron"},{"floor":31,"key":"Mummified Hand"},{"floor":37,"key":"Nunchaku"},{"floor":40,"key":"Toxic Egg 2"},{"floor":42,"key":"Ninja Scroll"},{"floor":43,"key":"Lantern"},{"floor":44,"key":"Omamori"},{"floor":47,"key":"The Specimen"},{"floor":54,"key":"Gremlin Horn"}],"event_choices":[{"damage_healed":0,"gold_gain":0,"cards_transformed":["Defend_G"],"player_choice":"Transformed","damage_taken":0,"max_hp_gain":0,"max_hp_loss":0,"event_name":"Transmorgrifier","floor":4,"gold_loss":0,"cards_obtained":["Deflect"]},{"damage_healed":0,"gold_gain":0,"player_choice":"Entered Light","damage_taken":14,"max_hp_gain":0,"max_hp_loss":0,"event_name":"Shining Light","floor":10,"gold_loss":0,"cards_upgraded":["Poisoned Stab","Well Laid Plans"]},{"damage_healed":0,"gold_gain":0,"player_choice":"Got Potions","damage_taken":0,"max_hp_gain":0,"max_hp_loss":0,"event_name":"Lab","floor":13,"gold_loss":0},{"damage_healed":0,"gold_gain":0,"player_choice":"Became a Ghost","damage_taken":0,"max_hp_gain":0,"max_hp_loss":35,"event_name":"Ghosts","floor":21,"gold_loss":0,"cards_obtained":["Ghostly","Ghostly","Ghostly","Ghostly","Ghostly"]},{"damage_healed":0,"gold_gain":0,"player_choice":"Simplicity","damage_taken":0,"max_hp_gain":0,"max_hp_loss":0,"event_name":"Back to Basics","floor":28,"gold_loss":0,"cards_upgraded":["Defend_G","Defend_G","Defend_G","Defend_G","Strike_G","Strike_G","Strike_G"]},{"damage_healed":0,"gold_gain":0,"player_choice":"Shed Blood","damage_taken":10,"max_hp_gain":5,"max_hp_loss":0,"event_name":"Forgotten Altar","floor":30,"gold_loss":0},{"damage_healed":0,"gold_gain":0,"player_choice":"Max HP","damage_taken":0,"max_hp_gain":0,"max_hp_loss":2,"event_name":"Winding Halls","floor":36,"gold_loss":0},{"damage_healed":0,"gold_gain":0,"player_choice":"Fight","damage_taken":0,"max_hp_gain":0,"max_hp_loss":0,"event_name":"Mysterious Sphere","floor":37,"gold_loss":0},{"cards_removed":["Dodge and Roll"],"damage_healed":0,"gold_gain":0,"player_choice":"Removed Skill","damage_taken":0,"max_hp_gain":0,"max_hp_loss":0,"event_name":"Falling","floor":39,"gold_loss":0},{"damage_healed":0,"gold_gain":0,"player_choice":"Fight","damage_taken":0,"max_hp_gain":0,"max_hp_loss":0,"event_name":"MindBloom","floor":47,"gold_loss":0}],"is_beta":true,"boss_relics":[{"not_picked":["Astrolabe","Sozu"],"picked":"Ectoplasm"},{"not_picked":["Empty Cage","Orrery"],"picked":"Ring of the Serpent"}],"items_purged_floors":[],"is_endless":false,"potions_floor_spawned":[8,11,12,16,19,20,22,25,29,40,44,45,47],"ascension_level":1}