{"gold_per_floor":[116,116,127,127,127,127,139,164,164,174,18,18,18,32,32,104,104,115,126,146,146],"floor_reached":21,"playtime":626,"items_purged":["Defend_B"],"score":353,"play_id":"14d3f0cd-f4ea-451b-a754-51b31f23cc19","local_time":"20190104155735","is_ascension_mode":true,"campfire_choices":[{"data":"Zap","floor":6.0,"key":"SMITH"},{"floor":12.0,"key":"REST"},{"data":"Dualcast","floor":15.0,"key":"SMITH"}],"neow_cost":"NONE","seed_source_timestamp":0,"circlet_count":0,"master_deck":["AscendersBane","Strike_B","Strike_B","Strike_B","Defend_B+1","Defend_B","Defend_B","Zap+1","Dualcast+1","Ball Lightning+1","White Noise","Streamline","Meteor Strike","Aggregate","Leap","Blind","All For One","Coolheaded","Beam Cell","Fission","Leap","Redo","Defragment"],"special_seed":0,"relics":["Cracked Core","The Courier","Pantograph","Eternal Feather"],"potions_floor_usage":[20,20],"damage_taken":[{"damage":2.0,"enemies":"Jaw Worm","floor":1.0,"turns":3.0},{"damage":8.0,"enemies":"2 Louse","floor":3.0,"turns":3.0},{"damage":0.0,"enemies":"Small Slimes","floor":7.0,"turns":2.0},{"damage":31.0,"enemies":"Gremlin Nob","floor":8.0,"turns":4.0},{"damage":3.0,"enemies":"Blue Slaver","floor":10.0,"turns":3.0},{"damage":0.0,"enemies":"3 Louse","floor":14.0,"turns":1.0},{"damage":47.0,"enemies":"The Guardian","floor":16.0,"turns":11.0},{"damage":32.0,"enemies":"2 Thieves","floor":18.0,"turns":4.0},{"damage":0.0,"enemies":"Chosen","floor":19.0,"turns":3.0},{"damage":23,"enemies":"3 Cultists","floor":20,"turns":7},{"damage":10,"enemies":"Snecko","floor":21,"turns":3}],"seed_played":"2285854775910131799","potions_obtained":[{"floor":3.0,"key":"Explosive Potion"},{"floor":7.0,"key":"Poison Potion"},{"floor":8.0,"key":"Regen Potion"},{"floor":16.0,"key":"Energy Potion"},{"floor":18.0,"key":"AttackPotion"}],"is_trial":false,"path_per_floor":["M","?","M","?","?","R","M","E","T","M","$","R","?","M","R","B",null,"M","M","M","M"],"character_chosen":"DEFECT","items_purchased":["Leap","Blind"],"campfire_rested":1,"item_purchase_floors":[11,11],"current_hp_per_floor":[69,74,66,59,34,34,34,3,3,9,9,33,33,33,33,11,65,33,33,10,0],"gold":146,"neow_bonus":"TEN_PERCENT_HP_BONUS","is_prod":false,"is_daily":false,"chose_seed":false,"campfire_upgraded":2,"win_rate":0,"timestamp":1546585055,"path_taken":["M","?","M","?","?","R","M","E","T","?","$","R","?","?","R","BOSS","M","M","M","?"],"build_version":"2019-01-03v3","purchased_purges":1,"victory":false,"max_hp_per_floor":[78,83,83,83,83,83,83,83,83,83,83,83,83,83,83,83,83,83,83,83,83],"card_choices":[{"not_picked":["Turbo","Chill"],"picked":"Ball Lightning","floor":1.0},{"not_picked":["Sweeping Beam","Compile Driver"],"picked":"White Noise","floor":3.0},{"not_picked":["Stack","Hologram"],"picked":"Streamline","floor":7.0},{"not_picked":["Stack","Coolheaded"],"picked":"Meteor Strike","floor":8.0},{"not_picked":["Fusion","Scrape"],"picked":"Aggregate","floor":10.0},{"not_picked":["Sweeping Beam","Go for the Eyes"],"picked":"Beam Cell","floor":14.0},{"not_picked":["Rainbow","Meteor Strike"],"picked":"Fission","floor":16.0},{"not_picked":["Tempest","Chaos"],"picked":"Leap","floor":18.0},{"not_picked":["Darkness+1","Undo"],"picked":"Redo","floor":19.0},{"not_picked":["Barrage","Hologram"],"picked":"Defragment","floor":20}],"player_experience":1000825,"relics_obtained":[{"floor":8.0,"key":"The Courier"},{"floor":9.0,"key":"Pantograph"}],"event_choices":[{"damage_healed":0.0,"max_hp_gain":5.0,"max_hp_loss":0.0,"gold_gain":0.0,"event_name":"Big Fish","player_choice":"Donut","floor":2.0,"gold_loss":0.0,"damage_taken":0.0},{"cards_removed":["Strike_B"],"damage_healed":0.0,"max_hp_gain":0.0,"max_hp_loss":0.0,"gold_gain":0.0,"event_name":"Golden Wing","player_choice":"Card Removal","floor":4.0,"gold_loss":0.0,"damage_taken":7.0},{"damage_healed":0.0,"max_hp_gain":0.0,"max_hp_loss":0.0,"gold_gain":0.0,"event_name":"Shining Light","player_choice":"Entered Light","floor":5.0,"gold_loss":0.0,"damage_taken":25.0,"cards_upgraded":["Ball Lightning","Defend_B"]},{"damage_healed":0.0,"max_hp_gain":0.0,"max_hp_loss":0.0,"gold_gain":0.0,"event_name":"Match and Keep!","player_choice":"2 cards matched","floor":13.0,"gold_loss":0.0,"damage_taken":0.0,"cards_obtained":["All For One","Coolheaded"]}],"is_beta":false,"boss_relics":[{"not_picked":["Ectoplasm","Pandora\u0027s Box"],"picked":"Eternal Feather"}],"items_purged_floors":[11],"is_endless":false,"potions_floor_spawned":[3,7,8,16,18],"killed_by":"Snecko","ascension_level":19}