{"gold_per_floor":[116,116,132,148,148,174,27,27,106,131,131,131,131,165,165,262,262,277,294,294,294,294,294,312,341,341,356,391,28,28,28,28,130,130,145,164,179,3,3,3,31,50,75,93,93,93,109,181,181,181,181,181,25,54,54],"floor_reached":56,"playtime":4803,"items_purged":["Pain","Regret"],"score":1618,"play_id":"9326c7c2-b692-4d79-b214-7decd096958c","local_time":"20190102123333","is_ascension_mode":true,"campfire_choices":[{"floor":8,"key":"REST"},{"data":"Feel No Pain","floor":12,"key":"SMITH"},{"data":"Fiend Fire","floor":15,"key":"SMITH"},{"data":"Barricade","floor":23,"key":"SMITH"},{"data":"Limit Break","floor":30,"key":"SMITH"},{"data":"Anger","floor":32,"key":"SMITH"},{"data":"Discovery","floor":40,"key":"SMITH"},{"floor":45,"key":"RECALL"},{"data":"Inflame","floor":49,"key":"SMITH"},{"data":"Berserk","floor":52,"key":"SMITH"}],"neow_cost":"NONE","seed_source_timestamp":1469333162412872,"circlet_count":0,"master_deck":["Strike_R","Strike_R","Strike_R","Strike_R","Defend_R","Defend_R","Defend_R","Defend_R","Bash","Armaments","Offering","Anger+1","Fiend Fire+1","Feel No Pain+1","Offering","Anger","Barricade+1","Iron Wave","Ghostly","Ghostly","Ghostly","Ghostly","Ghostly","Writhe","True Grit+1","Second Wind+1","Limit Break+1","Battle Trance+1","Exhume","Thunderclap","Berserk+1","Shockwave","Flame Barrier","Juggernaut","Inflame+1","Discovery+1","Secret Technique","Discovery","Exhume","Headbutt","Havoc","Offering"],"relics":["Burning Blood","NeowsBlessing","WarpedTongs","Bag of Preparation","Meat on the Bone","Bronze Scales","Thread and Needle","Runic Pyramid","FossilizedHelix","Nloth\u0027s Gift","Anchor","Paper Frog","Shuriken","PreservedInsect","GremlinMask","Black Star","Ginger","Oddly Smooth Stone","Bag of Marbles","Bottled Tornado","Lantern","Pear","Bottled Lightning"],"potions_floor_usage":[16,25,55,55,55],"damage_taken":[{"damage":0,"enemies":"Jaw Worm","floor":1,"turns":1},{"damage":0,"enemies":"Cultist","floor":3,"turns":1},{"damage":0,"enemies":"Small Slimes","floor":4,"turns":1},{"damage":39,"enemies":"Gremlin Nob","floor":6,"turns":4},{"damage":6,"enemies":"Lagavulin","floor":10,"turns":5},{"damage":21,"enemies":"3 Sentries","floor":14,"turns":6},{"damage":12,"enemies":"Hexaghost","floor":16,"turns":5},{"damage":7,"enemies":"Shell Parasite","floor":18,"turns":3},{"damage":6,"enemies":"Spheric Guardian","floor":19,"turns":1},{"damage":1,"enemies":"Centurion and Healer","floor":24,"turns":5},{"damage":0,"enemies":"Gremlin Leader","floor":25,"turns":3},{"damage":1,"enemies":"3 Cultists","floor":27,"turns":7},{"damage":6,"enemies":"Slavers","floor":28,"turns":6},{"damage":8,"enemies":"Champ","floor":33,"turns":12},{"damage":6,"enemies":"Orb Walker","floor":35,"turns":3},{"damage":6,"enemies":"3 Shapes","floor":36,"turns":6},{"damage":3,"enemies":"Jaw Worm Horde","floor":37,"turns":6},{"damage":0,"enemies":"Giant Head","floor":41,"turns":9},{"damage":1,"enemies":"Spire Growth","floor":42,"turns":4},{"damage":3,"enemies":"4 Shapes","floor":44,"turns":3},{"damage":3,"enemies":"Writhing Mass","floor":47,"turns":4},{"damage":12,"enemies":"Time Eater","floor":50,"turns":13},{"damage":6,"enemies":"Shield and Spear","floor":54,"turns":5},{"damage":18,"enemies":"The Heart","floor":55,"turns":10}],"seed_played":"-3913877261542264987","potions_obtained":[{"floor":1,"key":"SpeedPotion"},{"floor":6,"key":"Fire Potion"},{"floor":16,"key":"SkillPotion"},{"floor":18,"key":"Poison Potion"},{"floor":19,"key":"SteroidPotion"},{"floor":28,"key":"LiquidBronze"},{"floor":37,"key":"Energy Potion"}],"is_trial":false,"path_per_floor":["M","?","M","M","?","E","$","R","T","E","T","R","?","E","R","B",null,"M","M","?","?","?","R","M","E","T","M","E","$","R","?","R","B",null,"M","M","M","$","?","R","E","M","T","M","R","?","M","T","R","B",null,"R","$","E","B",null],"character_chosen":"IRONCLAD","items_purchased":["Feel No Pain","Exhume","PreservedInsect","Thunderclap","Inflame","Lantern"],"campfire_rested":1,"item_purchase_floors":[7,29,29,29,38,53],"current_hp_per_floor":[80,80,80,80,80,47,47,71,71,71,71,71,71,56,56,50,80,79,79,40,40,40,40,40,40,40,40,40,40,40,40,40,38,40,40,40,40,40,30,30,36,40,40,40,40,38,38,38,38,32,38,38,38,48,36],"gold":54,"neow_bonus":"THREE_ENEMY_KILL","is_prod":false,"is_daily":false,"chose_seed":false,"campfire_upgraded":8,"win_rate":0,"timestamp":1546450413,"path_taken":["M","?","M","?","?","E","?","R","T","E","?","R","?","E","R","BOSS","M","M","?","?","?","R","?","E","T","M","E","?","R","?","R","BOSS","M","M","?","$","?","R","E","M","T","M","R","?","M","?","R","BOSS","R","$","E","BOSS"],"build_version":"2019-01-01v2","purchased_purges":2,"victory":true,"max_hp_per_floor":[80,80,80,80,80,80,80,80,80,80,80,80,80,80,80,80,80,80,80,40,40,40,40,40,40,40,40,40,40,40,40,40,40,40,40,40,40,40,40,40,40,40,40,40,40,38,38,38,38,38,38,38,38,48,48],"card_choices":[{"not_picked":["Cleave","Wild Strike"],"picked":"Armaments","floor":1},{"not_picked":["Hemokinesis","Sword Boomerang"],"picked":"Anger","floor":3},{"not_picked":["Flex","Rupture","Heavy Blade"],"picked":"SKIP","floor":4},{"not_picked":["Evolve","Feel No Pain"],"picked":"Fiend Fire","floor":6},{"not_picked":["Ghostly Armor","Perfected Strike"],"picked":"Offering","floor":10},{"not_picked":["Clash","Inflame"],"picked":"Anger","floor":14},{"not_picked":["Dark Embrace","Offering"],"picked":"Barricade","floor":16},{"not_picked":["Clash","Armaments","Twin Strike"],"picked":"SKIP","floor":18},{"not_picked":["Clothesline","Armaments"],"picked":"Iron Wave","floor":19},{"not_picked":["Cleave","Clash+1"],"picked":"True Grit+1","floor":24},{"not_picked":["Reckless Charge+1","Burning Pact"],"picked":"Second Wind+1","floor":25},{"not_picked":["Twin Strike","Heavy Blade"],"picked":"Limit Break","floor":27},{"not_picked":["Wild Strike","Dark Embrace"],"picked":"Battle Trance+1","floor":28},{"not_picked":["Impervious","Dark Embrace"],"picked":"Berserk","floor":33},{"not_picked":["Clothesline","Warcry"],"picked":"Shockwave","floor":35},{"not_picked":["Armaments+1","Heavy Blade+1"],"picked":"Flame Barrier","floor":36},{"not_picked":["Flex","Clash"],"picked":"Juggernaut","floor":37},{"not_picked":["Sadistic Nature","Blind"],"picked":"Discovery","floor":39},{"not_picked":["Purity","Trip"],"picked":"Secret Technique","floor":39},{"not_picked":["Secret Weapon","Swift Strike"],"picked":"Discovery","floor":39},{"not_picked":["Twin Strike+1","Perfected Strike+1"],"picked":"Exhume","floor":41},{"not_picked":["Rampage+1","Anger","Warcry"],"picked":"SKIP","floor":42},{"not_picked":["Twin Strike+1","Perfected Strike+1"],"picked":"Headbutt","floor":44},{"not_picked":["Rupture","Body Slam"],"picked":"Havoc","floor":47},{"not_picked":["Heavy Blade","Anger"],"picked":"Offering","floor":54}],"player_experience":3963599,"relics_obtained":[{"floor":6,"key":"Bag of Preparation"},{"floor":9,"key":"Meat on the Bone"},{"floor":10,"key":"Boot"},{"floor":14,"key":"Thread and Needle"},{"floor":25,"key":"Anchor"},{"floor":26,"key":"Paper Frog"},{"floor":28,"key":"Shuriken"},{"floor":41,"key":"Ginger"},{"floor":41,"key":"Oddly Smooth Stone"},{"floor":43,"key":"Bag of Marbles"},{"floor":48,"key":"Bottled Tornado"},{"floor":54,"key":"Pear"},{"floor":54,"key":"Bottled Lightning"}],"event_choices":[{"damage_healed":0,"gold_gain":0,"cards_transformed":["Strike_R"],"player_choice":"Transformed","damage_taken":0,"max_hp_gain":0,"max_hp_loss":0,"event_name":"Transmorgrifier","floor":2,"gold_loss":0,"cards_obtained":["Offering"]},{"damage_healed":0,"gold_gain":0,"player_choice":"Rummage","damage_taken":0,"relics_obtained":["WarpedTongs"],"max_hp_gain":0,"max_hp_loss":0,"event_name":"Accursed Blacksmith","floor":5,"gold_loss":0,"cards_obtained":["Pain"]},{"damage_healed":0,"gold_gain":0,"player_choice":"Box","damage_taken":0,"relics_obtained":["Bronze Scales"],"max_hp_gain":0,"max_hp_loss":0,"event_name":"Big Fish","floor":13,"gold_loss":0,"cards_obtained":["Regret"]},{"damage_healed":0,"gold_gain":0,"player_choice":"Became a Ghost","damage_taken":0,"max_hp_gain":0,"max_hp_loss":40,"event_name":"Ghosts","floor":20,"gold_loss":0,"cards_obtained":["Ghostly","Ghostly","Ghostly","Ghostly","Ghostly"]},{"damage_healed":0,"gold_gain":0,"player_choice":"Opened","damage_taken":0,"relics_obtained":["FossilizedHelix"],"max_hp_gain":0,"max_hp_loss":0,"event_name":"The Mausoleum","floor":21,"gold_loss":0,"cards_obtained":["Writhe"]},{"damage_healed":0,"gold_gain":0,"player_choice":"Traded Relic","damage_taken":0,"relics_obtained":["Nloth\u0027s Gift"],"max_hp_gain":0,"max_hp_loss":0,"event_name":"N\u0027loth","floor":22,"relics_lost":["Boot"],"gold_loss":0},{"damage_healed":0,"gold_gain":0,"player_choice":"Trade","damage_taken":0,"relics_obtained":["GremlinMask"],"max_hp_gain":0,"max_hp_loss":0,"event_name":"FaceTrader","floor":31,"gold_loss":0},{"damage_healed":0,"gold_gain":0,"player_choice":"Memory 3","damage_taken":10,"max_hp_gain":0,"max_hp_loss":0,"event_name":"SensoryStone","floor":39,"gold_loss":0},{"damage_healed":0,"gold_gain":0,"player_choice":"Max HP","damage_taken":0,"max_hp_gain":0,"max_hp_loss":2,"event_name":"Winding Halls","floor":46,"gold_loss":0}],"is_beta":true,"boss_relics":[{"not_picked":["Velvet Choker","Cursed Key"],"picked":"Runic Pyramid"},{"not_picked":["Coffee Dripper","Snecko Eye"],"picked":"Black Star"}],"items_purged_floors":[7,38],"is_endless":false,"potions_floor_spawned":[1,6,16,18,19,24,28,37,44,47],"ascension_level":1}