{"gold_per_floor":[114,79,94,111,36,36,65,65,65,85,114,129,147,167,167,167],"floor_reached":16,"playtime":556,"items_purged":[],"score":228,"play_id":"c838497a-f839-4f38-b896-28f31a9903b0","local_time":"20190128075028","is_ascension_mode":true,"campfire_choices":[{"data":"Bash","floor":6.0,"key":"SMITH"},{"data":"Shockwave","floor":8.0,"key":"SMITH"},{"data":"Spot Weakness","floor":15.0,"key":"SMITH"}],"neow_cost":"NONE","seed_source_timestamp":1550168034952527,"circlet_count":0,"master_deck":["AscendersBane","Strike_R","Strike_R","Strike_R","Strike_R","Strike_R","Defend_R","Defend_R","Defend_R","Defend_R","Bash+1","Spot Weakness+1","Shrug It Off","Sword Boomerang","Shockwave+1","Clothesline","Uppercut","Corruption","Warcry","Twin Strike"],"special_seed":0,"relics":["Burning Blood","Regal Pillow","Blue Candle","Art of War","Self Forming Clay"],"potions_floor_usage":[16],"damage_taken":[{"damage":11.0,"enemies":"Small Slimes","floor":1.0,"turns":5.0},{"damage":10.0,"enemies":"2 Louse","floor":3.0,"turns":4.0},{"damage":0.0,"enemies":"Cultist","floor":4.0,"turns":4.0},{"damage":20.0,"enemies":"Lagavulin","floor":7.0,"turns":7.0},{"damage":20.0,"enemies":"3 Louse","floor":10.0,"turns":4.0},{"damage":8.0,"enemies":"Gremlin Nob","floor":11.0,"turns":3.0},{"damage":15.0,"enemies":"Red Slaver","floor":12.0,"turns":4.0},{"damage":11.0,"enemies":"Exordium Wildlife","floor":13.0,"turns":4.0},{"damage":6.0,"enemies":"Gremlin Gang","floor":14.0,"turns":5.0},{"damage":33,"enemies":"The Guardian","floor":16,"turns":8}],"seed_played":"6897868783163562314","potions_obtained":[{"floor":1.0,"key":"EssenceOfSteel"},{"floor":7.0,"key":"Energy Potion"},{"floor":13.0,"key":"Poison Potion"}],"is_trial":false,"path_per_floor":["M","?","M","M","$","R","E","R","T","M","E","M","M","M","R","B"],"character_chosen":"IRONCLAD","items_purchased":["Shockwave"],"campfire_rested":0,"item_purchase_floors":[5],"current_hp_per_floor":[63,75,71,75,75,75,61,61,61,47,45,36,31,31,31,0],"gold":167,"neow_bonus":"RANDOM_COMMON_RELIC","is_prod":false,"is_daily":false,"chose_seed":false,"campfire_upgraded":3,"win_rate":0,"timestamp":1548679828,"path_taken":["M","?","M","M","$","R","E","R","T","M","E","M","M","M","R","BOSS"],"build_version":"2019-01-23","purchased_purges":0,"victory":false,"max_hp_per_floor":[75,75,75,75,75,75,75,75,75,75,75,75,75,75,75,75],"card_choices":[{"not_picked":["Cleave","Second Wind"],"picked":"Spot Weakness","floor":1.0},{"not_picked":["Heavy Blade","Cleave"],"picked":"Shrug It Off","floor":3.0},{"not_picked":["Flex","Clash"],"picked":"Sword Boomerang","floor":4.0},{"not_picked":["Headbutt","Burning Pact"],"picked":"Clothesline","floor":7.0},{"not_picked":["True Grit","Perfected Strike"],"picked":"Uppercut","floor":10.0},{"not_picked":["Headbutt","Intimidate"],"picked":"Corruption","floor":11.0},{"not_picked":["Brutality","Infernal Blade"],"picked":"Warcry","floor":12.0},{"not_picked":["True Grit","Cleave","Clash"],"picked":"SKIP","floor":13.0},{"not_picked":["Sever Soul","Pommel Strike"],"picked":"Twin Strike","floor":14.0}],"player_experience":826689,"relics_obtained":[{"floor":7.0,"key":"Blue Candle"},{"floor":9.0,"key":"Art of War"},{"floor":11.0,"key":"Self Forming Clay"}],"event_choices":[{"damage_healed":18.0,"max_hp_gain":0.0,"max_hp_loss":0.0,"gold_gain":0.0,"event_name":"The Cleric","player_choice":"Healed","floor":2.0,"gold_loss":35.0,"damage_taken":0.0}],"is_beta":false,"boss_relics":[],"items_purged_floors":[],"is_endless":false,"potions_floor_spawned":[1,7,13],"killed_by":"The Guardian","ascension_level":20}