{"gold_per_floor":[111,129,129,148,173,173,188,206,259,259,280,10,10],"floor_reached":13,"playtime":302,"items_purged":["Strike_B"],"score":158,"play_id":"af5fd147-1d98-4cc9-ab2c-2674f4f508d1","local_time":"20190222225759","is_ascension_mode":true,"campfire_choices":[{"data":"Zap","floor":6,"key":"SMITH"},{"floor":10,"key":"REST"}],"neow_cost":"TEN_PERCENT_HP_LOSS","seed_source_timestamp":31599627320900,"circlet_count":0,"master_deck":["AscendersBane","Strike_B","Strike_B","Defend_B","Defend_B","Defend_B","Zap+1","Dualcast","Go for the Eyes","Ball Lightning","Self Repair","White Noise","Consume","Conserve Battery"],"relics":["Cracked Core","Golden Idol","Ancient Tea Set","Membership Card"],"potions_floor_usage":[11,13],"damage_taken":[{"damage":0,"enemies":"2 Louse","floor":1,"turns":2},{"damage":7,"enemies":"Small Slimes","floor":2,"turns":3},{"damage":6,"enemies":"Cultist","floor":4,"turns":3},{"damage":4,"enemies":"2 Fungi Beasts","floor":5,"turns":3},{"damage":12,"enemies":"3 Louse","floor":7,"turns":4},{"damage":45,"enemies":"Gremlin Gang","floor":8,"turns":3},{"damage":23,"enemies":"Exordium Thugs","floor":11,"turns":4},{"damage":34,"enemies":"Gremlin Nob","floor":13,"turns":3}],"seed_played":"1784309608398605471","potions_obtained":[{"floor":8,"key":"EssenceOfSteel"},{"floor":11,"key":"Fire Potion"}],"is_trial":false,"path_per_floor":["M","M","?","M","M","R","M","M","T","R","M","$","E"],"character_chosen":"DEFECT","items_purchased":["Membership Card","Conserve Battery"],"campfire_rested":1,"item_purchase_floors":[12,12],"current_hp_per_floor":[64,57,57,51,54,54,49,11,11,28,12,12,0],"gold":10,"neow_bonus":"REMOVE_TWO","is_prod":false,"is_daily":false,"chose_seed":false,"campfire_upgraded":1,"win_rate":0,"timestamp":1550869079,"path_taken":["M","M","?","M","M","R","M","M","T","R","M","$","E"],"build_version":"2019-01-23","purchased_purges":1,"victory":false,"max_hp_per_floor":[64,64,58,58,58,58,58,58,58,58,58,58,58],"card_choices":[{"not_picked":["Compile Driver","Redo"],"picked":"Go for the Eyes","floor":1},{"not_picked":["Skim","Steam Power"],"picked":"Ball Lightning","floor":2},{"not_picked":["Reinforced Body","Barrage"],"picked":"Self Repair","floor":4},{"not_picked":["Genetic Algorithm","Doom and Gloom"],"picked":"White Noise","floor":5},{"not_picked":["Recycle","Barrage"],"picked":"Consume","floor":7},{"not_picked":["Stack","Aggregate","Sweeping Beam"],"picked":"SKIP","floor":8},{"not_picked":["Steam","Recycle","Doom and Gloom"],"picked":"SKIP","floor":11}],"player_experience":887991,"relics_obtained":[{"floor":9,"key":"Ancient Tea Set"}],"event_choices":[{"damage_healed":0,"gold_gain":0,"player_choice":"Lose Max HP","damage_taken":0,"relics_obtained":["Golden Idol"],"max_hp_gain":0,"max_hp_loss":6,"event_name":"Golden Idol","floor":3,"gold_loss":0}],"is_beta":false,"boss_relics":[],"items_purged_floors":[12],"is_endless":false,"potions_floor_spawned":[8,11],"killed_by":"Gremlin Nob","ascension_level":20}