{"gold_per_floor":[118,118,68,78,88,114,114,146,146,178,195,370,370,392,392,489,489,502,514,27,27,55,85,85,104,104,129,129,228,18,18,18,117,117,136,155,201,215,215,241,260,260,260,291,391,206,235,457,457,457,457,457,70,98,98],"floor_reached":56,"playtime":3875,"items_purged":["Doubt","Strike_R","Defend_R"],"score":1673,"play_id":"343252d9-8115-4791-a7eb-41adee3a9704","local_time":"20190217095909","is_ascension_mode":true,"campfire_choices":[{"floor":7,"key":"REST"},{"data":"Shockwave","floor":13,"key":"SMITH"},{"data":"Armaments","floor":15,"key":"SMITH"},{"data":"Demon Form","floor":24,"key":"SMITH"},{"data":"Evolve","floor":28,"key":"SMITH"},{"data":"Defend_R","floor":32,"key":"SMITH"},{"floor":49,"key":"RECALL"},{"data":"Barricade","floor":52,"key":"SMITH"}],"neow_cost":"NONE","seed_source_timestamp":5434799795326472,"circlet_count":0,"master_deck":["Strike_R","Strike_R+1","Strike_R+1","Defend_R+1","Defend_R","Bash","Inflame+1","Shockwave+1","Uppercut","Ghostly Armor+1","Headbutt+1","Demon Form+1","Thunderclap","Armaments+1","Fiend Fire","Carnage+1","Evolve+1","Shrug It Off+1","Ghostly","Ghostly","Ghostly","Ghostly","Ghostly","True Grit+1","Barricade+1","Battle Trance+1","Power Through","Finesse","Power Through","Shrug It Off","Metallicize+1","Ghostly","Double Tap","Whirlwind","Master of Strategy"],"relics":["Burning Blood","Centennial Puzzle","Dodecahedron","Pocketwatch","Odd Mushroom","Busted Crown","Membership Card","Blood Vial","Bronze Scales","Red Mask","War Paint","Kunai","Bag of Marbles","Anchor","Tiny Chest","Pantograph","Sozu","Unceasing Top","Bag of Preparation","StoneCalendar","Frozen Egg 2","Dead Branch","Whetstone","Pen Nib","DollysMirror","Orichalcum","Boot"],"potions_floor_usage":[8,10,16,16,23,55,55,55],"damage_taken":[{"damage":0,"enemies":"Small Slimes","floor":1,"turns":3},{"damage":1,"enemies":"2 Louse","floor":4,"turns":3},{"damage":3,"enemies":"Jaw Worm","floor":5,"turns":3},{"damage":37,"enemies":"3 Sentries","floor":6,"turns":11},{"damage":0,"enemies":"Lagavulin","floor":8,"turns":7},{"damage":14,"enemies":"3 Sentries","floor":10,"turns":6},{"damage":0,"enemies":"Looter","floor":11,"turns":4},{"damage":18,"enemies":"The Mushroom Lair","floor":14,"turns":4},{"damage":12,"enemies":"The Guardian","floor":16,"turns":10},{"damage":5,"enemies":"3 Byrds","floor":18,"turns":5},{"damage":5,"enemies":"Chosen","floor":19,"turns":5},{"damage":3,"enemies":"Masked Bandits","floor":22,"turns":5},{"damage":5,"enemies":"Slavers","floor":23,"turns":4},{"damage":0,"enemies":"Centurion and Healer","floor":25,"turns":6},{"damage":0,"enemies":"Gremlin Leader","floor":27,"turns":4},{"damage":0,"enemies":"Champ","floor":33,"turns":9},{"damage":0,"enemies":"3 Darklings","floor":35,"turns":5},{"damage":0,"enemies":"Orb Walker","floor":36,"turns":2},{"damage":2,"enemies":"2 Orb Walkers","floor":37,"turns":5},{"damage":0,"enemies":"Sphere and 2 Shapes","floor":38,"turns":5},{"damage":0,"enemies":"Reptomancer","floor":40,"turns":8},{"damage":0,"enemies":"Maw","floor":41,"turns":5},{"damage":0,"enemies":"Nemesis","floor":44,"turns":7},{"damage":0,"enemies":"Mind Bloom Boss Battle","floor":45,"turns":6},{"damage":0,"enemies":"Reptomancer","floor":47,"turns":6},{"damage":0,"enemies":"Time Eater","floor":50,"turns":13},{"damage":0,"enemies":"Shield and Spear","floor":54,"turns":6},{"damage":5,"enemies":"The Heart","floor":55,"turns":11}],"seed_played":"-7681573635071239069","potions_obtained":[{"floor":4,"key":"Strength Potion"},{"floor":8,"key":"Energy Potion"},{"floor":11,"key":"Energy Potion"},{"floor":14,"key":"Block Potion"},{"floor":16,"key":"EssenceOfSteel"},{"floor":22,"key":"Explosive Potion"},{"floor":23,"key":"EssenceOfSteel"}],"is_trial":false,"path_per_floor":["M","?","?","M","M","E","R","E","T","E","M","?","R","?","R","B",null,"M","M","$","?","?","E","R","M","T","E","R","?","$","T","R","B",null,"M","M","?","M","?","E","M","?","T","E","?","$","E","?","R","B",null,"R","$","E","B",null],"character_chosen":"IRONCLAD","items_purchased":["Membership Card","Evolve","Shrug It Off","Blood Vial","Bronze Scales","PowerPotion","Anchor","Tiny Chest","Ancient Potion","Power Through","Shrug It Off","Whetstone","DollysMirror","Orichalcum","Double Tap","Whirlwind","Master of Strategy"],"campfire_rested":1,"item_purchase_floors":[20,20,20,20,20,20,30,30,30,46,46,46,53,53,53,53,53],"current_hp_per_floor":[80,64,64,69,72,41,65,71,71,63,69,69,69,57,57,51,80,80,80,80,40,40,40,40,40,40,40,40,40,40,40,40,40,40,40,40,40,40,40,40,40,35,35,40,40,40,40,40,40,40,40,40,40,40,40],"gold":98,"neow_bonus":"REMOVE_CARD","is_prod":false,"is_daily":false,"chose_seed":false,"campfire_upgraded":6,"win_rate":0,"timestamp":1550415549,"path_taken":["M","?","?","M","M","E","R","E","T","E","M","?","R","?","R","BOSS","M","M","$","?","?","E","R","M","T","E","R","?","?","?","R","BOSS","M","M","?","M","?","E","?","?","T","E","?","$","E","?","R","BOSS","R","$","E","BOSS"],"build_version":"2019-02-06","purchased_purges":3,"victory":true,"max_hp_per_floor":[80,80,80,80,80,80,80,80,80,80,80,80,80,80,80,80,80,80,80,80,40,40,40,40,40,40,40,40,40,40,40,40,40,40,40,40,40,40,40,40,40,40,40,40,40,40,40,40,40,40,40,40,40,40,40],"card_choices":[{"not_picked":["Body Slam","Seeing Red"],"picked":"Inflame","floor":1},{"not_picked":["Anger","Heavy Blade"],"picked":"Shockwave","floor":4},{"not_picked":["Flame Barrier","Iron Wave"],"picked":"Uppercut","floor":5},{"not_picked":["Armaments","Evolve"],"picked":"Ghostly Armor","floor":6},{"not_picked":["Sentinel","Havoc"],"picked":"Headbutt","floor":8},{"not_picked":["Sword Boomerang","Spot Weakness"],"picked":"Demon Form","floor":10},{"not_picked":["Pommel Strike","Warcry"],"picked":"Thunderclap","floor":11},{"not_picked":["Clothesline","Combust"],"picked":"Armaments","floor":14},{"not_picked":["Brutality","Demon Form"],"picked":"Fiend Fire","floor":16},{"not_picked":["Second Wind"],"picked":"SKIP","floor":18},{"not_picked":[],"picked":"Carnage+1","floor":19},{"not_picked":[],"picked":"True Grit+1","floor":22},{"not_picked":["Armaments"],"picked":"SKIP","floor":23},{"not_picked":["Sentinel"],"picked":"SKIP","floor":25},{"not_picked":["Body Slam"],"picked":"SKIP","floor":27},{"not_picked":[],"picked":"Barricade","floor":33},{"not_picked":["Second Wind+1"],"picked":"SKIP","floor":35},{"not_picked":["Twin Strike+1"],"picked":"SKIP","floor":36},{"not_picked":["Blood for Blood"],"picked":"SKIP","floor":38},{"not_picked":[],"picked":"Battle Trance+1","floor":40},{"not_picked":[],"picked":"Power Through","floor":41},{"not_picked":[],"picked":"Finesse","floor":42},{"not_picked":["Bloodletting+1"],"picked":"SKIP","floor":44},{"not_picked":[],"picked":"Metallicize+1","floor":47},{"not_picked":["Barricade+1"],"picked":"SKIP","floor":54}],"player_experience":4566291,"relics_obtained":[{"floor":6,"key":"Centennial Puzzle"},{"floor":8,"key":"Dodecahedron"},{"floor":10,"key":"Pocketwatch"},{"floor":14,"key":"Odd Mushroom"},{"floor":22,"key":"Red Mask"},{"floor":23,"key":"War Paint"},{"floor":26,"key":"Kunai"},{"floor":27,"key":"Bag of Marbles"},{"floor":31,"key":"Pantograph"},{"floor":37,"key":"Unceasing Top"},{"floor":40,"key":"Bag of Preparation"},{"floor":43,"key":"StoneCalendar"},{"floor":44,"key":"Frozen Egg 2"},{"floor":45,"key":"Dead Branch"},{"floor":47,"key":"Pen Nib"},{"floor":54,"key":"Boot"}],"event_choices":[{"damage_healed":0,"gold_gain":0,"player_choice":"Entered Light","damage_taken":16,"max_hp_gain":0,"max_hp_loss":0,"event_name":"Shining Light","floor":2,"gold_loss":0,"cards_upgraded":["Strike_R","Inflame"]},{"cards_removed":["Strike_R"],"damage_healed":0,"gold_gain":0,"player_choice":"Card Removal","damage_taken":0,"max_hp_gain":0,"max_hp_loss":0,"event_name":"The Cleric","floor":3,"gold_loss":50},{"damage_healed":0,"gold_gain":175,"player_choice":"AGREE","damage_taken":0,"max_hp_gain":0,"max_hp_loss":0,"event_name":"Liars Game","floor":12,"gold_loss":0,"cards_obtained":["Doubt"]},{"damage_healed":0,"gold_gain":0,"player_choice":"Fought Mushrooms","damage_taken":0,"max_hp_gain":0,"max_hp_loss":0,"event_name":"Mushrooms","floor":14,"gold_loss":0},{"damage_healed":0,"gold_gain":0,"player_choice":"Became a Ghost","damage_taken":0,"max_hp_gain":0,"max_hp_loss":40,"event_name":"Ghosts","floor":21,"gold_loss":0,"cards_obtained":["Ghostly","Ghostly","Ghostly","Ghostly","Ghostly"]},{"damage_healed":0,"gold_gain":0,"player_choice":"Fought Bandits","damage_taken":0,"max_hp_gain":0,"max_hp_loss":0,"event_name":"Masked Bandits","floor":22,"gold_loss":0},{"damage_healed":0,"gold_gain":99,"player_choice":"Stole From Cult","damage_taken":0,"max_hp_gain":0,"max_hp_loss":0,"event_name":"Nest","floor":29,"gold_loss":0},{"damage_healed":0,"gold_gain":0,"player_choice":"Fight","damage_taken":0,"max_hp_gain":0,"max_hp_loss":0,"event_name":"Mysterious Sphere","floor":37,"gold_loss":0},{"damage_healed":0,"gold_gain":0,"player_choice":"Ignored","damage_taken":0,"max_hp_gain":0,"max_hp_loss":0,"event_name":"NoteForYourself","floor":39,"gold_loss":0},{"damage_healed":0,"gold_gain":0,"player_choice":"Memory 2","damage_taken":5,"max_hp_gain":0,"max_hp_loss":0,"event_name":"SensoryStone","floor":42,"gold_loss":0},{"damage_healed":0,"gold_gain":0,"player_choice":"Fight","damage_taken":0,"max_hp_gain":0,"max_hp_loss":0,"event_name":"MindBloom","floor":45,"gold_loss":0},{"damage_healed":0,"gold_gain":222,"player_choice":"Wore Mask","damage_taken":0,"max_hp_gain":0,"max_hp_loss":0,"event_name":"Tomb of Lord Red Mask","floor":48,"gold_loss":0}],"is_beta":true,"boss_relics":[{"not_picked":["Astrolabe","Tiny House"],"picked":"Busted Crown"},{"not_picked":["Orrery","Black Star"],"picked":"Sozu"}],"items_purged_floors":[20,30,46],"is_endless":false,"potions_floor_spawned":[4,8,11,14,16,22,23,27,33,36,37,38,40,45,54],"ascension_level":1}