{"gold_per_floor":[119,69,69,43,66,100,114,135,185,225,325,349,370,133,133,262,262],"floor_reached":17,"playtime":3288,"items_purged":["Strike_R"],"score":202,"play_id":"344ed20a-17cb-4149-84e4-2d9939eb052e","local_time":"20190121154704","is_ascension_mode":true,"campfire_choices":[{"data":"Violence","floor":15,"key":"SMITH"}],"neow_cost":"NONE","seed_source_timestamp":0,"circlet_count":0,"master_deck":["Bash","Shrug It Off","Feed","Armaments","Feel No Pain","Flame Barrier","Immolate","Violence+1","Offering"],"special_seed":0,"relics":["Burning Blood","NeowsBlessing","Golden Idol","Singing Bowl","Blood Vial","Happy Flower","Pandora\u0027s Box"],"potions_floor_usage":[16],"damage_taken":[{"damage":0.0,"enemies":"Small Slimes","floor":1.0,"turns":1.0},{"damage":0.0,"enemies":"2 Louse","floor":5.0,"turns":1.0},{"damage":0.0,"enemies":"Gremlin Nob","floor":6.0,"turns":1.0},{"damage":10.0,"enemies":"Cultist","floor":7.0,"turns":5.0},{"damage":24.0,"enemies":"Lots of Slimes","floor":8.0,"turns":7.0},{"damage":12.0,"enemies":"3 Sentries","floor":10.0,"turns":16.0},{"damage":16,"enemies":"Large Slime","floor":12,"turns":10},{"damage":9,"enemies":"3 Louse","floor":13,"turns":4},{"damage":32,"enemies":"Slime Boss","floor":16,"turns":13}],"seed_played":"-2766203225533879205","potions_obtained":[{"floor":1.0,"key":"GamblersBrew"},{"floor":10.0,"key":"Strength Potion"},{"floor":12,"key":"SmokeBomb"},{"floor":16,"key":"Strength Potion"}],"is_trial":false,"path_per_floor":["M","?","?","$","M","E","M","M","T","E","?","M","M","$","R","B",null],"character_chosen":"IRONCLAD","items_purchased":["Shrug It Off","Violence"],"campfire_rested":0,"item_purchase_floors":[4,14],"current_hp_per_floor":[80,80,74,74,74,76,75,61,61,60,60,54,56,56,56,32,32],"gold":262,"neow_bonus":"THREE_ENEMY_KILL","is_prod":false,"is_daily":false,"chose_seed":false,"campfire_upgraded":1,"win_rate":0,"timestamp":1548107224,"path_taken":["M","?","?","$","M","E","M","M","T","E","?","M","?","?","R","BOSS"],"build_version":"2018-11-15","purchased_purges":1,"victory":false,"max_hp_per_floor":[80,80,74,74,74,76,79,83,83,86,86,88,91,91,91,91,91],"card_choices":[{"not_picked":["Clash","Cleave","Havoc"],"picked":"SKIP","floor":1.0},{"not_picked":["Infernal Blade","Sword Boomerang"],"picked":"Feed","floor":5.0},{"not_picked":["True Grit","Anger","Dual Wield"],"picked":"Singing Bowl","floor":6.0},{"not_picked":["Perfected Strike","Shockwave"],"picked":"Armaments","floor":7.0},{"not_picked":["Body Slam","Rage"],"picked":"Feel No Pain","floor":8.0},{"not_picked":["Fire Breathing","Dropkick"],"picked":"Flame Barrier","floor":10.0},{"not_picked":["Shrug It Off","Corruption","Perfected Strike"],"picked":"Singing Bowl","floor":12},{"not_picked":["Entrench","Carnage"],"picked":"Immolate","floor":13},{"not_picked":["Limit Break","Impervious"],"picked":"Offering","floor":16}],"player_experience":297057,"relics_obtained":[{"floor":6.0,"key":"Singing Bowl"},{"floor":9.0,"key":"Blood Vial"},{"floor":10.0,"key":"Happy Flower"}],"event_choices":[{"cards_removed":["Strike_R"],"damage_healed":0.0,"max_hp_gain":0.0,"max_hp_loss":0.0,"gold_gain":0.0,"event_name":"The Cleric","player_choice":"Card Removal","floor":2.0,"gold_loss":50.0,"damage_taken":0.0},{"damage_healed":0.0,"max_hp_gain":0.0,"max_hp_loss":6.0,"gold_gain":0.0,"event_name":"Golden Idol","player_choice":"Lose Max HP","floor":3.0,"gold_loss":0.0,"damage_taken":0.0,"relics_obtained":["Golden Idol"]},{"damage_healed":0,"gold_gain":100,"player_choice":"Gold","damage_taken":0,"max_hp_gain":0,"max_hp_loss":0,"event_name":"Wheel of Change","floor":11,"gold_loss":0}],"is_beta":false,"boss_relics":[{"not_picked":["White Beast Statue","Eternal Feather"],"picked":"Pandora\u0027s Box"}],"items_purged_floors":[14],"is_endless":false,"potions_floor_spawned":[1,10,12,16],"ascension_level":1}