{"gold_per_floor":[116,266,278,296,296,296,321,353,379,397,413,424,457,472,472,543,543,558,97,197,220,135,163,192,204,239,262,274],"floor_reached":28,"playtime":865,"items_purged":["Doubt"],"score":509,"play_id":"923b898e-4f2a-4ee3-89c0-c2d52f696a17","local_time":"20181210235139","is_ascension_mode":true,"campfire_choices":[{"data":"Zap","floor":6.0,"key":"SMITH"},{"data":"Sunder","floor":15,"key":"SMITH"},{"floor":25,"key":"REST"}],"neow_cost":"NONE","seed_source_timestamp":0,"circlet_count":0,"master_deck":["AscendersBane","Strike_B","Strike_B+1","Defend_B","Defend_B+1","Defend_B","Zap+1","Dualcast","Seek","Undo+1","Melter+1","Leap","Core Surge+1","Sunder+1","Ball Lightning","Auto Shields+1","FTL","Self Repair","Electrodynamics","Buffer+1","Streamline+1","Force Field+1","Conserve Battery+1","Ball Lightning","Aggregate","Redo","Static Discharge"],"special_seed":0,"relics":["Cracked Core","DataDisk","Question Card","Happy Flower","War Paint","Astrolabe","Whetstone","Chemical X","Nunchaku","Gremlin Horn","Vajra","Smiling Mask","MawBank","Ancient Tea Set"],"potions_floor_usage":[20,23],"damage_taken":[{"damage":7.0,"enemies":"Jaw Worm","floor":1.0,"turns":4.0},{"damage":0.0,"enemies":"Small Slimes","floor":3.0,"turns":3.0},{"damage":0.0,"enemies":"Cultist","floor":4.0,"turns":3.0},{"damage":0.0,"enemies":"Gremlin Nob","floor":8.0,"turns":3.0},{"damage":0.0,"enemies":"Large Slime","floor":10.0,"turns":4.0},{"damage":0.0,"enemies":"2 Fungi Beasts","floor":11.0,"turns":3.0},{"damage":8.0,"enemies":"Blue Slaver","floor":12.0,"turns":2.0},{"damage":18.0,"enemies":"3 Sentries","floor":13.0,"turns":5.0},{"damage":0.0,"enemies":"Exordium Wildlife","floor":14.0,"turns":2.0},{"damage":18,"enemies":"Slime Boss","floor":16,"turns":7},{"damage":0,"enemies":"Spheric Guardian","floor":18,"turns":2},{"damage":11,"enemies":"Colosseum Slavers","floor":20,"turns":3},{"damage":40,"enemies":"Colosseum Nobs","floor":20,"turns":5},{"damage":11,"enemies":"Gremlin Leader","floor":23,"turns":5},{"damage":12,"enemies":"3 Byrds","floor":24,"turns":4},{"damage":18,"enemies":"Snecko","floor":27,"turns":4},{"damage":19,"enemies":"Snake Plant","floor":28,"turns":2}],"seed_played":"743646855530038498","potions_obtained":[{"floor":1.0,"key":"Fire Potion"},{"floor":4.0,"key":"FocusPotion"},{"floor":8.0,"key":"Regen Potion"},{"floor":16,"key":"Ancient Potion"},{"floor":18,"key":"GamblersBrew"},{"floor":20,"key":"Block Potion"}],"is_trial":false,"path_per_floor":["M","?","M","M","?","R","T","E","T","M","M","M","E","M","R","B",null,"M","$","?","T","?","E","M","R","T","M","M"],"character_chosen":"DEFECT","items_purchased":["Whetstone","Chemical X"],"campfire_rested":1,"item_purchase_floors":[19,19],"current_hp_per_floor":[57,57,57,57,36,36,36,36,36,36,36,28,24,24,24,6,55,62,62,18,18,18,14,9,30,30,19,0],"gold":274,"neow_bonus":"ONE_RANDOM_RARE_CARD","is_prod":false,"is_daily":false,"chose_seed":false,"campfire_upgraded":2,"win_rate":0,"timestamp":1544453499,"path_taken":["M","?","M","M","?","R","?","E","T","M","M","M","E","M","R","BOSS","M","$","?","?","?","E","?","R","T","M","M"],"build_version":"2018-12-06","purchased_purges":1,"victory":false,"max_hp_per_floor":[71,71,71,71,71,71,71,71,71,71,71,71,71,71,71,71,71,71,71,71,71,71,71,71,71,71,71,71],"card_choices":[{"not_picked":["Sweeping Beam","Recycle"],"picked":"Undo","floor":1.0},{"not_picked":["Gash","Hologram"],"picked":"Melter","floor":3.0},{"not_picked":["Darkness","Scrape"],"picked":"Leap","floor":4.0},{"not_picked":["Lockon","Melter"],"picked":"Core Surge","floor":8.0},{"not_picked":["Cold Snap","Static Discharge","Lockon"],"picked":"Sunder","floor":10.0},{"not_picked":["FTL","Conserve Battery","Steam"],"picked":"Ball Lightning","floor":11.0},{"not_picked":["Hologram","Consume","Beam Cell"],"picked":"Auto Shields","floor":12.0},{"not_picked":["Lockon","Melter","Leap"],"picked":"FTL","floor":13.0},{"not_picked":["Hologram","Hello World","Rebound"],"picked":"Self Repair","floor":14.0},{"not_picked":["Core Surge","Fission","Hyperbeam"],"picked":"Electrodynamics","floor":16},{"not_picked":["Sweeping Beam","Self Repair","Go for the Eyes"],"picked":"Conserve Battery+1","floor":18},{"not_picked":["Steam Power","Glacier","Streamline"],"picked":"Ball Lightning","floor":20},{"not_picked":["Double Energy","Scrape","Turbo"],"picked":"Aggregate","floor":23},{"not_picked":["Chaos","Blizzard","Hologram"],"picked":"Redo","floor":24},{"not_picked":["Sweeping Beam","Skim","Turbo"],"picked":"Static Discharge","floor":27}],"player_experience":964135,"relics_obtained":[{"floor":7.0,"key":"DataDisk"},{"floor":8.0,"key":"Question Card"},{"floor":9.0,"key":"Happy Flower"},{"floor":13.0,"key":"War Paint"},{"floor":20,"key":"Nunchaku"},{"floor":20,"key":"Gremlin Horn"},{"floor":21,"key":"Vajra"},{"floor":23,"key":"MawBank"},{"floor":26,"key":"Ancient Tea Set"}],"event_choices":[{"damage_healed":0.0,"max_hp_gain":0.0,"max_hp_loss":0.0,"gold_gain":150.0,"event_name":"Liars Game","player_choice":"AGREE","floor":2.0,"gold_loss":0.0,"damage_taken":0.0,"cards_obtained":["Doubt"]},{"damage_healed":0.0,"max_hp_gain":0.0,"max_hp_loss":0.0,"gold_gain":0.0,"event_name":"Shining Light","player_choice":"Entered Light","floor":5.0,"gold_loss":0.0,"damage_taken":21.0,"cards_upgraded":["Defend_B","Strike_B"]},{"damage_healed":0,"gold_gain":0,"player_choice":"Fight","damage_taken":0,"max_hp_gain":0,"max_hp_loss":0,"event_name":"Colosseum","floor":20,"gold_loss":0},{"damage_healed":0,"gold_gain":0,"player_choice":"Fought Nobs","damage_taken":0,"max_hp_gain":0,"max_hp_loss":0,"event_name":"Colosseum","floor":20,"gold_loss":0},{"damage_healed":0,"gold_gain":0,"player_choice":"Obtained Relic","damage_taken":0,"relics_obtained":["Smiling Mask"],"max_hp_gain":0,"max_hp_loss":0,"event_name":"Addict","floor":22,"gold_loss":85}],"is_beta":false,"boss_relics":[{"not_picked":["FrozenCore","White Beast Statue"],"picked":"Astrolabe"}],"items_purged_floors":[19],"is_endless":false,"potions_floor_spawned":[1,4,8,11,16,18,20,20],"killed_by":"Snake Plant","ascension_level":17}