{"gold_per_floor":[115,134,158,118,118,144,144,154,181,356,385,400,400],"floor_reached":13,"playtime":505,"items_purged":[],"score":98,"play_id":"327ea8bb-162e-4330-a9b9-5cb5493d39f9","local_time":"20190220210141","is_ascension_mode":true,"campfire_choices":[{"data":"Zap","floor":7,"key":"SMITH"}],"neow_cost":"NONE","seed_source_timestamp":169068110686095,"circlet_count":0,"master_deck":["Strike_B+1","Strike_B+1","Strike_B","Strike_B+1","Defend_B+1","Defend_B","Defend_B","Defend_B","Zap+1","Dualcast","Heatsinks","Force Field","White Noise","Force Field","Ball Lightning","Doubt","Seek","Ball Lightning"],"relics":["Cracked Core","Bag of Marbles","Ancient Tea Set","Whetstone","Vajra"],"potions_floor_usage":[6,11,13],"damage_taken":[{"damage":1,"enemies":"Cultist","floor":1,"turns":3},{"damage":7,"enemies":"2 Louse","floor":2,"turns":2},{"damage":8,"enemies":"Gremlin Nob","floor":6,"turns":3},{"damage":0,"enemies":"Small Slimes","floor":8,"turns":3},{"damage":23,"enemies":"Lagavulin","floor":11,"turns":4},{"damage":10,"enemies":"Looter","floor":12,"turns":2},{"damage":36,"enemies":"3 Sentries","floor":13,"turns":6}],"seed_played":"57448768366725354","potions_obtained":[{"floor":2,"key":"Fire Potion"},{"floor":8,"key":"FocusPotion"},{"floor":11,"key":"Regen Potion"}],"is_trial":false,"path_per_floor":["M","M","T","$","?","E","R","M","T","?","E","M","E"],"character_chosen":"DEFECT","items_purchased":["White Noise"],"campfire_rested":0,"item_purchase_floors":[4],"current_hp_per_floor":[81,74,74,74,58,50,50,50,50,50,27,17,0],"gold":400,"neow_bonus":"TEN_PERCENT_HP_BONUS","is_prod":false,"is_daily":false,"chose_seed":false,"campfire_upgraded":1,"win_rate":0,"timestamp":1550725301,"path_taken":["M","M","?","$","?","E","R","M","T","?","E","M","E"],"build_version":"2019-01-23","purchased_purges":0,"victory":false,"max_hp_per_floor":[82,82,82,82,82,82,82,82,82,82,82,82,82],"card_choices":[{"not_picked":["Turbo","Rip and Tear"],"picked":"Heatsinks","floor":1},{"not_picked":["Gash","Chaos"],"picked":"Force Field","floor":2},{"not_picked":["Streamline","Stack"],"picked":"Force Field","floor":6},{"not_picked":["Tempest","Compile Driver"],"picked":"Ball Lightning","floor":8},{"not_picked":["Skim","Fusion"],"picked":"Seek","floor":11},{"not_picked":["Static Discharge","Sweeping Beam"],"picked":"Ball Lightning","floor":12}],"player_experience":278947,"relics_obtained":[{"floor":3,"key":"Bag of Marbles"},{"floor":6,"key":"Ancient Tea Set"},{"floor":9,"key":"Whetstone"},{"floor":11,"key":"Vajra"}],"event_choices":[{"damage_healed":0,"gold_gain":0,"player_choice":"Entered Light","damage_taken":16,"max_hp_gain":0,"max_hp_loss":0,"event_name":"Shining Light","floor":5,"gold_loss":0,"cards_upgraded":["Defend_B","Strike_B"]},{"damage_healed":0,"gold_gain":175,"player_choice":"AGREE","damage_taken":0,"max_hp_gain":0,"max_hp_loss":0,"event_name":"Liars Game","floor":10,"gold_loss":0,"cards_obtained":["Doubt"]}],"is_beta":false,"boss_relics":[],"items_purged_floors":[],"is_endless":false,"potions_floor_spawned":[2,8,11],"killed_by":"3 Sentries","ascension_level":1}