{"gold_per_floor":[111,127,127,302,318,318,354,354,354,354,370,393,393],"floor_reached":13,"playtime":510,"items_purged":[],"score":85,"play_id":"07649194-5368-4ae5-92b5-2119d5583100","local_time":"20181204192953","is_ascension_mode":false,"campfire_choices":[{"data":"Coolheaded","floor":6,"key":"SMITH"},{"data":"Zap","floor":8,"key":"SMITH"},{"data":"Dualcast","floor":10,"key":"SMITH"}],"neow_cost":"NONE","seed_source_timestamp":906201385586,"circlet_count":0,"master_deck":["Strike_B","Strike_B","Strike_B","Strike_B","Defend_B","Defend_B","Defend_B","Defend_B","Zap+1","Dualcast+1","Reprogram","Coolheaded+1","Doubt","Gash","Conserve Battery+1","Creative AI","Recycle+1"],"relics":["Cracked Core","NeowsBlessing","Golden Idol","Toxic Egg 2","Potion Belt"],"potions_floor_usage":[7],"damage_taken":[{"damage":0,"enemies":"Small Slimes","floor":1,"turns":1},{"damage":0,"enemies":"Jaw Worm","floor":2,"turns":1},{"damage":0,"enemies":"Cultist","floor":5,"turns":1},{"damage":33,"enemies":"3 Sentries","floor":7,"turns":9},{"damage":3,"enemies":"Large Slime","floor":11,"turns":5},{"damage":5,"enemies":"Looter","floor":12,"turns":4},{"damage":17,"enemies":"Gremlin Gang","floor":13,"turns":1}],"seed_played":"-1160817327455917506","potions_obtained":[{"floor":2,"key":"Block Potion"},{"floor":7,"key":"Swift Potion"},{"floor":11,"key":"GamblersBrew"}],"is_trial":false,"path_per_floor":["M","M","?","?","M","R","E","R","T","R","M","M","M"],"character_chosen":"DEFECT","items_purchased":[],"campfire_rested":0,"item_purchase_floors":[],"current_hp_per_floor":[75,75,57,57,57,57,24,24,24,24,21,16,0],"gold":393,"neow_bonus":"THREE_ENEMY_KILL","is_prod":false,"is_daily":false,"chose_seed":false,"campfire_upgraded":3,"win_rate":0.0,"timestamp":1543973393,"path_taken":["M","M","?","?","M","R","E","R","T","R","M","M","M"],"build_version":"2018-11-15","purchased_purges":0,"victory":false,"max_hp_per_floor":[75,75,75,75,75,75,75,75,75,75,75,75,75],"card_choices":[{"not_picked":["Streamline","Conserve Battery"],"picked":"Reprogram","floor":1},{"not_picked":["Hologram","Lockon"],"picked":"Coolheaded","floor":2},{"not_picked":["BootSequence","Conserve Battery"],"picked":"Gash","floor":5},{"not_picked":["Cold Snap","Capacitor"],"picked":"Conserve Battery","floor":7},{"not_picked":["Redo+1","Leap+1"],"picked":"Creative AI","floor":11},{"not_picked":["Leap+1","Streamline"],"picked":"Recycle+1","floor":12}],"player_experience":286482,"relics_obtained":[{"floor":7,"key":"Toxic Egg 2"},{"floor":9,"key":"Potion Belt"}],"event_choices":[{"damage_healed":0,"gold_gain":0,"player_choice":"Take Damage","damage_taken":18,"relics_obtained":["Golden Idol"],"max_hp_gain":0,"max_hp_loss":0,"event_name":"Golden Idol","floor":3,"gold_loss":0},{"damage_healed":0,"gold_gain":175,"player_choice":"AGREE","damage_taken":0,"max_hp_gain":0,"max_hp_loss":0,"event_name":"Liars Game","floor":4,"gold_loss":0,"cards_obtained":["Doubt"]}],"is_beta":false,"boss_relics":[],"items_purged_floors":[],"is_endless":false,"potions_floor_spawned":[2,7,11],"killed_by":"Gremlin Gang","ascension_level":0}