{"gold_per_floor":[111,61,61,61,78,112,122,155,182,199,215,215,231,260,260,363,363,375,375,375,390,291,291,306,333,333,333,344,344,362,15,15,15],"floor_reached":33,"playtime":1696,"items_purged":[],"score":380,"play_id":"7a07ddab-08e6-4719-916d-15e0eeab6a82","local_time":"20190116231604","is_ascension_mode":true,"campfire_choices":[{"data":"Flex","floor":12,"key":"SMITH"},{"data":"Flex","floor":15,"key":"SMITH"},{"data":"Armaments","floor":23,"key":"SMITH"},{"data":"Dual Wield","floor":27,"key":"SMITH"},{"floor":29,"key":"REST"},{"data":"Heavy Blade","floor":32,"key":"SMITH"}],"neow_cost":"NONE","seed_source_timestamp":85782548334530,"circlet_count":0,"master_deck":["Strike_R","Strike_R","Strike_R","Strike_R","Defend_R","Defend_R","Defend_R","Bash","Flex+1","Warcry","Shrug It Off","Pummel","Headbutt","Flex+1","Sword Boomerang","Reaper","Pummel","J.A.X.","Armaments+1","Heavy Blade+1","Shrug It Off","Heavy Blade","Dual Wield+1","Pummel"],"relics":["Burning Blood","NeowsBlessing","Bronze Scales","Blood Vial","Boot","Ice Cream","White Beast Statue","Frozen Egg 2","Ancient Tea Set","Pocketwatch"],"potions_floor_usage":[8,14,24,25,25,33,33,33],"damage_taken":[{"damage":0,"enemies":"Jaw Worm","floor":1,"turns":1},{"damage":0,"enemies":"Cultist","floor":5,"turns":1},{"damage":0,"enemies":"3 Sentries","floor":6,"turns":2},{"damage":4,"enemies":"2 Louse","floor":7,"turns":3},{"damage":27,"enemies":"Lagavulin","floor":8,"turns":7},{"damage":0,"enemies":"2 Fungi Beasts","floor":10,"turns":2},{"damage":12,"enemies":"Exordium Wildlife","floor":11,"turns":2},{"damage":5,"enemies":"Lots of Slimes","floor":13,"turns":3},{"damage":14,"enemies":"3 Sentries","floor":14,"turns":5},{"damage":0,"enemies":"Slime Boss","floor":16,"turns":7},{"damage":19,"enemies":"3 Byrds","floor":18,"turns":3},{"damage":40,"enemies":"Shell Parasite","floor":21,"turns":6},{"damage":16,"enemies":"Chosen and Byrds","floor":24,"turns":4},{"damage":24,"enemies":"Slavers","floor":25,"turns":4},{"damage":23,"enemies":"Snecko","floor":28,"turns":4},{"damage":8,"enemies":"Cultist and Chosen","floor":30,"turns":4},{"damage":74,"enemies":"Champ","floor":33,"turns":7}],"seed_played":"-2203306021328119224","potions_obtained":[{"floor":1,"key":"EssenceOfSteel"},{"floor":5,"key":"Regen Potion"},{"floor":8,"key":"Swift Potion"},{"floor":14,"key":"LiquidBronze"},{"floor":18,"key":"SkillPotion"},{"floor":21,"key":"Fruit Juice"},{"floor":24,"key":"Fire Potion"},{"floor":25,"key":"Explosive Potion"},{"floor":28,"key":"EssenceOfSteel"},{"floor":30,"key":"BloodPotion"}],"is_trial":false,"path_per_floor":["M","?","$","?","M","E","M","E","T","M","M","R","M","E","R","B",null,"M","?","?","M","$","R","M","E","T","R","M","R","M","$","R","B"],"character_chosen":"IRONCLAD","items_purchased":["Heavy Blade","Shrug It Off","Pocketwatch","Pummel"],"campfire_rested":1,"item_purchase_floors":[22,22,31,31],"current_hp_per_floor":[80,80,80,80,80,80,80,59,59,67,63,63,66,72,72,80,80,67,67,67,35,35,35,34,30,30,30,15,40,48,48,48,0],"gold":15,"neow_bonus":"THREE_ENEMY_KILL","is_prod":false,"is_daily":false,"chose_seed":false,"campfire_upgraded":5,"win_rate":0,"timestamp":1547702164,"path_taken":["M","?","$","?","M","E","M","E","T","M","?","R","M","E","R","BOSS","M","?","?","M","$","R","M","E","T","R","M","R","M","?","R","BOSS"],"build_version":"2018-11-15","purchased_purges":0,"victory":false,"max_hp_per_floor":[80,80,80,80,80,80,80,80,80,80,80,80,80,80,80,80,80,80,80,80,80,80,80,85,85,85,85,85,85,85,85,85,85],"card_choices":[{"not_picked":["Reckless Charge","Anger"],"picked":"Flex","floor":1},{"not_picked":["Dropkick","Anger"],"picked":"Warcry","floor":5},{"not_picked":["Uppercut","Wild Strike"],"picked":"Shrug It Off","floor":6},{"not_picked":["Seeing Red","Thunderclap"],"picked":"Pummel","floor":7},{"not_picked":["Clothesline","Havoc","Rage"],"picked":"SKIP","floor":8},{"not_picked":["Shrug It Off","Havoc"],"picked":"Headbutt","floor":10},{"not_picked":["Intimidate","Uppercut"],"picked":"Flex","floor":11},{"not_picked":["Barricade","Iron Wave"],"picked":"Sword Boomerang","floor":13},{"not_picked":["Feel No Pain","Burning Pact","Wild Strike"],"picked":"SKIP","floor":14},{"not_picked":["Dark Embrace","Feed"],"picked":"Reaper","floor":16},{"not_picked":["Clothesline","Anger"],"picked":"Pummel","floor":18},{"not_picked":["Havoc","Headbutt"],"picked":"Armaments","floor":21},{"not_picked":["Bludgeon","Perfected Strike"],"picked":"Heavy Blade","floor":24},{"not_picked":["Warcry","Clothesline"],"picked":"Dual Wield","floor":25},{"not_picked":["Iron Wave","Wild Strike","Ghostly Armor"],"picked":"SKIP","floor":28},{"not_picked":["True Grit","Perfected Strike","Twin Strike"],"picked":"SKIP","floor":30}],"player_experience":295361,"relics_obtained":[{"floor":6,"key":"Bronze Scales"},{"floor":8,"key":"Blood Vial"},{"floor":9,"key":"Boot"},{"floor":14,"key":"Ice Cream"},{"floor":25,"key":"Frozen Egg 2"},{"floor":26,"key":"Ancient Tea Set"}],"event_choices":[{"cards_removed":["Strike_R"],"damage_healed":0,"gold_gain":0,"player_choice":"Card Removal","damage_taken":0,"max_hp_gain":0,"max_hp_loss":0,"event_name":"The Cleric","floor":2,"gold_loss":50},{"cards_removed":["Defend_R"],"damage_healed":0,"gold_gain":0,"player_choice":"Card Removal","damage_taken":0,"max_hp_gain":0,"max_hp_loss":0,"event_name":"Wheel of Change","floor":4,"gold_loss":0},{"damage_healed":0,"gold_gain":0,"player_choice":"Ignored","damage_taken":0,"max_hp_gain":0,"max_hp_loss":0,"event_name":"Ghosts","floor":19,"gold_loss":0},{"damage_healed":0,"gold_gain":0,"player_choice":"Obtain J.A.X.","damage_taken":0,"max_hp_gain":0,"max_hp_loss":0,"event_name":"Drug Dealer","floor":20,"gold_loss":0,"cards_obtained":["J.A.X."]}],"is_beta":false,"boss_relics":[{"not_picked":["Ectoplasm","Fusion Hammer"],"picked":"White Beast Statue"}],"items_purged_floors":[],"is_endless":false,"potions_floor_spawned":[1,5,8,14,18,21,24,25,28,30],"killed_by":"Champ","ascension_level":1}