{"gold_per_floor":[109,109,109,109,129,158,158,169,169,196,196,230,19,29,29,133,133,143,143,159,69,87,116,116,147,174,174,187,187,207,235,235,336,336,349,349,389,389,37,71,81,112,183,183,214,214,214,214,214,214,214,214,5,30,30],"floor_reached":56,"playtime":3081,"items_purged":[],"score":1604,"play_id":"5272c8cf-50a4-4652-a483-f802ed13e579","local_time":"20181202143533","is_ascension_mode":true,"campfire_choices":[{"data":"Hologram","floor":7,"key":"SMITH"},{"data":"Defragment","floor":11,"key":"SMITH"},{"data":"Apotheosis","floor":15,"key":"SMITH"},{"data":"Fission","floor":24,"key":"SMITH"},{"data":"Double Energy","floor":27,"key":"SMITH"},{"data":"Storm","floor":29,"key":"SMITH"},{"floor":32,"key":"REST"},{"floor":44,"key":"REST"},{"floor":49,"key":"RECALL"},{"data":"Capacitor","floor":52,"key":"SMITH"}],"neow_cost":"TEN_PERCENT_HP_LOSS","seed_source_timestamp":724690368619225,"circlet_count":0,"master_deck":["Defend_B","Defend_B","Defend_B+1","Zap+1","Dualcast","Hologram+1","Gash","Tempest","Leap","Turbo","Defragment+1","Leap","Apotheosis+1","Ball Lightning","Turbo","Hologram","Fission+1","Streamline+1","Meteor Strike+1","Stack+1","Double Energy+1","Cold Snap","Defragment+1","Thunder Strike","Conserve Battery+1","Glacier","Go for the Eyes","Storm+1","FTL","Steam Power+1","Fission","Leap+1","Conserve Battery+1","Jack Of All Trades","Leap","Mayhem","Capacitor+1","Coolheaded+1","Undo+1","Echo Form","Undo+1","Steam Power"],"relics":["Cracked Core","Ice Cream","Blue Candle","Symbiotic Virus","Du-Vu Doll","Prayer Wheel","Astrolabe","Pantograph","Centennial Puzzle","Bag of Marbles","Red Mask","Runic Dome","Strawberry","Potion Belt","The Courier","Happy Flower","Kunai","Juzu Bracelet","Bottled Tornado"],"potions_floor_usage":[23,23,31,55,55,55],"damage_taken":[{"damage":1,"enemies":"Jaw Worm","floor":1,"turns":3},{"damage":0,"enemies":"2 Louse","floor":5,"turns":1},{"damage":23,"enemies":"3 Sentries","floor":6,"turns":6},{"damage":0,"enemies":"Cultist","floor":8,"turns":3},{"damage":0,"enemies":"Lagavulin","floor":10,"turns":4},{"damage":10,"enemies":"Gremlin Nob","floor":12,"turns":3},{"damage":2,"enemies":"3 Louse","floor":14,"turns":3},{"damage":0,"enemies":"Hexaghost","floor":16,"turns":7},{"damage":0,"enemies":"Spheric Guardian","floor":18,"turns":2},{"damage":2,"enemies":"Chosen","floor":20,"turns":3},{"damage":12,"enemies":"Snake Plant","floor":22,"turns":3},{"damage":0,"enemies":"Gremlin Leader","floor":23,"turns":2},{"damage":8,"enemies":"Slavers","floor":25,"turns":4},{"damage":0,"enemies":"Cultist and Chosen","floor":28,"turns":4},{"damage":4,"enemies":"Centurion and Healer","floor":30,"turns":6},{"damage":0,"enemies":"Masked Bandits","floor":31,"turns":2},{"damage":0,"enemies":"Collector","floor":33,"turns":6},{"damage":0,"enemies":"3 Shapes","floor":35,"turns":4},{"damage":0,"enemies":"3 Darklings","floor":37,"turns":6},{"damage":0,"enemies":"Giant Head","floor":40,"turns":7},{"damage":2,"enemies":"Spire Growth","floor":41,"turns":4},{"damage":20,"enemies":"Reptomancer","floor":42,"turns":3},{"damage":0,"enemies":"Nemesis","floor":45,"turns":5},{"damage":1,"enemies":"Time Eater","floor":50,"turns":9},{"damage":9,"enemies":"Shield and Spear","floor":54,"turns":3},{"damage":19,"enemies":"The Heart","floor":55,"turns":7}],"seed_played":"4213760843061306265","potions_obtained":[{"floor":8,"key":"AttackPotion"},{"floor":14,"key":"Explosive Potion"},{"floor":16,"key":"FocusPotion"},{"floor":22,"key":"Weak Potion"},{"floor":30,"key":"Swift Potion"},{"floor":31,"key":"FearPotion"},{"floor":40,"key":"Weak Potion"},{"floor":42,"key":"Swift Potion"}],"is_trial":false,"path_per_floor":["M","?","?","?","M","E","R","M","T","E","R","E","$","M","R","B",null,"M","T","M","?","M","E","R","E","T","R","M","R","M","?","R","B",null,"M","?","M","T","$","E","M","E","T","R","E","?","?","?","R","B",null,"R","$","E","B",null],"character_chosen":"DEFECT","items_purchased":["Apotheosis","Ball Lightning","Mayhem","Capacitor","Potion Belt","Bottled Tornado"],"campfire_rested":2,"item_purchase_floors":[13,13,39,39,39,53],"current_hp_per_floor":[67,72,72,72,72,49,49,49,49,49,49,39,39,37,37,37,73,73,73,71,71,59,59,59,51,51,51,51,51,47,47,68,73,73,73,73,73,80,80,80,78,58,58,80,80,80,76,76,76,75,76,76,76,67,57],"gold":30,"neow_bonus":"ONE_RARE_RELIC","is_prod":false,"is_daily":false,"chose_seed":false,"campfire_upgraded":7,"win_rate":0,"timestamp":1543779333,"path_taken":["M","?","?","?","M","E","R","M","T","E","R","E","$","M","R","BOSS","M","?","M","?","M","E","R","E","T","R","?","R","?","?","R","BOSS","M","?","?","?","?","E","M","E","T","R","E","?","?","?","R","BOSS","R","$","E","BOSS"],"build_version":"2018-11-15","purchased_purges":0,"victory":true,"max_hp_per_floor":[68,73,73,73,73,73,73,73,73,73,73,73,73,73,73,73,73,73,73,73,73,73,73,73,73,73,73,73,73,73,73,73,73,73,73,73,73,80,80,80,80,80,80,80,80,80,76,76,76,76,76,76,76,76,76],"card_choices":[{"not_picked":["Stack","Beam Cell"],"picked":"Hologram","floor":1},{"not_picked":["Go for the Eyes","Hologram"],"picked":"Tempest","floor":5},{"not_picked":["Go for the Eyes","Genetic Algorithm"],"picked":"Leap","floor":6},{"not_picked":["Genetic Algorithm","Compile Driver"],"picked":"Turbo","floor":8},{"not_picked":["Beam Cell","Barrage"],"picked":"Defragment","floor":10},{"not_picked":["Streamline","Go for the Eyes"],"picked":"Leap","floor":12},{"not_picked":["Compile Driver","Lockon"],"picked":"Turbo","floor":14},{"not_picked":["Beam Cell","Compile Driver"],"picked":"Hologram","floor":14},{"not_picked":["Biased Cognition","Machine Learning"],"picked":"Fission","floor":16},{"not_picked":["Doom and Gloom","Beam Cell"],"picked":"Double Energy","floor":18},{"not_picked":["Compile Driver","Double Energy","Melter"],"picked":"SKIP","floor":18},{"not_picked":["Stack","Gash"],"picked":"Cold Snap","floor":20},{"not_picked":["Coolheaded","Hologram"],"picked":"Defragment+1","floor":20},{"not_picked":["Beam Cell","Aggregate"],"picked":"Thunder Strike","floor":22},{"not_picked":["Reprogram","Hologram","Beam Cell"],"picked":"SKIP","floor":22},{"not_picked":["Beam Cell+1","Creative AI"],"picked":"Conserve Battery+1","floor":23},{"not_picked":["Coolheaded","Darkness+1"],"picked":"Glacier","floor":25},{"not_picked":["Hologram","Beam Cell"],"picked":"Go for the Eyes","floor":28},{"not_picked":["Barrage","Hologram"],"picked":"Storm","floor":28},{"not_picked":["Go for the Eyes","Stack+1"],"picked":"FTL","floor":30},{"not_picked":["Darkness","Reinforced Body","Turbo"],"picked":"SKIP","floor":30},{"not_picked":["Aggregate","Streamline"],"picked":"Steam Power+1","floor":31},{"not_picked":["Multi-Cast","Rainbow"],"picked":"Fission","floor":33},{"not_picked":["Stack","Rebound+1"],"picked":"Leap+1","floor":35},{"not_picked":["Barrage+1","Gash+1"],"picked":"Conserve Battery+1","floor":35},{"not_picked":["Conserve Battery","Reprogram","Genetic Algorithm+1"],"picked":"SKIP","floor":37},{"not_picked":["Leap","Double Energy","Blizzard+1"],"picked":"SKIP","floor":37},{"not_picked":["Leap","Gash"],"picked":"Coolheaded+1","floor":40},{"not_picked":["Cold Snap","Gash"],"picked":"Undo+1","floor":41},{"not_picked":["Conserve Battery+1","Compile Driver+1"],"picked":"Echo Form","floor":41},{"not_picked":["Static Discharge","Leap"],"picked":"Undo+1","floor":42},{"not_picked":["Loop+1","Electrodynamics"],"picked":"Steam Power","floor":45},{"not_picked":["Rebound","Static Discharge","Stack"],"picked":"SKIP","floor":54}],"player_experience":3632891,"relics_obtained":[{"floor":6,"key":"Blue Candle"},{"floor":9,"key":"Symbiotic Virus"},{"floor":10,"key":"Du-Vu Doll"},{"floor":12,"key":"Prayer Wheel"},{"floor":23,"key":"Pantograph"},{"floor":25,"key":"Centennial Puzzle"},{"floor":26,"key":"Bag of Marbles"},{"floor":31,"key":"Red Mask"},{"floor":38,"key":"Strawberry"},{"floor":40,"key":"The Courier"},{"floor":42,"key":"Happy Flower"},{"floor":43,"key":"Kunai"},{"floor":45,"key":"Juzu Bracelet"}],"event_choices":[{"damage_healed":0,"gold_gain":0,"player_choice":"Donut","damage_taken":0,"max_hp_gain":5,"max_hp_loss":0,"event_name":"Big Fish","floor":2,"gold_loss":0},{"damage_healed":0,"gold_gain":0,"player_choice":"Grow","damage_taken":0,"max_hp_gain":0,"max_hp_loss":0,"event_name":"Living Wall","floor":3,"gold_loss":0,"cards_upgraded":["Zap"]},{"damage_healed":0,"gold_gain":0,"player_choice":"1 cards matched","damage_taken":0,"max_hp_gain":0,"max_hp_loss":0,"event_name":"Match and Keep!","floor":4,"gold_loss":0,"cards_obtained":["Gash"]},{"cards_removed":["Strike_B"],"damage_healed":0,"gold_gain":0,"player_choice":"Upgrade and Remove","damage_taken":0,"max_hp_gain":0,"max_hp_loss":0,"event_name":"Designer","floor":21,"gold_loss":90,"cards_upgraded":["Defend_B"]},{"damage_healed":0,"gold_gain":0,"player_choice":"Fought Bandits","damage_taken":0,"max_hp_gain":0,"max_hp_loss":0,"event_name":"Masked Bandits","floor":31,"gold_loss":0},{"damage_healed":0,"gold_gain":0,"player_choice":"2 cards matched","damage_taken":0,"max_hp_gain":0,"max_hp_loss":0,"event_name":"Match and Keep!","floor":36,"gold_loss":0,"cards_obtained":["Jack Of All Trades","Leap"]},{"cards_removed":["Defend_B"],"damage_healed":0,"gold_gain":0,"player_choice":"Removed Skill","damage_taken":0,"max_hp_gain":0,"max_hp_loss":0,"event_name":"Falling","floor":46,"gold_loss":0},{"damage_healed":0,"gold_gain":0,"player_choice":"Max HP","damage_taken":0,"max_hp_gain":0,"max_hp_loss":4,"event_name":"Winding Halls","floor":47,"gold_loss":0},{"damage_healed":0,"gold_gain":0,"player_choice":"Ignored","damage_taken":0,"max_hp_gain":0,"max_hp_loss":0,"event_name":"SecretPortal","floor":48,"gold_loss":0}],"is_beta":true,"boss_relics":[{"not_picked":["Philosopher\u0027s Stone","Snecko Eye"],"picked":"Astrolabe"},{"not_picked":["Fusion Hammer","Black Star"],"picked":"Runic Dome"}],"items_purged_floors":[],"is_endless":false,"potions_floor_spawned":[8,14,16,22,30,31,40,42],"ascension_level":1}