{"gold_per_floor":[112,125,141,23,23,58,71,71,95,95,108,127,127,127,127,223,223,242,254,179,454,474,474],"floor_reached":23,"playtime":1016,"items_purged":[],"score":193,"play_id":"d7c7ca50-f543-43dd-a07c-114c935a3056","local_time":"20190207175405","is_ascension_mode":false,"campfire_choices":[{"data":"Inflame","floor":8,"key":"SMITH"},{"data":"Heavy Blade","floor":10,"key":"SMITH"},{"data":"Spot Weakness","floor":13,"key":"SMITH"},{"data":"Pommel Strike","floor":15,"key":"SMITH"}],"neow_cost":"NONE","seed_source_timestamp":344142891200999,"circlet_count":0,"master_deck":["Strike_R","Strike_R","Defend_R","Defend_R","Defend_R","Defend_R","Bash","Feel No Pain","Pommel Strike+1","Twin Strike","Heavy Blade+1","Inflame+1","Double Tap","Pommel Strike+1","Shrug It Off","Spot Weakness+1","Limit Break","Clothesline","Flame Barrier","Regret","Heavy Blade"],"relics":["Burning Blood","NeowsBlessing","Ancient Tea Set","Blood Vial","Boot","Empty Cage"],"potions_floor_usage":[6,11,16,16,18,19],"damage_taken":[{"damage":0,"enemies":"2 Louse","floor":1,"turns":1},{"damage":0,"enemies":"Small Slimes","floor":2,"turns":1},{"damage":0,"enemies":"Cultist","floor":3,"turns":1},{"damage":14,"enemies":"Gremlin Nob","floor":6,"turns":3},{"damage":7,"enemies":"Blue Slaver","floor":7,"turns":3},{"damage":5,"enemies":"Lots of Slimes","floor":11,"turns":3},{"damage":17,"enemies":"Exordium Thugs","floor":12,"turns":5},{"damage":3,"enemies":"Slime Boss","floor":16,"turns":6},{"damage":5,"enemies":"Spheric Guardian","floor":18,"turns":4},{"damage":21,"enemies":"2 Thieves","floor":19,"turns":4},{"damage":26,"enemies":"Cultist and Chosen","floor":22,"turns":5},{"damage":52,"enemies":"Book of Stabbing","floor":23,"turns":5}],"seed_played":"4860205977603754561","potions_obtained":[{"floor":2,"key":"SpeedPotion"},{"floor":3,"key":"Poison Potion"},{"floor":6,"key":"Strength Potion"},{"floor":7,"key":"FearPotion"},{"floor":16,"key":"Block Potion"},{"floor":18,"key":"Weak Potion"}],"is_trial":false,"path_per_floor":["M","M","M","$","?","E","M","R","T","R","M","M","R","?","R","B",null,"M","M","?","?","M","E"],"character_chosen":"IRONCLAD","items_purchased":["Heavy Blade","Inflame"],"campfire_rested":0,"item_purchase_floors":[4,4],"current_hp_per_floor":[80,80,80,80,80,72,71,71,71,71,74,65,65,53,53,58,80,80,65,65,65,47,0],"gold":474,"neow_bonus":"THREE_ENEMY_KILL","is_prod":false,"is_daily":false,"chose_seed":false,"campfire_upgraded":4,"win_rate":0.0,"timestamp":1549558445,"path_taken":["M","M","M","$","?","E","M","R","T","R","M","M","R","?","R","BOSS","M","M","?","?","?","E"],"build_version":"2019-01-23","purchased_purges":0,"victory":false,"max_hp_per_floor":[80,80,80,80,80,80,80,80,80,80,80,80,80,80,80,80,80,80,80,80,80,80,80],"card_choices":[{"not_picked":["Clash","Power Through"],"picked":"Feel No Pain","floor":1},{"not_picked":["Flex","Twin Strike"],"picked":"Pommel Strike","floor":2},{"not_picked":["Body Slam","Ghostly Armor"],"picked":"Twin Strike","floor":3},{"not_picked":["Flex","Warcry"],"picked":"Double Tap","floor":6},{"not_picked":["Feel No Pain","Second Wind"],"picked":"Pommel Strike","floor":7},{"not_picked":["Sword Boomerang","Warcry"],"picked":"Shrug It Off","floor":11},{"not_picked":["Flex","Reckless Charge"],"picked":"Spot Weakness","floor":12},{"not_picked":["Immolate","Brutality"],"picked":"Limit Break","floor":16},{"not_picked":["Burning Pact+1","Dual Wield"],"picked":"Clothesline","floor":18},{"not_picked":["Combust","Sentinel"],"picked":"Flame Barrier","floor":19},{"not_picked":["Searing Blow+1","Cleave"],"picked":"Heavy Blade","floor":22}],"player_experience":54118,"relics_obtained":[{"floor":6,"key":"Ancient Tea Set"},{"floor":9,"key":"Blood Vial"}],"event_choices":[{"damage_healed":0,"gold_gain":0,"player_choice":"Grow","damage_taken":0,"max_hp_gain":0,"max_hp_loss":0,"event_name":"Living Wall","floor":5,"gold_loss":0,"cards_upgraded":["Pommel Strike"]},{"damage_healed":0,"gold_gain":0,"player_choice":"Success","damage_taken":12,"relics_obtained":["Boot"],"max_hp_gain":0,"max_hp_loss":0,"event_name":"Scrap Ooze","floor":14,"gold_loss":0},{"cards_removed":["Strike_R"],"damage_healed":0,"gold_gain":0,"player_choice":"Gave Gold","damage_taken":0,"max_hp_gain":0,"max_hp_loss":0,"event_name":"Beggar","floor":20,"gold_loss":75},{"damage_healed":0,"gold_gain":275,"player_choice":"Desecrate","damage_taken":0,"max_hp_gain":0,"max_hp_loss":0,"event_name":"Golden Shrine","floor":21,"gold_loss":0,"cards_obtained":["Regret"]}],"is_beta":false,"boss_relics":[{"not_picked":["Eternal Feather","Calling Bell"],"picked":"Empty Cage"}],"items_purged_floors":[],"is_endless":false,"potions_floor_spawned":[2,3,6,7,16,18],"killed_by":"Book of Stabbing","ascension_level":0}