{"gold_per_floor":[116,116,41,60,72,72,102,102,126,141,171,171,198,198,198,198],"floor_reached":16,"playtime":328,"items_purged":[],"score":266,"play_id":"6e0796d6-a280-47bf-9c29-7a791efb250d","local_time":"20190207155343","is_ascension_mode":true,"campfire_choices":[{"data":"FTL","floor":6.0,"key":"SMITH"},{"data":"Zap","floor":8.0,"key":"SMITH"},{"floor":12,"key":"REST"},{"data":"Beam Cell","floor":15,"key":"SMITH"}],"neow_cost":"NONE","seed_source_timestamp":0,"circlet_count":0,"master_deck":["AscendersBane","Strike_B","Strike_B","Strike_B","Defend_B","Defend_B","Defend_B","Defend_B","Zap+1","Dualcast","FTL+1","Conserve Battery","Melter","Cold Snap","Beam Cell+1","Genetic Algorithm","Rip and Tear"],"special_seed":0,"relics":["Cracked Core","Lantern","Dream Catcher","PreservedInsect","Odd Mushroom","Potion Belt"],"potions_floor_usage":[13,13],"damage_taken":[{"damage":0.0,"enemies":"Cultist","floor":1.0,"turns":4.0},{"damage":0.0,"enemies":"2 Louse","floor":4.0,"turns":2.0},{"damage":0.0,"enemies":"Jaw Worm","floor":5.0,"turns":3.0},{"damage":40.0,"enemies":"Gremlin Nob","floor":7.0,"turns":5.0},{"damage":0,"enemies":"2 Fungi Beasts","floor":10,"turns":3},{"damage":19,"enemies":"The Mushroom Lair","floor":11,"turns":4},{"damage":0,"enemies":"Lagavulin","floor":13,"turns":3},{"damage":26,"enemies":"Slime Boss","floor":16,"turns":3}],"seed_played":"-879372172139350170","potions_obtained":[{"floor":5.0,"key":"Weak Potion"},{"floor":7.0,"key":"SteroidPotion"},{"floor":11,"key":"Energy Potion"}],"is_trial":false,"path_per_floor":["M","?","?","M","M","R","E","R","T","M","?","R","E","?","R","B"],"character_chosen":"DEFECT","items_purchased":[],"campfire_rested":1,"item_purchase_floors":[],"current_hp_per_floor":[71,60,60,60,60,60,20,20,20,20,1,24,24,13,13,0],"gold":198,"neow_bonus":"TEN_PERCENT_HP_BONUS","is_prod":false,"is_daily":false,"chose_seed":false,"campfire_upgraded":3,"win_rate":0,"timestamp":1549522423,"path_taken":["M","?","?","?","M","R","E","R","T","M","?","R","E","?","R","BOSS"],"build_version":"2019-01-23","purchased_purges":0,"victory":false,"max_hp_per_floor":[78,78,78,78,78,78,78,78,78,78,78,78,78,78,78,78],"card_choices":[{"not_picked":["Beam Cell","Cold Snap"],"picked":"FTL","floor":1.0},{"not_picked":["Aggregate","Scrape"],"picked":"Conserve Battery","floor":4.0},{"not_picked":["Compile Driver","Coolheaded","Leap"],"picked":"SKIP","floor":5.0},{"not_picked":["Reprogram","Consume"],"picked":"Melter","floor":7.0},{"not_picked":["Undo","Leap"],"picked":"Cold Snap","floor":10},{"not_picked":["Chill","Rebound"],"picked":"Beam Cell","floor":11},{"not_picked":["Leap","Redo"],"picked":"Genetic Algorithm","floor":12},{"not_picked":["Gash","Redo"],"picked":"Rip and Tear","floor":13}],"player_experience":1100624,"relics_obtained":[{"floor":7.0,"key":"Dream Catcher"},{"floor":9.0,"key":"PreservedInsect"},{"floor":11,"key":"Odd Mushroom"},{"floor":13,"key":"Potion Belt"}],"event_choices":[{"damage_healed":0.0,"max_hp_gain":0.0,"max_hp_loss":0.0,"gold_gain":0.0,"event_name":"Scrap Ooze","player_choice":"Success","floor":2.0,"gold_loss":0.0,"damage_taken":11.0,"relics_obtained":["Lantern"]},{"cards_removed":["Strike_B"],"damage_healed":0.0,"max_hp_gain":0.0,"max_hp_loss":0.0,"gold_gain":0.0,"event_name":"The Cleric","player_choice":"Card Removal","floor":3.0,"gold_loss":75.0,"damage_taken":0.0},{"damage_healed":0,"gold_gain":0,"player_choice":"Fought Mushrooms","damage_taken":0,"max_hp_gain":0,"max_hp_loss":0,"event_name":"Mushrooms","floor":11,"gold_loss":0},{"damage_healed":0,"gold_gain":0,"player_choice":"Damaged","damage_taken":11,"max_hp_gain":0,"max_hp_loss":0,"event_name":"Wheel of Change","floor":14,"gold_loss":0}],"is_beta":false,"boss_relics":[],"items_purged_floors":[],"is_endless":false,"potions_floor_spawned":[5,7,11],"killed_by":"Slime Boss","ascension_level":20}