{"gold_per_floor":[209,209,283,182,195,195,235,235,235,249,249,270,171,194,194,194],"floor_reached":16,"playtime":769,"items_purged":[],"score":130,"play_id":"62da8431-38ba-4e4f-bcf2-b24187ce6e81","local_time":"20190215132615","is_ascension_mode":true,"campfire_choices":[{"data":"All Out Attack","floor":6,"key":"SMITH"},{"floor":8,"key":"REST"},{"data":"Backflip","floor":11,"key":"SMITH"},{"data":"Neutralize","floor":15,"key":"SMITH"}],"neow_cost":"NONE","seed_source_timestamp":13242966627100,"circlet_count":0,"master_deck":["Defend_G","Defend_G","Defend_G","Defend_G","Defend_G","Strike_G","Strike_G","Strike_G","Strike_G","Strike_G","Survivor","Neutralize+1","Dash","Backflip+1","All Out Attack+1","Cloak And Dagger","Cloak And Dagger","Sucker Punch","PiercingWail","Infinite Blades","Infinite Blades"],"relics":["Ring of the Snake","Golden Idol","Boot","Question Card"],"potions_floor_usage":[],"damage_taken":[{"damage":0,"enemies":"Jaw Worm","floor":1,"turns":5},{"damage":0,"enemies":"2 Louse","floor":5,"turns":2},{"damage":42,"enemies":"Gremlin Nob","floor":7,"turns":6},{"damage":0,"enemies":"Cultist","floor":10,"turns":3},{"damage":6,"enemies":"Exordium Wildlife","floor":12,"turns":5},{"damage":0,"enemies":"2 Fungi Beasts","floor":14,"turns":2},{"damage":22,"enemies":"The Guardian","floor":16,"turns":2}],"seed_played":"-6123081768494459385","potions_obtained":[{"floor":1,"key":"Ancient Potion"},{"floor":10,"key":"GhostInAJar"},{"floor":12,"key":"LiquidBronze"}],"is_trial":false,"path_per_floor":["M","?","?","$","M","R","E","R","T","M","R","M","$","M","R","B"],"character_chosen":"THE_SILENT","items_purchased":["Backflip","All Out Attack","PiercingWail","Infinite Blades"],"campfire_rested":1,"item_purchase_floors":[4,4,13,13],"current_hp_per_floor":[63,46,46,46,46,46,4,25,25,25,25,19,19,19,19,0],"gold":194,"neow_bonus":"HUNDRED_GOLD","is_prod":false,"is_daily":false,"chose_seed":false,"campfire_upgraded":3,"win_rate":0,"timestamp":1550233575,"path_taken":["M","?","?","?","M","R","E","R","T","?","R","M","$","M","R","BOSS"],"build_version":"2019-01-23","purchased_purges":0,"victory":false,"max_hp_per_floor":[70,70,70,70,70,70,70,70,70,70,70,70,70,70,70,70],"card_choices":[{"not_picked":["Bouncing Flask","Bane"],"picked":"Dash","floor":1},{"not_picked":["Dagger Throw","Deflect"],"picked":"Cloak And Dagger","floor":5},{"not_picked":["Poisoned Stab","Flechettes","Bane"],"picked":"SKIP","floor":7},{"not_picked":["Quick Slash","Dagger Throw","Distraction"],"picked":"Cloak And Dagger","floor":10},{"not_picked":["Poisoned Stab","Prepared","Outmaneuver"],"picked":"Sucker Punch","floor":12},{"not_picked":["All Out Attack","Sucker Punch","Dodge and Roll"],"picked":"Infinite Blades","floor":14}],"player_experience":178262,"relics_obtained":[{"floor":7,"key":"Boot"},{"floor":9,"key":"Question Card"}],"event_choices":[{"damage_healed":0,"gold_gain":0,"player_choice":"Take Damage","damage_taken":17,"relics_obtained":["Golden Idol"],"max_hp_gain":0,"max_hp_loss":0,"event_name":"Golden Idol","floor":2,"gold_loss":0},{"damage_healed":0,"gold_gain":74,"player_choice":"Gained Gold","damage_taken":0,"max_hp_gain":0,"max_hp_loss":0,"event_name":"Golden Wing","floor":3,"gold_loss":0}],"is_beta":false,"boss_relics":[],"items_purged_floors":[],"is_endless":false,"potions_floor_spawned":[1,10,12],"killed_by":"The Guardian","ascension_level":6}