{"gold_per_floor":[119,119,119,138,138,173,187,187,187,226,241,280,1,14,14,14],"floor_reached":16,"playtime":442,"items_purged":[],"score":240,"play_id":"1a1e6be5-2294-4a03-a545-02b21af56f0b","local_time":"20190220150846","is_ascension_mode":true,"campfire_choices":[{"floor":8.0,"key":"REST"},{"data":"Barricade","floor":15.0,"key":"SMITH"}],"neow_cost":"NONE","seed_source_timestamp":581075767239153,"circlet_count":0,"master_deck":["AscendersBane","Strike_R","Strike_R","Strike_R","Strike_R","Strike_R","Defend_R","Defend_R","Defend_R","Defend_R","Bash","Heavy Blade","Exhume","Reaper+1","Clothesline+1","Barricade+1","Twin Strike+1","Ghostly Armor","Iron Wave+1"],"special_seed":0,"relics":["Burning Blood","Golden Idol","Molten Egg 2","Mercury Hourglass","Oddly Smooth Stone","Matryoshka","Paper Frog"],"potions_floor_usage":[16],"damage_taken":[{"damage":7.0,"enemies":"Small Slimes","floor":1.0,"turns":4.0},{"damage":14.0,"enemies":"Jaw Worm","floor":4.0,"turns":4.0},{"damage":8.0,"enemies":"Gremlin Nob","floor":6.0,"turns":3.0},{"damage":7.0,"enemies":"Cultist","floor":7.0,"turns":4.0},{"damage":38.0,"enemies":"3 Sentries","floor":10.0,"turns":7.0},{"damage":16.0,"enemies":"Looter","floor":11.0,"turns":4.0},{"damage":10.0,"enemies":"Gremlin Nob","floor":12.0,"turns":3.0},{"damage":13.0,"enemies":"3 Louse","floor":14.0,"turns":3.0},{"damage":73,"enemies":"Hexaghost","floor":16,"turns":13}],"seed_played":"-2476569727121996648","potions_obtained":[{"floor":5.0,"key":"SteroidPotion"},{"floor":5.0,"key":"Poison Potion"},{"floor":7.0,"key":"Block Potion"},{"floor":10.0,"key":"GamblersBrew"},{"floor":11.0,"key":"Strength Potion"},{"floor":14.0,"key":"Block Potion"}],"is_trial":false,"path_per_floor":["M","?","T","M","?","E","M","R","T","E","M","E","$","M","R","B"],"character_chosen":"IRONCLAD","items_purchased":["Paper Frog"],"campfire_rested":1,"item_purchase_floors":[13],"current_hp_per_floor":[74,46,46,38,38,36,40,64,64,62,64,70,70,66,66,0],"gold":14,"neow_bonus":"TEN_PERCENT_HP_BONUS","is_prod":false,"is_daily":false,"chose_seed":false,"campfire_upgraded":1,"win_rate":0,"timestamp":1550642926,"path_taken":["M","?","?","M","?","E","M","R","T","E","M","E","$","?","R","BOSS"],"build_version":"2019-01-23","purchased_purges":0,"victory":false,"max_hp_per_floor":[82,82,82,82,82,82,82,82,82,82,82,82,82,82,82,82],"card_choices":[{"not_picked":["Clothesline","True Grit"],"picked":"Heavy Blade","floor":1.0},{"not_picked":["Armaments","Iron Wave+1"],"picked":"Exhume","floor":4.0},{"not_picked":["Iron Wave+1","Cleave+1"],"picked":"Reaper+1","floor":6.0},{"not_picked":["Wild Strike+1","Power Through"],"picked":"Clothesline+1","floor":7.0},{"not_picked":["Armaments","Havoc"],"picked":"Barricade","floor":10.0},{"not_picked":["Whirlwind+1","Anger+1"],"picked":"Twin Strike+1","floor":11.0},{"not_picked":["True Grit","Shockwave"],"picked":"Ghostly Armor","floor":12.0},{"not_picked":["Evolve","Bloodletting"],"picked":"Iron Wave+1","floor":14.0}],"player_experience":1145909,"relics_obtained":[{"floor":3.0,"key":"Molten Egg 2"},{"floor":6.0,"key":"Mercury Hourglass"},{"floor":10.0,"key":"Oddly Smooth Stone"},{"floor":12.0,"key":"Matryoshka"}],"event_choices":[{"damage_healed":0.0,"max_hp_gain":0.0,"max_hp_loss":0.0,"gold_gain":0.0,"event_name":"Golden Idol","player_choice":"Take Damage","floor":2.0,"gold_loss":0.0,"damage_taken":28.0,"relics_obtained":["Golden Idol"]},{"damage_healed":0.0,"max_hp_gain":0.0,"max_hp_loss":0.0,"gold_gain":0.0,"event_name":"Lab","player_choice":"Got Potions","floor":5.0,"gold_loss":0.0,"damage_taken":0.0}],"is_beta":false,"boss_relics":[],"items_purged_floors":[],"is_endless":false,"potions_floor_spawned":[7,10,11,14],"killed_by":"Hexaghost","ascension_level":20}