{"gold_per_floor":[117,25,36,111,124,124,155,155,155,155,184,197,230,244,244,349,349,363,363,382,400,54,85,85,112,137,37,50,82,182,194,194,295,295,315,315,415,428,58,83,132,59,59,59,87,87,101,126,126,126,126,126,1,34,34],"floor_reached":56,"playtime":6126,"items_purged":["Strike_G","Strike_G","Strike_G"],"score":1685,"play_id":"f21d1eb3-655b-44d2-8194-3c2eb9913700","local_time":"20190222052818","is_ascension_mode":true,"campfire_choices":[{"data":"Neutralize","floor":6,"key":"SMITH"},{"data":"Footwork","floor":8,"key":"SMITH"},{"data":"Infinite Blades","floor":10,"key":"SMITH"},{"data":"Infinite Blades","floor":15,"key":"SMITH"},{"data":"Accuracy","floor":24,"key":"SMITH"},{"data":"Dash","floor":32,"key":"SMITH"},{"data":"Deflect","floor":44,"key":"SMITH"},{"data":"After Image","floor":46,"key":"SMITH"},{"floor":49,"key":"RECALL"},{"floor":52,"key":"DIG"}],"neow_cost":"NONE","seed_source_timestamp":801348008732433,"circlet_count":0,"master_deck":["Defend_G","Defend_G","Defend_G","Defend_G","Strike_G","Strike_G","Survivor","Neutralize+1","Backstab","Footwork+1","Sucker Punch","Deflect","Infinite Blades+1","Accuracy+1","Footwork","Dash+1","Infinite Blades+1","Skewer","Dagger Spray","Deflect+1","After Image+1","Backstab","Cloak And Dagger","Leg Sweep+1","Blade Dance","Infinite Blades","Backstab+1","Dash+1","PiercingWail","Accuracy","Well Laid Plans","Terror","Malaise","Crippling Poison+1","Leg Sweep","Dodge and Roll+1","Apotheosis","Blur+1","Caltrops+1","Adrenaline","Accuracy+1","Infinite Blades+1"],"relics":["Ring of the Snake","Mercury Hourglass","Lantern","Prayer Wheel","Orichalcum","Coffee Dripper","MealTicket","Thread and Needle","Bottled Flame","Vajra","Pear","WingedGreaves","Bottled Lightning","WristBlade","Shovel","Sling","Mummified Hand","Ice Cream","Ancient Tea Set","Snake Skull","Letter Opener","Art of War"],"potions_floor_usage":[7,11,16,23,25,30,37,41,55,55,55],"damage_taken":[{"damage":0,"enemies":"Cultist","floor":1,"turns":4},{"damage":0,"enemies":"2 Louse","floor":3,"turns":3},{"damage":0,"enemies":"Jaw Worm","floor":5,"turns":4},{"damage":17,"enemies":"3 Sentries","floor":7,"turns":7},{"damage":4,"enemies":"Lagavulin","floor":11,"turns":6},{"damage":0,"enemies":"Exordium Thugs","floor":12,"turns":4},{"damage":10,"enemies":"3 Sentries","floor":13,"turns":5},{"damage":2,"enemies":"Red Slaver","floor":14,"turns":3},{"damage":4,"enemies":"Hexaghost","floor":16,"turns":10},{"damage":0,"enemies":"Spheric Guardian","floor":18,"turns":3},{"damage":0,"enemies":"3 Byrds","floor":20,"turns":3},{"damage":0,"enemies":"Cultist and Chosen","floor":21,"turns":5},{"damage":8,"enemies":"Slavers","floor":23,"turns":5},{"damage":0,"enemies":"Gremlin Leader","floor":25,"turns":6},{"damage":0,"enemies":"Centurion and Healer","floor":28,"turns":5},{"damage":0,"enemies":"Book of Stabbing","floor":29,"turns":5},{"damage":0,"enemies":"Colosseum Slavers","floor":30,"turns":3},{"damage":0,"enemies":"Colosseum Nobs","floor":30,"turns":3},{"damage":0,"enemies":"Sentry and Sphere","floor":31,"turns":4},{"damage":11,"enemies":"Collector","floor":33,"turns":8},{"damage":0,"enemies":"3 Darklings","floor":35,"turns":6},{"damage":26,"enemies":"Mind Bloom Boss Battle","floor":37,"turns":4},{"damage":0,"enemies":"3 Shapes","floor":38,"turns":2},{"damage":0,"enemies":"Giant Head","floor":40,"turns":6},{"damage":2,"enemies":"2 Orb Walkers","floor":41,"turns":3},{"damage":7,"enemies":"Nemesis","floor":45,"turns":5},{"damage":0,"enemies":"Transient","floor":47,"turns":5},{"damage":0,"enemies":"Reptomancer","floor":48,"turns":5},{"damage":0,"enemies":"Time Eater","floor":50,"turns":7},{"damage":0,"enemies":"Shield and Spear","floor":54,"turns":5},{"damage":24,"enemies":"The Heart","floor":55,"turns":8}],"seed_played":"-3714137619146844479","potions_obtained":[{"floor":1,"key":"PowerPotion"},{"floor":3,"key":"Swift Potion"},{"floor":7,"key":"Dexterity Potion"},{"floor":16,"key":"Fire Potion"},{"floor":18,"key":"PowerPotion"},{"floor":21,"key":"SmokeBomb"},{"floor":29,"key":"SteroidPotion"},{"floor":31,"key":"Regen Potion"},{"floor":35,"key":"SkillPotion"},{"floor":37,"key":"Energy Potion"},{"floor":41,"key":"Dexterity Potion"}],"is_trial":false,"path_per_floor":["M","$","M","?","M","R","E","R","T","R","E","M","E","M","R","B",null,"M","?","M","M","$","E","R","E","T","$","M","E","?","M","R","B",null,"M","?","?","M","$","E","?","$","T","R","E","R","M","E","R","B",null,"R","$","E","B",null],"character_chosen":"THE_SILENT","items_purchased":["Footwork","Sucker Punch","MealTicket","Infinite Blades","Apotheosis","Sling","GhostInAJar"],"campfire_rested":0,"item_purchase_floors":[2,2,22,22,39,39,42],"current_hp_per_floor":[77,77,77,66,66,66,49,49,49,49,45,45,35,33,33,29,77,77,77,77,77,77,69,69,69,69,77,77,87,87,87,87,76,87,87,87,61,61,76,76,74,74,74,74,67,67,67,67,67,67,87,87,87,87,75],"gold":34,"neow_bonus":"TEN_PERCENT_HP_BONUS","is_prod":false,"is_daily":false,"chose_seed":false,"campfire_upgraded":8,"win_rate":0,"timestamp":1550842098,"path_taken":["M","?","M","?","M","R","E","R","T","R","E","M","E","?","R","BOSS","M","?","M","?","$","E","R","E","T","$","M","E","?","M","R","BOSS","M","?","?","M","$","E","?","?","T","R","E","R","M","E","R","BOSS","R","$","E","BOSS"],"build_version":"2019-01-23","purchased_purges":3,"victory":true,"max_hp_per_floor":[77,77,77,77,77,77,77,77,77,77,77,77,77,77,77,77,77,77,77,77,77,77,77,77,77,77,77,77,87,87,87,87,87,87,87,87,87,87,87,87,87,87,87,87,87,87,87,87,87,87,87,87,87,87,87],"card_choices":[{"not_picked":["Bane","Escape Plan"],"picked":"Backstab","floor":1},{"not_picked":["Acrobatics","Backflip"],"picked":"Deflect","floor":3},{"not_picked":["Outmaneuver","Sucker Punch"],"picked":"Infinite Blades","floor":5},{"not_picked":["Night Terror","Skewer"],"picked":"Accuracy","floor":7},{"not_picked":["Backflip","Slice"],"picked":"Footwork","floor":11},{"not_picked":["Skewer","Underhanded Strike"],"picked":"Dash","floor":12},{"not_picked":["Caltrops","Outmaneuver"],"picked":"Infinite Blades","floor":12},{"not_picked":["Bouncing Flask","Caltrops"],"picked":"Skewer","floor":13},{"not_picked":["Prepared","Bane"],"picked":"Dagger Spray","floor":14},{"not_picked":["Tactician","Dagger Spray"],"picked":"Deflect","floor":14},{"not_picked":["A Thousand Cuts","Malaise"],"picked":"After Image","floor":16},{"not_picked":["Dagger Spray","Dodge and Roll"],"picked":"Backstab","floor":18},{"not_picked":["Predator","Flying Knee"],"picked":"Cloak And Dagger","floor":18},{"not_picked":["Quick Slash","Deflect+1"],"picked":"Leg Sweep+1","floor":20},{"not_picked":["Calculated Gamble","Leg Sweep","Outmaneuver"],"picked":"SKIP","floor":20},{"not_picked":["Distraction+1","Cloak And Dagger"],"picked":"Blade Dance","floor":21},{"not_picked":["Masterful Stab","Outmaneuver","Concentrate"],"picked":"SKIP","floor":21},{"not_picked":["Tactician+1","Cloak And Dagger"],"picked":"Backstab+1","floor":23},{"not_picked":["PiercingWail+1","Phantasmal Killer"],"picked":"Dash+1","floor":25},{"not_picked":["Skewer","Leg Sweep"],"picked":"PiercingWail","floor":28},{"not_picked":["Underhanded Strike","Deflect","Expertise+1"],"picked":"SKIP","floor":28},{"not_picked":["Riddle With Holes+1","Dagger Spray"],"picked":"Accuracy","floor":29},{"not_picked":["Bane+1","Cloak And Dagger"],"picked":"Well Laid Plans","floor":30},{"not_picked":["Well Laid Plans","Riddle With Holes"],"picked":"Terror","floor":31},{"not_picked":["Bane","Outmaneuver","Acrobatics"],"picked":"SKIP","floor":31},{"not_picked":["Night Terror","After Image"],"picked":"Malaise","floor":33},{"not_picked":["Deflect","Poisoned Stab"],"picked":"Crippling Poison+1","floor":35},{"not_picked":["Predator+1","Underhanded Strike","Dagger Throw"],"picked":"SKIP","floor":35},{"not_picked":["Dagger Throw+1","Acrobatics+1"],"picked":"Leg Sweep","floor":37},{"not_picked":["Flechettes+1","Flying Knee"],"picked":"Dodge and Roll+1","floor":38},{"not_picked":["Sucker Punch","Deadly Poison","Bane"],"picked":"SKIP","floor":38},{"not_picked":["Acrobatics","Slice+1"],"picked":"Blur+1","floor":40},{"not_picked":["Underhanded Strike+1","Setup+1"],"picked":"Caltrops+1","floor":41},{"not_picked":["Skewer+1","Choke"],"picked":"Adrenaline","floor":45},{"not_picked":["Blade Dance+1","Leg Sweep"],"picked":"Accuracy+1","floor":47},{"not_picked":["Deadly Poison","Setup","Sucker Punch+1"],"picked":"SKIP","floor":47},{"not_picked":["Dodge and Roll+1","Bullet Time"],"picked":"Infinite Blades+1","floor":48},{"not_picked":["Escape Plan","Underhanded Strike+1","Poisoned Stab+1"],"picked":"SKIP","floor":54}],"player_experience":283792,"relics_obtained":[{"floor":7,"key":"Mercury Hourglass"},{"floor":9,"key":"Lantern"},{"floor":11,"key":"Prayer Wheel"},{"floor":13,"key":"Orichalcum"},{"floor":23,"key":"Thread and Needle"},{"floor":25,"key":"Bottled Flame"},{"floor":26,"key":"Vajra"},{"floor":29,"key":"Pear"},{"floor":30,"key":"WingedGreaves"},{"floor":30,"key":"Bottled Lightning"},{"floor":37,"key":"Shovel"},{"floor":40,"key":"Mummified Hand"},{"floor":41,"key":"Ice Cream"},{"floor":45,"key":"Ancient Tea Set"},{"floor":48,"key":"Snake Skull"},{"floor":52,"key":"Letter Opener"},{"floor":54,"key":"Art of War"}],"event_choices":[{"damage_healed":0,"gold_gain":75,"player_choice":"Gather Gold","damage_taken":11,"max_hp_gain":0,"max_hp_loss":0,"event_name":"World of Goop","floor":4,"gold_loss":0},{"damage_healed":0,"gold_gain":0,"player_choice":"Bought 0 Potions","damage_taken":0,"max_hp_gain":0,"max_hp_loss":0,"event_name":"The Woman in Blue","floor":19,"gold_loss":0},{"damage_healed":0,"gold_gain":0,"player_choice":"Fight","damage_taken":0,"max_hp_gain":0,"max_hp_loss":0,"event_name":"Colosseum","floor":30,"gold_loss":0},{"damage_healed":0,"gold_gain":0,"player_choice":"Fought Nobs","damage_taken":0,"max_hp_gain":0,"max_hp_loss":0,"event_name":"Colosseum","floor":30,"gold_loss":0},{"cards_removed":["Defend_G"],"damage_healed":0,"gold_gain":0,"player_choice":"Removed Skill","damage_taken":0,"max_hp_gain":0,"max_hp_loss":0,"event_name":"Falling","floor":36,"gold_loss":0},{"damage_healed":0,"gold_gain":0,"player_choice":"Fight","damage_taken":0,"max_hp_gain":0,"max_hp_loss":0,"event_name":"MindBloom","floor":37,"gold_loss":0},{"damage_healed":0,"gold_gain":0,"player_choice":"Fight","damage_taken":0,"max_hp_gain":0,"max_hp_loss":0,"event_name":"Mysterious Sphere","floor":41,"gold_loss":0}],"is_beta":false,"boss_relics":[{"not_picked":["HoveringKite","White Beast Statue"],"picked":"Coffee Dripper"},{"not_picked":["Busted Crown","Eternal Feather"],"picked":"WristBlade"}],"items_purged_floors":[22,27,53],"is_endless":false,"potions_floor_spawned":[1,3,7,16,18,21,29,30,31,35,37,41],"ascension_level":3}