{"gold_per_floor":[143,143,155,3,18,18,51,51,51,61,86,86,106,133,133,235,235,248,163,163,174,174,204,204,232,256,281,12,38,53,69,69,169,169,189,189,199,21,21,21,46,58,58,88,106,106,106,136,136,136,136,136,61,94,94],"floor_reached":56,"playtime":4301,"items_purged":["Sever Soul"],"score":1516,"play_id":"81f390c7-5ee5-4d83-8f17-fdee5b035ad9","local_time":"20181202005340","is_ascension_mode":true,"campfire_choices":[{"data":"Mayhem","floor":6,"key":"SMITH"},{"data":"True Grit","floor":8,"key":"SMITH"},{"data":"Anger","floor":12,"key":"SMITH"},{"data":"Clothesline","floor":15,"key":"SMITH"},{"data":"Havoc","floor":24,"key":"SMITH"},{"data":"Brutality","floor":32,"key":"SMITH"},{"data":"Mayhem","floor":40,"key":"SMITH"},{"data":"Barricade","floor":47,"key":"SMITH"},{"floor":49,"key":"RECALL"},{"data":"Evolve","floor":52,"key":"SMITH"}],"neow_cost":"NONE","seed_source_timestamp":674053616792990,"circlet_count":0,"master_deck":["Bash+1","Infernal Blade","Regret","Mayhem+1","True Grit+1","Anger+1","Clothesline+1","Brutality+1","Searing Blow+1","Pummel","Twin Strike","Heavy Blade","Havoc+1","Body Slam","Iron Wave","Flex","Mayhem+1","Battle Trance+1","Ghostly","Ghostly","Ghostly","Ghostly","Ghostly","Shrug It Off","True Grit+1","Rage+1","Shrug It Off+1","Evolve+1","Havoc+1","Barricade+1","True Grit+1","Mayhem+1","PanicButton+1","PanicButton+1","Master of Strategy+1","Entrench+1","Shrug It Off+1","Anger+1","Battle Trance+1","True Grit+1","Demon Form"],"relics":["Burning Blood","Tiny Chest","MawBank","Pen Nib","StoneCalendar","Pear","Ancient Tea Set","Ornamental Fan","Pandora\u0027s Box","Omamori","Matryoshka","Toxic Egg 2","Centennial Puzzle","Smiling Mask","Pantograph","Kunai","Du-Vu Doll","Mark of Pain","Whetstone","Strawberry","Juzu Bracelet","Boot","Art of War"],"potions_floor_usage":[14,23,25,55,55,55],"damage_taken":[{"damage":5,"enemies":"Jaw Worm","floor":1,"turns":5},{"damage":3,"enemies":"Cultist","floor":5,"turns":4},{"damage":25,"enemies":"Gremlin Nob","floor":7,"turns":5},{"damage":2,"enemies":"Small Slimes","floor":10,"turns":2},{"damage":21,"enemies":"Lagavulin","floor":11,"turns":7},{"damage":4,"enemies":"Gremlin Gang","floor":13,"turns":5},{"damage":7,"enemies":"Gremlin Nob","floor":14,"turns":3},{"damage":18,"enemies":"Slime Boss","floor":16,"turns":7},{"damage":31,"enemies":"2 Thieves","floor":18,"turns":4},{"damage":10,"enemies":"Shell Parasite","floor":21,"turns":3},{"damage":6,"enemies":"Slavers","floor":23,"turns":7},{"damage":23,"enemies":"Book of Stabbing","floor":25,"turns":6},{"damage":7,"enemies":"Gremlin Leader","floor":27,"turns":7},{"damage":7,"enemies":"Book of Stabbing","floor":29,"turns":7},{"damage":2,"enemies":"Centurion and Healer","floor":30,"turns":7},{"damage":8,"enemies":"Snecko","floor":31,"turns":5},{"damage":26,"enemies":"Collector","floor":33,"turns":10},{"damage":4,"enemies":"Orb Walker","floor":35,"turns":4},{"damage":7,"enemies":"3 Darklings","floor":37,"turns":6},{"damage":10,"enemies":"Reptomancer","floor":41,"turns":7},{"damage":7,"enemies":"Transient","floor":42,"turns":5},{"damage":6,"enemies":"Nemesis","floor":44,"turns":7},{"damage":5,"enemies":"Jaw Worm Horde","floor":45,"turns":6},{"damage":7,"enemies":"Giant Head","floor":48,"turns":8},{"damage":26,"enemies":"Awakened One","floor":50,"turns":9},{"damage":11,"enemies":"Shield and Spear","floor":54,"turns":7},{"damage":20,"enemies":"The Heart","floor":55,"turns":9}],"seed_played":"3088797281825362824","potions_obtained":[{"floor":7,"key":"LiquidBronze"},{"floor":11,"key":"SteroidPotion"},{"floor":13,"key":"Regen Potion"},{"floor":14,"key":"EssenceOfSteel"},{"floor":18,"key":"Energy Potion"},{"floor":25,"key":"Dexterity Potion"},{"floor":30,"key":"Weak Potion"}],"is_trial":false,"path_per_floor":["M","?","T","$","M","R","E","R","T","M","E","R","M","E","R","B",null,"M","?","?","M","?","E","R","E","T","E","$","E","M","M","R","B",null,"M","?","M","$","?","R","E","M","T","E","M","?","R","E","R","B",null,"R","$","E","B",null],"character_chosen":"IRONCLAD","items_purchased":["Mayhem","Kunai","Shrug It Off+1","Mayhem","True Grit+1"],"campfire_rested":0,"item_purchase_floors":[4,28,28,38,53],"current_hp_per_floor":[80,80,80,80,80,80,61,61,71,78,63,63,68,67,67,55,96,74,74,74,73,51,54,54,49,49,48,48,50,57,55,55,43,63,63,63,62,62,52,52,48,47,54,54,55,55,55,54,54,50,70,70,70,65,56],"gold":94,"neow_bonus":"RANDOM_COMMON_RELIC","is_prod":false,"is_daily":false,"chose_seed":false,"campfire_upgraded":9,"win_rate":0,"timestamp":1543730020,"path_taken":["M","?","?","?","M","R","E","R","T","?","E","R","M","E","R","BOSS","M","?","?","?","?","E","R","E","T","E","$","E","M","M","R","BOSS","M","?","M","$","?","R","E","M","T","E","M","?","R","E","R","BOSS","R","$","E","BOSS"],"build_version":"2018-11-15","purchased_purges":1,"victory":true,"max_hp_per_floor":[80,80,80,80,80,80,80,80,90,93,93,93,96,96,96,96,96,99,99,99,102,51,54,54,54,54,54,54,57,60,60,60,63,63,63,63,63,63,63,63,63,63,70,70,70,70,70,70,70,70,70,70,70,70,70],"card_choices":[{"not_picked":["Cleave","Twin Strike"],"picked":"Infernal Blade","floor":1},{"not_picked":["Flex","Dual Wield"],"picked":"True Grit","floor":5},{"not_picked":["Sever Soul","Wild Strike"],"picked":"Feed","floor":7},{"not_picked":["Havoc","Headbutt"],"picked":"Anger","floor":10},{"not_picked":["Clash","Perfected Strike","Flex"],"picked":"SKIP","floor":11},{"not_picked":["Infernal Blade","Blood for Blood"],"picked":"Clothesline","floor":13},{"not_picked":["Sword Boomerang","Twin Strike","Entrench"],"picked":"SKIP","floor":14},{"not_picked":["Bludgeon","Impervious"],"picked":"Brutality","floor":16},{"not_picked":["Bloodletting","Twin Strike","Iron Wave"],"picked":"SKIP","floor":18},{"not_picked":["Hemokinesis","Dropkick"],"picked":"Battle Trance+1","floor":21},{"not_picked":["Ghostly Armor","Heavy Blade"],"picked":"Shrug It Off","floor":23},{"not_picked":["Wild Strike+1","Cleave"],"picked":"True Grit+1","floor":25},{"not_picked":["Iron Wave","Carnage"],"picked":"Rage+1","floor":27},{"not_picked":["Hemokinesis","Cleave+1"],"picked":"Evolve","floor":29},{"not_picked":["Flex+1","Combust","Body Slam+1"],"picked":"SKIP","floor":30},{"not_picked":["Sword Boomerang","Clash"],"picked":"Havoc+1","floor":31},{"not_picked":["Impervious+1","Fiend Fire"],"picked":"Barricade","floor":33},{"not_picked":["Clash+1","Shrug It Off+1"],"picked":"True Grit+1","floor":35},{"not_picked":["Sword Boomerang","Dropkick","Bloodletting+1"],"picked":"SKIP","floor":37},{"not_picked":["Sadistic Nature","Magnetism"],"picked":"PanicButton+1","floor":39},{"not_picked":["Dramatic Entrance","Purity+1"],"picked":"PanicButton+1","floor":39},{"not_picked":["HandOfGreed","Violence+1"],"picked":"Master of Strategy+1","floor":39},{"not_picked":["Fiend Fire","Iron Wave"],"picked":"Entrench+1","floor":41},{"not_picked":["Battle Trance+1","Perfected Strike+1"],"picked":"Shrug It Off+1","floor":42},{"not_picked":["Body Slam+1","Iron Wave"],"picked":"Anger+1","floor":44},{"not_picked":["Flex+1","Pommel Strike+1","Fire Breathing+1"],"picked":"SKIP","floor":45},{"not_picked":["Armaments+1","Reckless Charge"],"picked":"Battle Trance+1","floor":48},{"not_picked":["Pummel","Rampage+1"],"picked":"Demon Form","floor":54}],"player_experience":3624654,"relics_obtained":[{"floor":3,"key":"Pen Nib"},{"floor":7,"key":"StoneCalendar"},{"floor":9,"key":"Pear"},{"floor":11,"key":"Ancient Tea Set"},{"floor":14,"key":"Ornamental Fan"},{"floor":23,"key":"Matryoshka"},{"floor":25,"key":"Toxic Egg 2"},{"floor":26,"key":"Centennial Puzzle"},{"floor":26,"key":"Smiling Mask"},{"floor":27,"key":"Pantograph"},{"floor":29,"key":"Du-Vu Doll"},{"floor":41,"key":"Whetstone"},{"floor":43,"key":"Strawberry"},{"floor":44,"key":"Juzu Bracelet"},{"floor":48,"key":"Boot"},{"floor":54,"key":"Art of War"}],"event_choices":[{"damage_healed":0,"gold_gain":0,"player_choice":"Box","damage_taken":0,"relics_obtained":["MawBank"],"max_hp_gain":0,"max_hp_loss":0,"event_name":"Big Fish","floor":2,"gold_loss":0,"cards_obtained":["Regret"]},{"damage_healed":0,"gold_gain":0,"player_choice":"Obtained Relic","damage_taken":0,"relics_obtained":["Omamori"],"max_hp_gain":0,"max_hp_loss":0,"event_name":"Addict","floor":19,"gold_loss":85},{"damage_healed":0,"gold_gain":0,"player_choice":"Copied","damage_taken":0,"max_hp_gain":0,"max_hp_loss":0,"event_name":"Duplicator","floor":20,"gold_loss":0,"cards_obtained":["Mayhem"]},{"damage_healed":0,"gold_gain":0,"player_choice":"Became a Ghost","damage_taken":0,"max_hp_gain":0,"max_hp_loss":51,"event_name":"Ghosts","floor":22,"gold_loss":0,"cards_obtained":["Ghostly","Ghostly","Ghostly","Ghostly","Ghostly"]},{"cards_removed":["Feed"],"damage_healed":0,"gold_gain":0,"player_choice":"Removed Attack","damage_taken":0,"max_hp_gain":0,"max_hp_loss":0,"event_name":"Falling","floor":36,"gold_loss":0},{"damage_healed":0,"gold_gain":0,"player_choice":"Memory 3","damage_taken":10,"max_hp_gain":0,"max_hp_loss":0,"event_name":"SensoryStone","floor":39,"gold_loss":0},{"damage_healed":0,"gold_gain":0,"player_choice":"Ignored","damage_taken":0,"max_hp_gain":0,"max_hp_loss":0,"event_name":"Tomb of Lord Red Mask","floor":46,"gold_loss":0}],"is_beta":true,"boss_relics":[{"not_picked":["Runic Cube","Philosopher\u0027s Stone"],"picked":"Pandora\u0027s Box"},{"not_picked":["Astrolabe","Fusion Hammer"],"picked":"Mark of Pain"}],"items_purged_floors":[53],"is_endless":false,"potions_floor_spawned":[7,11,13,14,18,25,30,35,41,42],"ascension_level":1}