{"gold_per_floor":[359,1,20,20,20,20,45,45,120,120,164,164,183,216,216,337,337,350,265,279,302,325,359,359,382,434,1,1,1,32,47,47,178,178,197,0,0,24,1023,1023],"floor_reached":40,"playtime":3182,"items_purged":["Doubt","Strike_G"],"score":549,"play_id":"f0bc0a9d-4102-4e3e-a814-0a14f7f77277","local_time":"20190218144116","is_ascension_mode":true,"campfire_choices":[{"floor":6,"key":"REST"},{"data":"Neutralize","floor":8,"key":"SMITH"},{"data":"Riddle With Holes","floor":10,"key":"SMITH"},{"floor":15,"key":"REST"},{"floor":24,"key":"REST"},{"floor":29,"key":"REST"},{"floor":32,"key":"REST"}],"neow_cost":"CURSE","seed_source_timestamp":223176931405518,"circlet_count":0,"master_deck":["Survivor+1","Neutralize+1","Riddle With Holes+1","Distraction+1","Deflect+1","Backflip+1","Burst+1","Bouncing Flask+1","Finisher","After Image","Dagger Throw+1","Dash+1","Phantasmal Killer+1","Crippling Poison+1","Dodge and Roll+1","Concentrate+1","Dagger Spray","Die Die Die","Bouncing Flask+1","Outmaneuver+1","Mind Blast","Deadly Poison+1","Deflect+1","Phantasmal Killer+1","Bane+1","Adrenaline+1","Dash","All Out Attack","Corpse Explosion+1","PiercingWail+1","Expertise+1","Endless Agony+1","Catalyst+1","Normality","Normality"],"relics":["Ring of the Snake","Toxic Egg 2","Golden Idol","Matryoshka","Pen Nib","Blood Vial","Pear","Astrolabe","Dream Catcher","Regal Pillow","War Paint","Bronze Scales","Mercury Hourglass","Thread and Needle","Pandora\u0027s Box","Red Mask","Snake Skull","Art of War"],"potions_floor_usage":[11,14,23,23,30,40,40],"damage_taken":[{"damage":14,"enemies":"Jaw Worm","floor":1,"turns":6},{"damage":12,"enemies":"2 Louse","floor":3,"turns":3},{"damage":0,"enemies":"Cultist","floor":7,"turns":4},{"damage":14,"enemies":"3 Sentries","floor":11,"turns":9},{"damage":0,"enemies":"3 Louse","floor":13,"turns":2},{"damage":18,"enemies":"Gremlin Nob","floor":14,"turns":4},{"damage":15,"enemies":"The Guardian","floor":16,"turns":7},{"damage":5,"enemies":"Shell Parasite","floor":18,"turns":3},{"damage":0,"enemies":"Chosen","floor":20,"turns":4},{"damage":49,"enemies":"Centurion and Healer","floor":21,"turns":6},{"damage":16,"enemies":"Cultist and Chosen","floor":22,"turns":8},{"damage":6,"enemies":"Gremlin Leader","floor":23,"turns":5},{"damage":24,"enemies":"3 Cultists","floor":25,"turns":5},{"damage":26,"enemies":"Slavers","floor":30,"turns":4},{"damage":0,"enemies":"Sentry and Sphere","floor":31,"turns":3},{"damage":77,"enemies":"Collector","floor":33,"turns":10},{"damage":40,"enemies":"3 Shapes","floor":35,"turns":3},{"damage":0,"enemies":"Orb Walker","floor":38,"turns":2},{"damage":76,"enemies":"Reptomancer","floor":40,"turns":7}],"seed_played":"2405733527853093759","potions_obtained":[{"floor":3,"key":"SkillPotion"},{"floor":11,"key":"AttackPotion"},{"floor":13,"key":"GhostInAJar"},{"floor":16,"key":"PowerPotion"},{"floor":21,"key":"AttackPotion"},{"floor":23,"key":"Regen Potion"},{"floor":25,"key":"Strength Potion"},{"floor":30,"key":"Dexterity Potion"},{"floor":38,"key":"Dexterity Potion"}],"is_trial":false,"path_per_floor":["M","$","M","?","?","R","M","R","T","R","E","?","M","E","R","B",null,"M","?","M","M","M","E","R","M","T","$","?","R","E","M","R","B",null,"M","?","T","M","?","E"],"character_chosen":"THE_SILENT","items_purchased":["Toxic Egg 2","Distraction+1","Mercury Hourglass","Mind Blast"],"campfire_rested":5,"item_purchase_floors":[2,2,27,27],"current_hp_per_floor":[56,56,44,44,27,48,48,48,48,48,34,34,36,30,54,41,80,75,75,77,30,16,12,51,29,29,29,29,68,44,46,80,3,80,40,40,40,42,42,0],"gold":1023,"neow_bonus":"TWO_FIFTY_GOLD","is_prod":false,"is_daily":false,"chose_seed":false,"campfire_upgraded":2,"win_rate":0,"timestamp":1550529676,"path_taken":["M","$","M","?","?","R","M","R","T","R","E","?","?","E","R","BOSS","M","?","M","M","M","E","R","M","T","$","?","R","E","?","R","BOSS","M","?","?","M","?","E"],"build_version":"2019-01-23","purchased_purges":2,"victory":false,"max_hp_per_floor":[70,70,70,70,70,70,70,70,70,70,70,70,70,80,80,80,80,80,80,80,80,80,80,80,80,80,80,80,80,80,80,80,80,80,80,80,80,80,80,80],"card_choices":[{"not_picked":["Dodge and Roll","Slice"],"picked":"Riddle With Holes","floor":1},{"not_picked":["Deadly Poison+1","Endless Agony"],"picked":"Deflect+1","floor":3},{"not_picked":["Bane","Finisher"],"picked":"Backflip+1","floor":7},{"not_picked":["Quick Slash","Dagger Spray"],"picked":"Burst+1","floor":11},{"not_picked":["Accuracy","Well Laid Plans"],"picked":"Bouncing Flask+1","floor":13},{"not_picked":["Underhanded Strike","Accuracy"],"picked":"Finisher","floor":14},{"not_picked":["Wraith Form v2","Die Die Die"],"picked":"After Image","floor":16},{"not_picked":["Backflip+1","Dagger Spray"],"picked":"Crippling Poison+1","floor":18},{"not_picked":["Acrobatics+1","Reflex+1"],"picked":"Dodge and Roll+1","floor":20},{"not_picked":["Backstab","Flying Knee"],"picked":"Concentrate+1","floor":21},{"not_picked":["PiercingWail+1","Accuracy"],"picked":"Dagger Spray","floor":22},{"not_picked":["PiercingWail+1","Unload"],"picked":"Die Die Die","floor":23},{"not_picked":["Dodge and Roll+1","Terror+1"],"picked":"Bouncing Flask+1","floor":24},{"not_picked":["Acrobatics+1","Underhanded Strike"],"picked":"Outmaneuver+1","floor":25},{"not_picked":["Eviscerate+1","Underhanded Strike"],"picked":"Deadly Poison+1","floor":29},{"not_picked":["Tactician+1","Deadly Poison+1"],"picked":"Deflect+1","floor":30},{"not_picked":["PiercingWail+1","Dash"],"picked":"Phantasmal Killer+1","floor":31},{"not_picked":["Acrobatics+1","Dagger Throw"],"picked":"Bane+1","floor":32},{"not_picked":["Grand Finale","Night Terror+1"],"picked":"Adrenaline+1","floor":33},{"not_picked":["Dodge and Roll+1","Dagger Spray"],"picked":"Endless Agony+1","floor":35},{"not_picked":["Dagger Spray+1","Cloak And Dagger+1"],"picked":"Catalyst+1","floor":38}],"player_experience":182607,"relics_obtained":[{"floor":9,"key":"Matryoshka"},{"floor":11,"key":"Pen Nib"},{"floor":14,"key":"Pear"},{"floor":23,"key":"Regal Pillow"},{"floor":26,"key":"War Paint"},{"floor":26,"key":"Bronze Scales"},{"floor":30,"key":"Thread and Needle"},{"floor":37,"key":"Snake Skull"},{"floor":37,"key":"Art of War"}],"event_choices":[{"damage_healed":0,"gold_gain":0,"player_choice":"Leave","damage_taken":0,"max_hp_gain":0,"max_hp_loss":0,"event_name":"The Cleric","floor":4,"gold_loss":0},{"damage_healed":0,"gold_gain":0,"player_choice":"Take Damage","damage_taken":17,"relics_obtained":["Golden Idol"],"max_hp_gain":0,"max_hp_loss":0,"event_name":"Golden Idol","floor":5,"gold_loss":0},{"damage_healed":0,"gold_gain":0,"player_choice":"Gave Potion","damage_taken":0,"relics_obtained":["Blood Vial"],"max_hp_gain":0,"max_hp_loss":0,"event_name":"WeMeetAgain","floor":12,"gold_loss":0},{"damage_healed":0,"gold_gain":0,"player_choice":"Obtained Relic","damage_taken":0,"relics_obtained":["Dream Catcher"],"max_hp_gain":0,"max_hp_loss":0,"event_name":"Addict","floor":19,"gold_loss":85},{"cards_removed":["Strike_G"],"damage_healed":0,"gold_gain":0,"player_choice":"Purged","damage_taken":0,"max_hp_gain":0,"max_hp_loss":0,"event_name":"Purifier","floor":28,"gold_loss":0},{"damage_healed":0,"gold_gain":0,"player_choice":"Paid","damage_taken":0,"relics_obtained":["Red Mask"],"max_hp_gain":0,"max_hp_loss":0,"event_name":"Tomb of Lord Red Mask","floor":36,"gold_loss":197},{"damage_healed":0,"gold_gain":999,"player_choice":"Gold","damage_taken":0,"max_hp_gain":0,"max_hp_loss":0,"event_name":"MindBloom","floor":39,"gold_loss":0,"cards_obtained":["Normality","Normality"]}],"is_beta":false,"boss_relics":[{"not_picked":["Fusion Hammer","Tiny House"],"picked":"Astrolabe"},{"not_picked":["Snecko Eye","Coffee Dripper"],"picked":"Pandora\u0027s Box"}],"items_purged_floors":[2,27],"is_endless":false,"potions_floor_spawned":[3,11,13,16,21,23,25,30,38],"killed_by":"Reptomancer","ascension_level":3}