{"gold_per_floor":[118,135,135,135,435,466,466,485,485,510,510,590,624,640,640,765,765,778,778,797,797,872,916,916,955,1009,580,623,642,663,687,687,812,812,836,854,225,239,0,33,33,33,33,46,82,105,105,126,126,126,126,126,1,40,40],"floor_reached":55,"playtime":7294,"items_purged":["Strike_B","Strike_B","Strike_B"],"score":834,"play_id":"e298b876-1544-41e5-9b1d-4d12527a3493","local_time":"20190209032826","is_ascension_mode":true,"campfire_choices":[{"floor":7,"key":"REST"},{"data":"Go for the Eyes","floor":11,"key":"SMITH"},{"data":"Zap","floor":15,"key":"SMITH"},{"data":"Hologram","floor":24,"key":"SMITH"},{"data":"Leap","floor":32,"key":"SMITH"},{"data":"Fission","floor":47,"key":"SMITH"},{"floor":49,"key":"RECALL"},{"data":"Skim","floor":52,"key":"SMITH"}],"neow_cost":"PERCENT_DAMAGE","seed_source_timestamp":887299907573800,"circlet_count":0,"master_deck":["Strike_B+1","Defend_B","Defend_B","Defend_B","Defend_B","Zap+1","Dualcast","Ball Lightning+1","Sunder+1","Go for the Eyes+1","Hologram+1","Self Repair","Buffer","Reboot","Chill","Skim","Capacitor","Hologram","Ball Lightning","Leap+1","Loop","Ball Lightning+1","Leap","Redo","Fission+1","Double Energy+1","Go for the Eyes","Go for the Eyes+1","Leap+1","Dark Shackles","Mayhem","Blind","Parasite","Skim+1","Lockon+1","Multi-Cast"],"relics":["Cracked Core","Gambling Chip","Golden Idol","Old Coin","Bag of Preparation","Bronze Scales","Whetstone","Philosopher\u0027s Stone","Ornamental Fan","Enchiridion","Ice Cream","Bottled Tornado","Blood Vial","Mercury Hourglass","Peace Pipe","Cursed Key","Lantern","Question Card","Red Mask","Potion Belt","Molten Egg 2","Oddly Smooth Stone"],"potions_floor_usage":[16,33,33,55,55,55],"damage_taken":[{"damage":2,"enemies":"Jaw Worm","floor":1,"turns":5},{"damage":1,"enemies":"Cultist","floor":2,"turns":3},{"damage":16,"enemies":"3 Sentries","floor":6,"turns":6},{"damage":0,"enemies":"2 Louse","floor":8,"turns":1},{"damage":0,"enemies":"Exordium Wildlife","floor":10,"turns":1},{"damage":6,"enemies":"Gremlin Nob","floor":13,"turns":3},{"damage":5,"enemies":"Looter","floor":14,"turns":3},{"damage":34,"enemies":"The Guardian","floor":16,"turns":10},{"damage":6,"enemies":"Spheric Guardian","floor":18,"turns":3},{"damage":1,"enemies":"Chosen","floor":20,"turns":4},{"damage":2,"enemies":"Slavers","floor":23,"turns":4},{"damage":5,"enemies":"Gremlin Leader","floor":25,"turns":5},{"damage":20,"enemies":"Book of Stabbing","floor":28,"turns":5},{"damage":19,"enemies":"Snake Plant","floor":29,"turns":3},{"damage":8,"enemies":"Centurion and Healer","floor":30,"turns":4},{"damage":0,"enemies":"Chosen and Byrds","floor":31,"turns":5},{"damage":42,"enemies":"Automaton","floor":33,"turns":8},{"damage":0,"enemies":"3 Shapes","floor":35,"turns":3},{"damage":4,"enemies":"Orb Walker","floor":36,"turns":3},{"damage":0,"enemies":"Sphere and 2 Shapes","floor":38,"turns":3},{"damage":23,"enemies":"Giant Head","floor":40,"turns":8},{"damage":0,"enemies":"3 Darklings","floor":44,"turns":2},{"damage":8,"enemies":"Nemesis","floor":45,"turns":5},{"damage":0,"enemies":"Maw","floor":46,"turns":7},{"damage":0,"enemies":"Writhing Mass","floor":48,"turns":5},{"damage":7,"enemies":"Donu and Deca","floor":50,"turns":8},{"damage":17,"enemies":"Shield and Spear","floor":54,"turns":7},{"damage":63,"enemies":"The Heart","floor":55,"turns":3}],"seed_played":"-1949109440911581431","potions_obtained":[{"floor":10,"key":"SkillPotion"},{"floor":14,"key":"FocusPotion"},{"floor":16,"key":"Block Potion"},{"floor":20,"key":"Energy Potion"},{"floor":25,"key":"GamblersBrew"},{"floor":36,"key":"FearPotion"},{"floor":46,"key":"LiquidBronze"},{"floor":48,"key":"Strength Potion"}],"is_trial":false,"path_per_floor":["M","M","?","?","T","E","R","M","T","M","R","?","E","M","R","B",null,"M","?","M","?","?","E","R","E","T","$","E","M","M","M","R","B",null,"M","M","$","M","?","E","?","?","T","M","E","M","R","M","R","B",null,"R","$","E","B"],"character_chosen":"DEFECT","items_purchased":["Mercury Hourglass","Ball Lightning","Leap","Lantern","Question Card","EssenceOfSteel","Go for the Eyes"],"campfire_rested":1,"item_purchase_floors":[27,27,27,37,37,37,37],"current_hp_per_floor":[52,51,33,33,33,17,39,39,39,39,39,39,33,35,35,8,75,75,75,75,59,52,57,57,59,59,59,48,31,32,48,48,8,75,75,75,75,75,75,59,49,49,49,51,52,61,61,70,70,71,71,71,71,61,0],"gold":40,"neow_bonus":"ONE_RARE_RELIC","is_prod":false,"is_daily":false,"chose_seed":false,"campfire_upgraded":6,"win_rate":0,"timestamp":1549679306,"path_taken":["M","M","?","?","?","E","R","?","T","M","R","?","E","M","R","BOSS","M","?","M","?","?","E","R","E","T","$","E","M","?","M","R","BOSS","M","M","$","M","?","E","?","?","T","M","E","?","R","M","R","BOSS","R","$","E","BOSS"],"build_version":"2019-01-23","purchased_purges":3,"victory":false,"max_hp_per_floor":[75,75,75,75,75,75,75,75,75,75,75,75,75,75,75,75,75,75,75,75,75,75,75,75,75,75,75,75,75,75,75,75,75,75,75,75,75,75,75,75,75,71,71,71,71,71,71,71,71,71,71,71,71,71,71],"card_choices":[{"not_picked":["Coolheaded","Steam Power"],"picked":"Ball Lightning","floor":1},{"not_picked":["Go for the Eyes","Aggregate"],"picked":"Sunder","floor":2},{"not_picked":["Rainbow","Sweeping Beam"],"picked":"Go for the Eyes","floor":6},{"not_picked":["Streamline","Go for the Eyes"],"picked":"Hologram","floor":8},{"not_picked":["FTL","Hologram"],"picked":"Self Repair","floor":10},{"not_picked":["Compile Driver","Consume"],"picked":"Buffer","floor":13},{"not_picked":["Streamline","Gash","Fusion"],"picked":"SKIP","floor":14},{"not_picked":["Hyperbeam","Creative AI"],"picked":"Reboot","floor":16},{"not_picked":["Turbo","Stack"],"picked":"Chill","floor":18},{"not_picked":["BootSequence","Storm"],"picked":"Skim","floor":20},{"not_picked":["Chill+1","Consume"],"picked":"Capacitor","floor":23},{"not_picked":["Steam","Ball Lightning"],"picked":"Hologram","floor":25},{"not_picked":["BootSequence","Double Energy+1"],"picked":"Loop","floor":28},{"not_picked":["Reprogram","Double Energy"],"picked":"Ball Lightning+1","floor":29},{"not_picked":["Compile Driver","Ball Lightning+1"],"picked":"Leap","floor":30},{"not_picked":["All For One","Stack"],"picked":"Redo","floor":31},{"not_picked":["Biased Cognition","Multi-Cast"],"picked":"Fission","floor":33},{"not_picked":["Barrage","Loop","Rebound"],"picked":"SKIP","floor":35},{"not_picked":["Cold Snap","Chaos"],"picked":"Double Energy+1","floor":36},{"not_picked":["Sweeping Beam","Hologram","Capacitor+1"],"picked":"Go for the Eyes+1","floor":38},{"not_picked":["Darkness","Biased Cognition","Loop+1"],"picked":"Leap+1","floor":40},{"not_picked":["Finesse","Secret Weapon","Good Instincts"],"picked":"Dark Shackles","floor":41},{"not_picked":["PanicButton","Jack Of All Trades","Enlightenment"],"picked":"Mayhem","floor":41},{"not_picked":["Madness","Magnetism","PanicButton"],"picked":"Blind","floor":41},{"not_picked":["Steam Power+1","Darkness+1","Fusion","FTL+1"],"picked":"SKIP","floor":44},{"not_picked":["Leap","Reboot","Beam Cell+1","Sweeping Beam+1"],"picked":"SKIP","floor":45},{"not_picked":["Leap","Go for the Eyes+1","Reinforced Body+1"],"picked":"Skim","floor":46},{"not_picked":["Doom and Gloom+1","Reinforced Body","Auto Shields"],"picked":"Lockon+1","floor":48},{"not_picked":["Lockon+1","Turbo","Self Repair"],"picked":"Multi-Cast","floor":54}],"player_experience":78794,"relics_obtained":[{"floor":5,"key":"Old Coin"},{"floor":6,"key":"Bag of Preparation"},{"floor":9,"key":"Bronze Scales"},{"floor":13,"key":"Whetstone"},{"floor":21,"key":"Enchiridion"},{"floor":23,"key":"Ice Cream"},{"floor":25,"key":"Bottled Tornado"},{"floor":26,"key":"Blood Vial"},{"floor":28,"key":"Peace Pipe"},{"floor":40,"key":"Potion Belt"},{"floor":45,"key":"Molten Egg 2"},{"floor":54,"key":"Oddly Smooth Stone"}],"event_choices":[{"damage_healed":0,"gold_gain":0,"player_choice":"Take Damage","damage_taken":18,"relics_obtained":["Golden Idol"],"max_hp_gain":0,"max_hp_loss":0,"event_name":"Golden Idol","floor":3,"gold_loss":0},{"damage_healed":0,"gold_gain":0,"player_choice":"Grow","damage_taken":0,"max_hp_gain":0,"max_hp_loss":0,"event_name":"Living Wall","floor":4,"gold_loss":0,"cards_upgraded":["Sunder"]},{"damage_healed":0,"gold_gain":80,"player_choice":"Gained Gold","damage_taken":0,"max_hp_gain":0,"max_hp_loss":0,"event_name":"Golden Wing","floor":12,"gold_loss":0},{"damage_healed":0,"gold_gain":0,"player_choice":"Opened","damage_taken":0,"relics_obtained":["Ornamental Fan"],"max_hp_gain":0,"max_hp_loss":0,"event_name":"The Mausoleum","floor":19,"gold_loss":0},{"damage_healed":0,"gold_gain":0,"player_choice":"Obtained Book","damage_taken":16,"max_hp_gain":0,"max_hp_loss":0,"event_name":"Cursed Tome","floor":21,"gold_loss":0},{"damage_healed":0,"gold_gain":75,"player_choice":"Touch","damage_taken":7,"max_hp_gain":0,"max_hp_loss":0,"event_name":"FaceTrader","floor":22,"gold_loss":0},{"damage_healed":0,"gold_gain":0,"player_choice":"Paid","damage_taken":0,"relics_obtained":["Red Mask"],"max_hp_gain":0,"max_hp_loss":0,"event_name":"Tomb of Lord Red Mask","floor":39,"gold_loss":239},{"damage_healed":0,"gold_gain":0,"player_choice":"Memory 3","damage_taken":10,"max_hp_gain":0,"max_hp_loss":0,"event_name":"SensoryStone","floor":41,"gold_loss":0},{"damage_healed":0,"gold_gain":0,"player_choice":"Max HP","damage_taken":0,"max_hp_gain":0,"max_hp_loss":4,"event_name":"Winding Halls","floor":42,"gold_loss":0}],"is_beta":false,"boss_relics":[{"not_picked":["Snecko Eye","Black Star"],"picked":"Philosopher\u0027s Stone"},{"not_picked":["Eternal Feather","Busted Crown"],"picked":"Cursed Key"}],"items_purged_floors":[27,37,53],"is_endless":false,"potions_floor_spawned":[10,14,16,20,25,28,36,38,46,48,54],"killed_by":"The Heart","ascension_level":1}