{"gold_per_floor":[114,132,143,143,155,187,187,213,213,228,228,244,255,290,290,392,392,410,509,509,509,523,523],"floor_reached":23,"playtime":1193,"items_purged":[],"score":249,"play_id":"70134a1e-a4f3-461f-ae7a-d5aa70630375","local_time":"20190215141035","is_ascension_mode":true,"campfire_choices":[{"data":"Zap","floor":7,"key":"SMITH"},{"data":"Leap","floor":11,"key":"SMITH"},{"data":"Recycle","floor":15,"key":"SMITH"}],"neow_cost":"PERCENT_DAMAGE","seed_source_timestamp":14888788235524,"circlet_count":0,"master_deck":["Strike_B","Strike_B","Strike_B","Strike_B","Defend_B","Defend_B","Defend_B","Defend_B","Zap+1","Dualcast","Leap+1","Doom and Gloom","Compile Driver","Storm","Self Repair","Recycle+1","Cold Snap","Machine Learning","Coolheaded","Cold Snap","Coolheaded+1"],"relics":["Cracked Core","Potion Belt","Gremlin Horn","Unceasing Top","Ice Cream","Orrery"],"potions_floor_usage":[5,6,16,22],"damage_taken":[{"damage":2,"enemies":"2 Louse","floor":1,"turns":3},{"damage":1,"enemies":"Jaw Worm","floor":2,"turns":3},{"damage":2,"enemies":"Small Slimes","floor":3,"turns":3},{"damage":0,"enemies":"3 Louse","floor":5,"turns":2},{"damage":12,"enemies":"Lagavulin","floor":6,"turns":5},{"damage":13,"enemies":"3 Sentries","floor":8,"turns":4},{"damage":5,"enemies":"Looter","floor":10,"turns":3},{"damage":1,"enemies":"2 Fungi Beasts","floor":12,"turns":3},{"damage":12,"enemies":"3 Louse","floor":13,"turns":3},{"damage":14,"enemies":"Lagavulin","floor":14,"turns":7},{"damage":53,"enemies":"Hexaghost","floor":16,"turns":11},{"damage":4,"enemies":"3 Byrds","floor":18,"turns":6},{"damage":25,"enemies":"2 Thieves","floor":22,"turns":3},{"damage":57,"enemies":"Slavers","floor":23,"turns":4}],"seed_played":"-175232198925345636","potions_obtained":[{"floor":1,"key":"SkillPotion"},{"floor":5,"key":"FocusPotion"},{"floor":8,"key":"Dexterity Potion"},{"floor":16,"key":"AttackPotion"}],"is_trial":false,"path_per_floor":["M","M","M","?","M","E","R","E","T","M","R","M","M","E","R","B",null,"M","?","T","?","M","E"],"character_chosen":"DEFECT","items_purchased":[],"campfire_rested":0,"item_purchase_floors":[],"current_hp_per_floor":[66,65,63,89,89,77,77,64,64,66,66,72,67,60,60,14,89,89,89,89,72,54,0],"gold":523,"neow_bonus":"TWENTY_PERCENT_HP_BONUS","is_prod":false,"is_daily":false,"chose_seed":false,"campfire_upgraded":3,"win_rate":0,"timestamp":1550236235,"path_taken":["M","M","M","?","M","E","R","E","T","M","R","M","M","E","R","BOSS","M","?","?","?","M","E"],"build_version":"2019-01-23","purchased_purges":0,"victory":false,"max_hp_per_floor":[89,89,89,89,89,89,89,89,89,89,89,89,89,89,89,89,89,89,89,89,94,94,94],"card_choices":[{"not_picked":["Fusion","Go for the Eyes"],"picked":"Leap","floor":1},{"not_picked":["Gash","Streamline"],"picked":"Doom and Gloom","floor":2},{"not_picked":["Hello World","Hologram"],"picked":"Compile Driver","floor":3},{"not_picked":["Beam Cell","Hello World","Gash"],"picked":"SKIP","floor":5},{"not_picked":["White Noise","Steam Power"],"picked":"Storm","floor":6},{"not_picked":["Stack","White Noise"],"picked":"Self Repair","floor":8},{"not_picked":["Barrage","Scrape","Meteor Strike"],"picked":"SKIP","floor":10},{"not_picked":["Streamline","Steam Power"],"picked":"Recycle","floor":12},{"not_picked":["Conserve Battery","Steam"],"picked":"Cold Snap","floor":13},{"not_picked":["Steam Power","Reprogram","Scrape"],"picked":"SKIP","floor":14},{"not_picked":["Meteor Strike","Thunder Strike"],"picked":"Machine Learning","floor":16},{"not_picked":["Sweeping Beam","Conserve Battery"],"picked":"Coolheaded","floor":17},{"not_picked":["Chaos","Streamline"],"picked":"Cold Snap","floor":17},{"not_picked":["Cold Snap","Force Field+1","Stack"],"picked":"SKIP","floor":18},{"not_picked":["Leap+1","Hologram+1"],"picked":"Coolheaded+1","floor":22}],"player_experience":176957,"relics_obtained":[{"floor":6,"key":"Potion Belt"},{"floor":8,"key":"Gremlin Horn"},{"floor":9,"key":"Unceasing Top"},{"floor":14,"key":"Ice Cream"}],"event_choices":[{"damage_healed":29,"gold_gain":0,"player_choice":"Banana","damage_taken":0,"max_hp_gain":0,"max_hp_loss":0,"event_name":"Big Fish","floor":4,"gold_loss":0},{"damage_healed":0,"gold_gain":99,"player_choice":"Stole From Cult","damage_taken":0,"max_hp_gain":0,"max_hp_loss":0,"event_name":"Nest","floor":19,"gold_loss":0},{"damage_healed":0,"gold_gain":0,"player_choice":"Shed Blood","damage_taken":22,"max_hp_gain":5,"max_hp_loss":0,"event_name":"Forgotten Altar","floor":21,"gold_loss":0}],"is_beta":false,"boss_relics":[{"not_picked":["Runic Dome","Ectoplasm"],"picked":"Orrery"}],"items_purged_floors":[],"is_endless":false,"potions_floor_spawned":[1,5,8,16],"killed_by":"Slavers","ascension_level":1}