{"gold_per_floor":[115,190,190,205,219,246,246,279,279,279,295,14,29,60,60,184,184,205,205,205,120,143,143,24,24,24,24,65,65,90,114,114,237,237,260,284,299,13,28,68,68,193,268,268,304,319,357,357,357,357,357,357,26,64,64],"floor_reached":55,"playtime":3063,"items_purged":["Regret"],"score":990,"play_id":"d742b3ea-24ed-478b-ab7b-252a9839e3aa","local_time":"20181128114043","is_ascension_mode":true,"campfire_choices":[{"data":"Armaments","floor":10,"key":"SMITH"},{"data":"Limit Break","floor":15,"key":"SMITH"},{"data":"J.A.X.","floor":23,"key":"SMITH"},{"data":"Spot Weakness","floor":29,"key":"SMITH"},{"data":"Metallicize","floor":32,"key":"SMITH"},{"data":"Limit Break","floor":41,"key":"SMITH"},{"floor":44,"key":"RECALL"},{"data":"Shockwave","floor":49,"key":"SMITH"},{"data":"Evolve","floor":52,"key":"SMITH"}],"neow_cost":"NONE","seed_source_timestamp":368663643275486,"circlet_count":0,"master_deck":["Strike_R+1","Strike_R+1","Strike_R+1","Strike_R+1","Defend_R+1","Defend_R+1","Defend_R+1","Defend_R+1","Bash","Whirlwind","Headbutt","Purity","Spot Weakness+1","Armaments+1","Metallicize+1","Power Through","Double Tap","Evolve+1","Disarm","Cleave+1","Limit Break+1","Reaper+1","Heavy Blade+1","J.A.X.+1","True Grit","Pummel+1","Iron Wave+1","True Grit","Immolate+1","Heavy Blade+1","Shockwave+1","True Grit","Limit Break+1","True Grit","Exhume","Sword Boomerang+1","Barricade"],"relics":["Burning Blood","Oddly Smooth Stone","Golden Idol","Question Card","Vajra","Molten Egg 2","Sundial","Busted Crown","Pear","Gambling Chip","Nloth\u0027s Gift","Anchor","Cursed Key","Mummified Hand","Strawberry","Ginger","Singing Bowl","Turnip","Strange Spoon","Blue Candle"],"potions_floor_usage":[13,16,18,45,55,55,55],"damage_taken":[{"damage":6,"enemies":"Jaw Worm","floor":1,"turns":4},{"damage":0,"enemies":"2 Louse","floor":4,"turns":2},{"damage":0,"enemies":"Cultist","floor":5,"turns":3},{"damage":28,"enemies":"Lagavulin","floor":6,"turns":8},{"damage":18,"enemies":"Gremlin Nob","floor":8,"turns":5},{"damage":0,"enemies":"3 Louse","floor":11,"turns":3},{"damage":12,"enemies":"Exordium Wildlife","floor":13,"turns":4},{"damage":22,"enemies":"Lagavulin","floor":14,"turns":9},{"damage":0,"enemies":"The Guardian","floor":16,"turns":10},{"damage":0,"enemies":"3 Byrds","floor":18,"turns":3},{"damage":10,"enemies":"Chosen","floor":22,"turns":3},{"damage":7,"enemies":"Book of Stabbing","floor":28,"turns":5},{"damage":3,"enemies":"3 Cultists","floor":30,"turns":2},{"damage":3,"enemies":"Sentry and Sphere","floor":31,"turns":3},{"damage":27,"enemies":"Automaton","floor":33,"turns":10},{"damage":5,"enemies":"3 Shapes","floor":35,"turns":6},{"damage":5,"enemies":"Orb Walker","floor":36,"turns":2},{"damage":23,"enemies":"Spire Growth","floor":37,"turns":5},{"damage":0,"enemies":"Jaw Worm Horde","floor":39,"turns":2},{"damage":15,"enemies":"Reptomancer","floor":40,"turns":4},{"damage":0,"enemies":"Mind Bloom Boss Battle","floor":42,"turns":4},{"damage":6,"enemies":"Nemesis","floor":45,"turns":9},{"damage":6,"enemies":"3 Darklings","floor":46,"turns":6},{"damage":61,"enemies":"Reptomancer","floor":47,"turns":6},{"damage":88,"enemies":"Donu and Deca","floor":50,"turns":7},{"damage":57,"enemies":"Shield and Spear","floor":54,"turns":9},{"damage":74,"enemies":"The Heart","floor":55,"turns":9}],"seed_played":"-6911304936750491335","potions_obtained":[{"floor":1,"key":"FairyPotion"},{"floor":4,"key":"Explosive Potion"},{"floor":5,"key":"SpeedPotion"},{"floor":13,"key":"AttackPotion"},{"floor":18,"key":"Ancient Potion"},{"floor":28,"key":"FearPotion"},{"floor":33,"key":"SkillPotion"}],"is_trial":false,"path_per_floor":["M","?","?","M","M","E","?","E","T","R","M","$","M","E","R","B",null,"M","?","?","?","M","R","$","$","T","?","E","R","M","M","R","B",null,"M","M","M","$","M","E","R","?","T","R","E","M","E","?","R","B",null,"R","$","E","B"],"character_chosen":"IRONCLAD","items_purchased":["Molten Egg 2","Disarm","True Grit","Pummel+1","Mummified Hand","Dexterity Potion","Strange Spoon","Weak Potion"],"campfire_rested":0,"item_purchase_floors":[12,12,24,24,38,38,53,53],"current_hp_per_floor":[80,69,69,75,80,58,58,46,46,46,52,52,46,30,30,36,80,80,80,80,90,86,86,86,86,86,86,85,85,88,90,90,89,90,90,90,73,73,79,97,97,97,97,97,97,99,99,99,99,17,99,99,99,74,0],"gold":64,"neow_bonus":"RANDOM_COMMON_RELIC","is_prod":false,"is_daily":false,"chose_seed":false,"campfire_upgraded":8,"win_rate":0,"timestamp":1543423243,"path_taken":["M","?","?","?","M","E","?","E","T","R","M","?","M","E","R","BOSS","M","?","?","?","?","R","?","$","T","?","E","R","M","M","R","BOSS","M","?","M","$","M","E","R","?","T","R","E","M","E","?","R","BOSS","R","$","E","BOSS"],"build_version":"2018-11-15","purchased_purges":1,"victory":false,"max_hp_per_floor":[80,80,80,80,80,80,80,80,80,80,80,80,80,80,80,80,80,80,80,80,90,90,90,90,90,90,90,90,90,90,90,90,90,90,90,90,90,90,90,97,97,97,97,97,97,99,99,99,99,99,99,99,99,99,99],"card_choices":[{"not_picked":["Iron Wave","Flex"],"picked":"Whirlwind","floor":1},{"not_picked":["Evolve","Perfected Strike"],"picked":"Armaments","floor":4},{"not_picked":["Perfected Strike","Hemokinesis"],"picked":"Metallicize","floor":5},{"not_picked":["Body Slam","Flex"],"picked":"Power Through","floor":6},{"not_picked":["Body Slam","Flame Barrier"],"picked":"Double Tap","floor":8},{"not_picked":["Whirlwind","Headbutt","Clothesline"],"picked":"Evolve","floor":11},{"not_picked":["Body Slam+1","Sever Soul+1","Armaments"],"picked":"Cleave+1","floor":13},{"not_picked":["Sentinel","Body Slam+1","Fire Breathing"],"picked":"Limit Break","floor":14},{"not_picked":["Brutality","Barricade","Limit Break"],"picked":"Reaper+1","floor":16},{"not_picked":["Armaments"],"picked":"Heavy Blade+1","floor":18},{"not_picked":["Warcry","Hemokinesis+1"],"picked":"SKIP","floor":22},{"not_picked":["Exhume"],"picked":"Iron Wave+1","floor":28},{"not_picked":["Cleave+1"],"picked":"True Grit","floor":30},{"not_picked":["Cleave+1","Dropkick+1"],"picked":"SKIP","floor":31},{"not_picked":["Bludgeon+1"],"picked":"Immolate+1","floor":33},{"not_picked":["Headbutt+1"],"picked":"Heavy Blade+1","floor":35},{"not_picked":["Combust+1","Flex+1"],"picked":"SKIP","floor":36},{"not_picked":["Perfected Strike+1"],"picked":"Shockwave","floor":37},{"not_picked":["Body Slam+1"],"picked":"True Grit","floor":39},{"not_picked":["Warcry+1"],"picked":"Limit Break","floor":40},{"not_picked":["Rampage+1"],"picked":"True Grit","floor":42},{"not_picked":["Spot Weakness"],"picked":"Exhume","floor":45},{"not_picked":["Flex","Cleave+1"],"picked":"Singing Bowl","floor":46},{"not_picked":["Pommel Strike+1"],"picked":"Sword Boomerang+1","floor":47},{"not_picked":["Double Tap"],"picked":"Barricade","floor":54}],"player_experience":3578127,"relics_obtained":[{"floor":6,"key":"Omamori"},{"floor":8,"key":"Question Card"},{"floor":9,"key":"Vajra"},{"floor":14,"key":"Sundial"},{"floor":26,"key":"Gambling Chip"},{"floor":28,"key":"Anchor"},{"floor":40,"key":"Strawberry"},{"floor":42,"key":"Ginger"},{"floor":45,"key":"Singing Bowl"},{"floor":47,"key":"Turnip"},{"floor":54,"key":"Blue Candle"}],"event_choices":[{"damage_healed":0,"gold_gain":75,"player_choice":"Gather Gold","damage_taken":11,"max_hp_gain":0,"max_hp_loss":0,"event_name":"World of Goop","floor":2,"gold_loss":0},{"damage_healed":0,"gold_gain":0,"player_choice":"3 cards matched","damage_taken":0,"max_hp_gain":0,"max_hp_loss":0,"event_name":"Match and Keep!","floor":3,"gold_loss":0,"cards_obtained":["Headbutt","Purity","Spot Weakness"]},{"damage_healed":0,"gold_gain":0,"player_choice":"Take Wound","damage_taken":0,"relics_obtained":["Golden Idol"],"max_hp_gain":0,"max_hp_loss":0,"event_name":"Golden Idol","floor":7,"gold_loss":0,"cards_obtained":["Injury"]},{"damage_healed":0,"gold_gain":0,"player_choice":"Simplicity","damage_taken":0,"max_hp_gain":0,"max_hp_loss":0,"event_name":"Back to Basics","floor":19,"gold_loss":0,"cards_upgraded":["Strike_R","Strike_R","Strike_R","Strike_R","Strike_R","Defend_R","Defend_R","Defend_R","Defend_R"]},{"damage_healed":0,"gold_gain":0,"player_choice":"Obtain J.A.X.","damage_taken":0,"max_hp_gain":0,"max_hp_loss":0,"event_name":"Drug Dealer","floor":20,"gold_loss":0,"cards_obtained":["J.A.X."]},{"damage_healed":0,"gold_gain":0,"player_choice":"Obtained Relic","damage_taken":0,"relics_obtained":["Pear"],"max_hp_gain":0,"max_hp_loss":0,"event_name":"Addict","floor":21,"gold_loss":85},{"damage_healed":0,"gold_gain":0,"player_choice":"Traded Relic","damage_taken":0,"relics_obtained":["Nloth\u0027s Gift"],"max_hp_gain":0,"max_hp_loss":0,"event_name":"N\u0027loth","floor":27,"relics_lost":["Omamori"],"gold_loss":0},{"damage_healed":0,"gold_gain":0,"player_choice":"Fight","damage_taken":0,"max_hp_gain":0,"max_hp_loss":0,"event_name":"MindBloom","floor":42,"gold_loss":0},{"cards_removed":["Strike_R"],"damage_healed":0,"gold_gain":0,"player_choice":"Removed Attack","damage_taken":0,"max_hp_gain":0,"max_hp_loss":0,"event_name":"Falling","floor":48,"gold_loss":0}],"is_beta":true,"boss_relics":[{"not_picked":["Snecko Eye","Empty Cage"],"picked":"Busted Crown"},{"not_picked":["Black Blood","Orrery"],"picked":"Cursed Key"}],"items_purged_floors":[53],"is_endless":false,"potions_floor_spawned":[1,4,5,13,18,28,33,35,36,37,40,42],"killed_by":"The Heart","ascension_level":1}