{"gold_per_floor":[113,125,140,140,150,183,183,2,2,2,28,39,74,90,90,195,195,205,305,220,220,236,269,269,297,323,323,340,357,373,102,102,197,197,213,213,229,239,252,279,291,319,319,348,367,383,413,413,413,413,413,413,16,50,50],"floor_reached":56,"playtime":4421,"items_purged":["Strike_G"],"score":1809,"play_id":"01837cc8-a468-4576-a113-51fd0b46d77c","local_time":"20181207181823","is_ascension_mode":true,"campfire_choices":[{"data":"Neutralize","floor":7,"key":"SMITH"},{"data":"Footwork","floor":10,"key":"SMITH"},{"data":"Noxious Fumes","floor":15,"key":"SMITH"},{"data":"Phantasmal Killer","floor":24,"key":"SMITH"},{"data":"Venomology","floor":27,"key":"SMITH"},{"data":"Bane","floor":32,"key":"SMITH"},{"floor":49,"key":"RECALL"},{"data":"Leg Sweep","floor":52,"key":"SMITH"}],"neow_cost":"NONE","seed_source_timestamp":1168577229466199,"circlet_count":0,"master_deck":["Defend_G+1","Defend_G","Defend_G","Defend_G","Defend_G","Strike_G+1","Strike_G","Strike_G","Strike_G","Survivor","Neutralize+1","Dagger Spray+1","Backflip","Dagger Spray","Venomology+1","Footwork+1","Dash","Poisoned Stab","Crippling Poison+1","Phantasmal Killer+1","Noxious Fumes+1","Corpse Explosion","PiercingWail","Leg Sweep+1","RitualDagger","Leg Sweep","Poisoned Stab+1","Bane+1","Deflect+1","Deflect+1","Deadly Poison+1","Night Terror+1","Bouncing Flask+1","Dark Shackles+1","Panache","Good Instincts+1","Dash","Backflip+1","Blur+1","Dash+1","Doubt","Caltrops+1","Blur+1","Deflect+1","Backflip+1","Flechettes+1"],"relics":["Velvet Choker","Oddly Smooth Stone","Singing Bowl","Bird Faced Urn","Mercury Hourglass","Runic Pyramid","Gambling Chip","Sundial","Du-Vu Doll","Snake Skull","Toxic Egg 2","Potion Belt","Bag of Preparation","Cursed Key","Dead Branch","Shuriken","War Paint","Turnip","Lantern","Toolbox","Centennial Puzzle"],"potions_floor_usage":[6,13,13,16,16,19,19,23,23,25,25,29,33,37,38,40,41,44,50,54,55,55,55,55],"damage_taken":[{"damage":0,"enemies":"2 Louse","floor":1,"turns":3},{"damage":3,"enemies":"Jaw Worm","floor":2,"turns":3},{"damage":0,"enemies":"Small Slimes","floor":3,"turns":3},{"damage":0,"enemies":"2 Fungi Beasts","floor":5,"turns":3},{"damage":0,"enemies":"3 Sentries","floor":6,"turns":1},{"damage":7,"enemies":"Gremlin Nob","floor":11,"turns":5},{"damage":5,"enemies":"Exordium Thugs","floor":12,"turns":4},{"damage":0,"enemies":"3 Sentries","floor":13,"turns":5},{"damage":0,"enemies":"Gremlin Gang","floor":14,"turns":2},{"damage":0,"enemies":"Slime Boss","floor":16,"turns":6},{"damage":0,"enemies":"Chosen","floor":18,"turns":4},{"damage":12,"enemies":"Colosseum Slavers","floor":19,"turns":4},{"damage":4,"enemies":"Colosseum Nobs","floor":19,"turns":3},{"damage":0,"enemies":"3 Byrds","floor":22,"turns":3},{"damage":6,"enemies":"Gremlin Leader","floor":23,"turns":7},{"damage":0,"enemies":"Book of Stabbing","floor":25,"turns":7},{"damage":0,"enemies":"Snake Plant","floor":28,"turns":5},{"damage":0,"enemies":"Chosen and Byrds","floor":29,"turns":3},{"damage":0,"enemies":"Cultist and Chosen","floor":30,"turns":4},{"damage":0,"enemies":"Automaton","floor":33,"turns":8},{"damage":0,"enemies":"3 Shapes","floor":35,"turns":3},{"damage":0,"enemies":"Orb Walker","floor":37,"turns":2},{"damage":0,"enemies":"3 Darklings","floor":38,"turns":9},{"damage":0,"enemies":"Sphere and 2 Shapes","floor":39,"turns":4},{"damage":0,"enemies":"Nemesis","floor":40,"turns":3},{"damage":0,"enemies":"Spire Growth","floor":41,"turns":3},{"damage":0,"enemies":"Reptomancer","floor":42,"turns":6},{"damage":0,"enemies":"Nemesis","floor":44,"turns":3},{"damage":0,"enemies":"3 Darklings","floor":45,"turns":6},{"damage":0,"enemies":"Jaw Worm Horde","floor":46,"turns":3},{"damage":0,"enemies":"Giant Head","floor":47,"turns":9},{"damage":0,"enemies":"Donu and Deca","floor":50,"turns":6},{"damage":0,"enemies":"Shield and Spear","floor":54,"turns":3},{"damage":0,"enemies":"The Heart","floor":55,"turns":8}],"seed_played":"-335446062808378543","potions_obtained":[{"floor":2,"key":"SteroidPotion"},{"floor":11,"key":"GhostInAJar"},{"floor":14,"key":"Fire Potion"},{"floor":18,"key":"FearPotion"},{"floor":19,"key":"Explosive Potion"},{"floor":23,"key":"GamblersBrew"},{"floor":25,"key":"Fire Potion"},{"floor":28,"key":"Swift Potion"},{"floor":44,"key":"Strength Potion"}],"is_trial":false,"path_per_floor":["M","M","M","?","M","E","R","$","T","R","E","M","E","M","R","B",null,"M","?","?","?","M","E","R","E","T","R","M","M","M","$","R","B",null,"M","?","M","M","M","E","M","E","T","E","M","M","E","?","R","B",null,"R","$","E","B",null],"character_chosen":"THE_SILENT","items_purchased":["Footwork","Dash","Poisoned Stab","Bag of Preparation","Deadly Poison+1","Swift Potion","Lantern","Toolbox"],"campfire_rested":0,"item_purchase_floors":[8,8,8,31,31,53,53,53],"current_hp_per_floor":[70,67,67,53,53,53,53,53,53,53,46,45,59,59,59,63,72,72,60,60,54,58,56,56,60,60,60,62,68,72,72,72,74,74,74,64,66,74,76,76,76,78,78,78,78,78,78,78,78,78,78,78,78,78,78],"gold":50,"neow_bonus":"BOSS_RELIC","is_prod":false,"is_daily":false,"chose_seed":false,"campfire_upgraded":7,"win_rate":0,"timestamp":1544224703,"path_taken":["M","M","M","?","M","E","R","?","T","R","E","M","E","M","R","BOSS","M","?","?","?","?","E","R","E","T","R","M","M","?","?","R","BOSS","M","?","M","M","M","E","M","E","T","E","M","M","E","?","R","BOSS","R","$","E","BOSS"],"build_version":"2018-12-06","purchased_purges":1,"victory":true,"max_hp_per_floor":[70,70,70,70,70,70,70,70,70,70,70,72,72,72,72,72,72,72,72,72,72,72,72,72,72,72,72,72,74,74,74,74,74,74,74,74,74,76,76,76,76,78,78,78,78,78,78,78,78,78,78,78,78,78,78],"card_choices":[{"not_picked":["Slice","Acrobatics"],"picked":"Dagger Spray","floor":1},{"not_picked":["Caltrops","Quick Slash","Finisher"],"picked":"SKIP","floor":2},{"not_picked":["Acrobatics","Quick Slash"],"picked":"Backflip","floor":3},{"not_picked":["Bane","Caltrops"],"picked":"Dagger Spray","floor":5},{"not_picked":["Phantasmal Killer","Setup"],"picked":"Venomology","floor":6},{"not_picked":["Prepared","Unload"],"picked":"Crippling Poison","floor":11},{"not_picked":["Prepared","Caltrops","Dagger Throw"],"picked":"Singing Bowl","floor":12},{"not_picked":["Skewer","Dagger Throw"],"picked":"Phantasmal Killer","floor":13},{"not_picked":["Footwork","Deflect"],"picked":"Noxious Fumes","floor":14},{"not_picked":["Doppelganger","Wraith Form v2"],"picked":"Corpse Explosion","floor":16},{"not_picked":["Concentrate+1","Dodge and Roll"],"picked":"PiercingWail","floor":18},{"not_picked":["Flechettes","Prepared+1"],"picked":"Leg Sweep","floor":19},{"not_picked":["Flying Knee+1","Outmaneuver"],"picked":"Leg Sweep","floor":22},{"not_picked":["Deadly Poison","Storm of Steel"],"picked":"Poisoned Stab+1","floor":23},{"not_picked":["Blade Dance+1","Flying Knee"],"picked":"Bane","floor":25},{"not_picked":["Slice","Prepared+1"],"picked":"Deflect+1","floor":28},{"not_picked":["Reflex+1","Well Laid Plans","Dagger Spray+1"],"picked":"Singing Bowl","floor":29},{"not_picked":["Infinite Blades","Cloak And Dagger+1"],"picked":"Deflect+1","floor":30},{"not_picked":["Grand Finale","Wraith Form v2"],"picked":"Night Terror+1","floor":33},{"not_picked":["Terror+1","Riddle With Holes"],"picked":"Bouncing Flask+1","floor":35},{"not_picked":["Impatience+1","Secret Technique+1"],"picked":"Dark Shackles+1","floor":36},{"not_picked":["Flash of Steel","Master of Strategy+1"],"picked":"Panache","floor":36},{"not_picked":["Thinking Ahead+1","Panacea+1"],"picked":"Good Instincts+1","floor":36},{"not_picked":["Masterful Stab+1","Setup+1"],"picked":"Dash","floor":37},{"not_picked":["Prepared+1","Infinite Blades","Outmaneuver+1"],"picked":"Singing Bowl","floor":38},{"not_picked":["Underhanded Strike","Flying Knee+1"],"picked":"Backflip+1","floor":39},{"not_picked":["Poisoned Stab","Doppelganger+1"],"picked":"Blur+1","floor":40},{"not_picked":["Quick Slash+1","Slice+1"],"picked":"Dash+1","floor":41},{"not_picked":["Outmaneuver+1","Skewer","Deflect+1"],"picked":"Singing Bowl","floor":42},{"not_picked":["Storm of Steel+1","Poisoned Stab+1"],"picked":"Caltrops+1","floor":44},{"not_picked":["Deadly Poison+1","Acrobatics+1"],"picked":"Blur+1","floor":45},{"not_picked":["Caltrops","Poisoned Stab"],"picked":"Deflect+1","floor":46},{"not_picked":["Cloak And Dagger+1","Masterful Stab+1"],"picked":"Backflip+1","floor":47},{"not_picked":["Masterful Stab+1","Unload"],"picked":"Flechettes+1","floor":54}],"player_experience":3700966,"relics_obtained":[{"floor":6,"key":"Oddly Smooth Stone"},{"floor":9,"key":"Singing Bowl"},{"floor":11,"key":"Bird Faced Urn"},{"floor":13,"key":"Mercury Hourglass"},{"floor":19,"key":"Gambling Chip"},{"floor":19,"key":"Sundial"},{"floor":23,"key":"Snake Skull"},{"floor":25,"key":"Toxic Egg 2"},{"floor":26,"key":"Potion Belt"},{"floor":40,"key":"Dead Branch"},{"floor":42,"key":"Shuriken"},{"floor":44,"key":"War Paint"},{"floor":47,"key":"Turnip"},{"floor":54,"key":"Centennial Puzzle"}],"event_choices":[{"damage_healed":0,"gold_gain":0,"player_choice":"Entered Light","damage_taken":14,"max_hp_gain":0,"max_hp_loss":0,"event_name":"Shining Light","floor":4,"gold_loss":0,"cards_upgraded":["Strike_G","Dagger Spray"]},{"damage_healed":0,"gold_gain":0,"player_choice":"Fight","damage_taken":0,"max_hp_gain":0,"max_hp_loss":0,"event_name":"Colosseum","floor":19,"gold_loss":0},{"damage_healed":0,"gold_gain":0,"player_choice":"Fought Nobs","damage_taken":0,"max_hp_gain":0,"max_hp_loss":0,"event_name":"Colosseum","floor":19,"gold_loss":0},{"damage_healed":0,"gold_gain":0,"player_choice":"Obtained Relic","damage_taken":0,"relics_obtained":["Du-Vu Doll"],"max_hp_gain":0,"max_hp_loss":0,"event_name":"Addict","floor":20,"gold_loss":85},{"damage_healed":0,"gold_gain":0,"player_choice":"Joined the Cult","damage_taken":6,"max_hp_gain":0,"max_hp_loss":0,"event_name":"Nest","floor":21,"gold_loss":0,"cards_obtained":["RitualDagger"]},{"damage_healed":0,"gold_gain":0,"player_choice":"Memory 3","damage_taken":10,"max_hp_gain":0,"max_hp_loss":0,"event_name":"SensoryStone","floor":36,"gold_loss":0},{"damage_healed":0,"gold_gain":0,"player_choice":"Ignored","damage_taken":0,"max_hp_gain":0,"max_hp_loss":0,"event_name":"Tomb of Lord Red Mask","floor":48,"gold_loss":0}],"is_beta":true,"boss_relics":[{"not_picked":["Runic Dome","Eternal Feather"],"picked":"Runic Pyramid"},{"not_picked":["Sozu","WristBlade"],"picked":"Cursed Key"}],"items_purged_floors":[31],"is_endless":false,"potions_floor_spawned":[2,11,14,18,19,23,25,28,33,35,41,44,54],"ascension_level":1}