{"gold_per_floor":[113,129,147,50,50,50,81,94,94,127,142,175,194,194,194,283,283,296,296,306,317,14,14,41,60,60,60,94,94,105,105],"floor_reached":31,"playtime":2159,"items_purged":["Strike_G","Injury"],"score":515,"play_id":"6d3a9eb3-d927-40f2-b2ff-38aa479a0342","local_time":"20190220165732","is_ascension_mode":true,"campfire_choices":[{"data":"Sucker Punch","floor":6,"key":"SMITH"},{"floor":15,"key":"REST"},{"data":"Noxious Fumes","floor":23,"key":"SMITH"},{"floor":29,"key":"REST"}],"neow_cost":"NONE","seed_source_timestamp":686393542984559,"circlet_count":0,"master_deck":["AscendersBane","Defend_G","Defend_G","Defend_G","Defend_G","Defend_G","Strike_G","Survivor","Neutralize","Deadly Poison","Poisoned Stab","Sucker Punch+1","Dagger Spray","Purity","Dodge and Roll","Wraith Form v2","Backflip","Well Laid Plans","PiercingWail","Footwork","Tools of the Trade","Dagger Throw+1","Concentrate+1","A Thousand Cuts+1","Quick Slash","Noxious Fumes+1","Dash","Poisoned Stab","Acrobatics"],"relics":["Ring of the Snake","Centennial Puzzle","Potion Belt","Ancient Tea Set","Pear","Bottled Flame","Bloody Idol","Astrolabe","Lee\u0027s Waffle","StoneCalendar","Letter Opener","Matryoshka"],"potions_floor_usage":[12,16,21,28,28,31],"damage_taken":[{"damage":0,"enemies":"2 Louse","floor":1,"turns":4},{"damage":1,"enemies":"Cultist","floor":2,"turns":3},{"damage":0,"enemies":"Small Slimes","floor":3,"turns":3},{"damage":23,"enemies":"3 Sentries","floor":7,"turns":8},{"damage":0,"enemies":"Looter","floor":8,"turns":4},{"damage":16,"enemies":"Lagavulin","floor":10,"turns":7},{"damage":6,"enemies":"2 Fungi Beasts","floor":11,"turns":4},{"damage":20,"enemies":"Gremlin Nob","floor":12,"turns":6},{"damage":0,"enemies":"Exordium Wildlife","floor":13,"turns":5},{"damage":25,"enemies":"Hexaghost","floor":16,"turns":10},{"damage":12,"enemies":"3 Byrds","floor":18,"turns":7},{"damage":22,"enemies":"Shell Parasite","floor":20,"turns":9},{"damage":21,"enemies":"Centurion and Healer","floor":21,"turns":8},{"damage":11,"enemies":"Gremlin Leader","floor":24,"turns":10},{"damage":24,"enemies":"Snake Plant","floor":25,"turns":6},{"damage":37,"enemies":"Slavers","floor":28,"turns":5},{"damage":35,"enemies":"Sentry and Sphere","floor":30,"turns":7},{"damage":26,"enemies":"Gremlin Leader","floor":31,"turns":3}],"seed_played":"822013594279672456","potions_obtained":[{"floor":8,"key":"Strength Potion"},{"floor":10,"key":"Regen Potion"},{"floor":12,"key":"LiquidBronze"},{"floor":16,"key":"Dexterity Potion"},{"floor":20,"key":"LiquidBronze"},{"floor":24,"key":"AttackPotion"}],"is_trial":false,"path_per_floor":["M","M","M","$","?","R","E","M","T","E","M","E","M","?","R","B",null,"M","?","M","M","$","R","E","M","T","$","E","R","M","E"],"character_chosen":"THE_SILENT","items_purchased":["Dagger Spray","Lee\u0027s Waffle"],"campfire_rested":2,"item_purchase_floors":[4,22],"current_hp_per_floor":[63,62,62,62,62,62,39,39,39,33,27,22,22,22,46,21,65,53,53,36,20,87,87,81,62,62,62,30,56,26,0],"gold":105,"neow_bonus":"RANDOM_COMMON_RELIC","is_prod":false,"is_daily":false,"chose_seed":false,"campfire_upgraded":2,"win_rate":0,"timestamp":1550710652,"path_taken":["M","M","M","$","?","R","E","M","T","E","?","E","M","?","R","BOSS","M","?","M","M","$","R","E","M","T","$","E","R","M","E"],"build_version":"2019-01-23","purchased_purges":2,"victory":false,"max_hp_per_floor":[70,70,70,70,70,70,70,70,70,80,80,80,80,80,80,80,80,80,80,80,80,87,87,87,87,87,87,87,87,87,87],"card_choices":[{"not_picked":["Prepared","Crippling Poison"],"picked":"Deadly Poison","floor":1},{"not_picked":["Acrobatics","Prepared"],"picked":"Poisoned Stab","floor":2},{"not_picked":["Deadly Poison","Outmaneuver"],"picked":"Sucker Punch","floor":3},{"not_picked":["Eviscerate","Catalyst"],"picked":"Wraith Form v2","floor":7},{"not_picked":["Crippling Poison","Sucker Punch"],"picked":"Backflip","floor":8},{"not_picked":["Deflect","Prepared"],"picked":"Well Laid Plans","floor":10},{"not_picked":["Prepared","Blur"],"picked":"PiercingWail","floor":11},{"not_picked":["Cloak And Dagger","Flying Knee"],"picked":"Footwork","floor":12},{"not_picked":["Dagger Spray","Tactician","Catalyst"],"picked":"SKIP","floor":13},{"not_picked":["Phantasmal Killer","Grand Finale"],"picked":"Tools of the Trade","floor":16},{"not_picked":["Blade Dance","Dodge and Roll"],"picked":"Quick Slash","floor":18},{"not_picked":["Dagger Spray","Dagger Throw"],"picked":"Noxious Fumes","floor":20},{"not_picked":["Expertise","Underhanded Strike"],"picked":"Dash","floor":21},{"not_picked":["Predator","Blade Dance","Flechettes"],"picked":"SKIP","floor":24},{"not_picked":["Prepared","Predator+1"],"picked":"Poisoned Stab","floor":25},{"not_picked":["Slice","Heel Hook","Storm of Steel"],"picked":"SKIP","floor":28},{"not_picked":["Reflex","Underhanded Strike"],"picked":"Acrobatics","floor":30}],"player_experience":211157,"relics_obtained":[{"floor":7,"key":"Potion Belt"},{"floor":9,"key":"Ancient Tea Set"},{"floor":10,"key":"Pear"},{"floor":12,"key":"Bottled Flame"},{"floor":24,"key":"StoneCalendar"},{"floor":26,"key":"Letter Opener"},{"floor":28,"key":"Matryoshka"}],"event_choices":[{"damage_healed":0,"gold_gain":0,"player_choice":"2 cards matched","damage_taken":0,"max_hp_gain":0,"max_hp_loss":0,"event_name":"Match and Keep!","floor":5,"gold_loss":0,"cards_obtained":["Purity","Dodge and Roll"]},{"damage_healed":0,"gold_gain":0,"player_choice":"Take Wound","damage_taken":0,"relics_obtained":["Golden Idol"],"max_hp_gain":0,"max_hp_loss":0,"event_name":"Golden Idol","floor":14,"gold_loss":0,"cards_obtained":["Injury"]},{"damage_healed":0,"gold_gain":0,"player_choice":"Gave Idol","damage_taken":0,"relics_obtained":["Bloody Idol"],"max_hp_gain":0,"max_hp_loss":0,"event_name":"Forgotten Altar","floor":19,"relics_lost":["Golden Idol"],"gold_loss":0}],"is_beta":false,"boss_relics":[{"not_picked":["Runic Dome","Eternal Feather"],"picked":"Astrolabe"}],"items_purged_floors":[4,22],"is_endless":false,"potions_floor_spawned":[8,10,12,16,20,24],"killed_by":"Gremlin Leader","ascension_level":13}