{"gold_per_floor":[17,35,48,48,58,58,75,109,109,20,55,55,4,33,33,133,133,122,151,36,36,36,70,70,99,99,125,139,139,170,183,183,287,287,302,321,321,65,1064,1064,1115,1142,1166,1166,1197,1197,1229,1229,1229,1229,1229,1229,402,428,428],"floor_reached":56,"playtime":3856,"items_purged":["Normality"],"score":1828,"play_id":"35f734e9-02f4-45f5-a4e8-31a54ac92cdc","local_time":"20181213102535","is_ascension_mode":true,"campfire_choices":[{"data":"Neutralize","floor":6,"key":"SMITH"},{"data":"Accuracy","floor":12,"key":"SMITH"},{"data":"Sucker Punch","floor":15,"key":"SMITH"},{"data":"Well Laid Plans","floor":24,"key":"SMITH"},{"data":"Cloak And Dagger","floor":32,"key":"SMITH"},{"floor":40,"key":"RECALL"},{"data":"After Image","floor":44,"key":"SMITH"},{"data":"After Image","floor":49,"key":"SMITH"},{"data":"Infinite Blades","floor":52,"key":"SMITH"}],"neow_cost":"NO_GOLD","seed_source_timestamp":54621468304531,"circlet_count":0,"master_deck":["Defend_G","Defend_G+1","Defend_G","Defend_G","Defend_G","Strike_G","Strike_G","Strike_G","Survivor","Neutralize+1","After Image+1","Poisoned Stab","Flying Knee","Blur","Cloak And Dagger+1","Infinite Blades+1","Accuracy+1","Sucker Punch+1","Backstab","After Image+1","Well Laid Plans+1","Prepared+1","Blur","Infinite Blades","Backflip+1","Finisher","Prepared+1","Terror+1","Doppelganger+1","Malaise+1","Blade Dance+1","Finesse+1","Apotheosis+1","Good Instincts+1","Acrobatics+1","Thinking Ahead+1","Good Instincts+1"],"relics":["Ring of the Snake","Dream Catcher","Strawberry","Anchor","Mercury Hourglass","Omamori","Coffee Dripper","Red Mask","Kunai","StoneCalendar","Toxic Egg 2","Bag of Marbles","Nilry\u0027s Codex","PreservedInsect","Sozu","Paper Crane","War Paint","Regal Pillow","Tough Bandages","Shovel","OrangePellets","Boot","Art of War","Dodecahedron"],"potions_floor_usage":[8,19,54,55,55],"damage_taken":[{"damage":0,"enemies":"Small Slimes","floor":1,"turns":4},{"damage":0,"enemies":"Cultist","floor":2,"turns":5},{"damage":0,"enemies":"2 Louse","floor":3,"turns":3},{"damage":8,"enemies":"Exordium Thugs","floor":5,"turns":7},{"damage":0,"enemies":"3 Louse","floor":7,"turns":5},{"damage":18,"enemies":"3 Sentries","floor":8,"turns":17},{"damage":0,"enemies":"Lagavulin","floor":11,"turns":8},{"damage":0,"enemies":"3 Sentries","floor":14,"turns":5},{"damage":0,"enemies":"The Guardian","floor":16,"turns":12},{"damage":0,"enemies":"2 Thieves","floor":18,"turns":4},{"damage":0,"enemies":"Masked Bandits","floor":19,"turns":4},{"damage":16,"enemies":"Slavers","floor":23,"turns":7},{"damage":0,"enemies":"Book of Stabbing","floor":25,"turns":6},{"damage":0,"enemies":"Gremlin Leader","floor":27,"turns":7},{"damage":0,"enemies":"Chosen","floor":28,"turns":4},{"damage":0,"enemies":"Book of Stabbing","floor":30,"turns":5},{"damage":5,"enemies":"Sentry and Sphere","floor":31,"turns":6},{"damage":0,"enemies":"Collector","floor":33,"turns":8},{"damage":0,"enemies":"3 Shapes","floor":35,"turns":4},{"damage":0,"enemies":"3 Darklings","floor":36,"turns":7},{"damage":0,"enemies":"Reptomancer","floor":42,"turns":5},{"damage":0,"enemies":"Nemesis","floor":45,"turns":5},{"damage":0,"enemies":"Reptomancer","floor":47,"turns":7},{"damage":7,"enemies":"Awakened One","floor":50,"turns":12},{"damage":0,"enemies":"Shield and Spear","floor":54,"turns":6},{"damage":0,"enemies":"The Heart","floor":55,"turns":10}],"seed_played":"4726809960512301265","potions_obtained":[{"floor":1,"key":"SneckoOil"},{"floor":7,"key":"GhostInAJar"},{"floor":8,"key":"Explosive Potion"},{"floor":11,"key":"SneckoOil"},{"floor":25,"key":"EssenceOfSteel"},{"floor":27,"key":"Dexterity Potion"}],"is_trial":false,"path_per_floor":["M","M","M","?","M","R","M","E","T","$","E","R","?","E","R","B",null,"M","?","$","?","?","E","R","E","T","E","M","?","E","M","R","B",null,"M","M","?","$","?","R","T","E","T","R","E","?","E","?","R","B",null,"R","$","E","B",null],"character_chosen":"THE_SILENT","items_purchased":["Accuracy","Sucker Punch","Blur","Infinite Blades","Paper Crane","OrangePellets","Boot","Art of War","Thinking Ahead+1","Good Instincts+1"],"campfire_rested":0,"item_purchase_floors":[10,10,20,20,38,53,53,53,53,53],"current_hp_per_floor":[70,70,70,70,62,62,62,44,51,51,51,51,51,51,51,51,77,77,77,77,77,77,61,61,61,61,61,61,45,45,40,40,40,77,77,77,67,67,67,67,67,67,67,67,67,67,67,67,67,60,73,73,73,73,73],"gold":428,"neow_bonus":"THREE_RARE_CARDS","is_prod":false,"is_daily":false,"chose_seed":false,"campfire_upgraded":8,"win_rate":0,"timestamp":1544714735,"path_taken":["M","M","M","?","M","R","?","E","T","?","E","R","?","E","R","BOSS","M","?","$","?","?","E","R","E","T","E","?","?","E","M","R","BOSS","M","M","?","$","?","R","?","E","T","R","E","?","E","?","R","BOSS","R","$","E","BOSS"],"build_version":"2018-12-12","purchased_purges":1,"victory":true,"max_hp_per_floor":[70,70,70,70,70,70,70,70,77,77,77,77,77,77,77,77,77,77,77,77,77,77,77,77,77,77,77,77,77,77,77,77,77,77,77,77,77,77,77,77,77,77,77,77,77,77,77,73,73,73,73,73,73,73,73],"card_choices":[{"not_picked":["Wraith Form v2","Glass Knife"],"picked":"After Image","floor":0},{"not_picked":["Setup","Skewer","Bane"],"picked":"SKIP","floor":1},{"not_picked":["Slice","Blur"],"picked":"Poisoned Stab","floor":2},{"not_picked":["Masterful Stab","Escape Plan"],"picked":"Flying Knee","floor":3},{"not_picked":["Terror","Prepared"],"picked":"Blur","floor":5},{"not_picked":["Acrobatics","Underhanded Strike"],"picked":"Cloak And Dagger","floor":7},{"not_picked":["Calculated Gamble","Well Laid Plans"],"picked":"Infinite Blades","floor":8},{"not_picked":["Bane","Finisher"],"picked":"Backstab","floor":11},{"not_picked":["Skewer","Outmaneuver","Flechettes"],"picked":"SKIP","floor":14},{"not_picked":["Grand Finale","Burst"],"picked":"After Image","floor":16},{"not_picked":["Sucker Punch","Deadly Poison"],"picked":"Well Laid Plans","floor":18},{"not_picked":["Tactician","Slice+1"],"picked":"Prepared+1","floor":19},{"not_picked":["Underhanded Strike","Dodge and Roll+1"],"picked":"Backflip","floor":23},{"not_picked":["Well Laid Plans","Bane"],"picked":"Finisher","floor":25},{"not_picked":["Slice","Well Laid Plans+1"],"picked":"Prepared+1","floor":27},{"not_picked":["Calculated Gamble+1","Distraction+1"],"picked":"Terror+1","floor":28},{"not_picked":["Slice+1","Outmaneuver+1"],"picked":"Doppelganger+1","floor":30},{"not_picked":["Noxious Fumes","Skewer","Poisoned Stab"],"picked":"SKIP","floor":31},{"not_picked":["A Thousand Cuts","Tools of the Trade"],"picked":"Malaise+1","floor":33},{"not_picked":["Deadly Poison+1","Terror+1","Reflex+1"],"picked":"SKIP","floor":35},{"not_picked":["Prepared+1","Finisher+1"],"picked":"Blade Dance+1","floor":36},{"not_picked":["The Bomb+1","Flash of Steel"],"picked":"Finesse+1","floor":37},{"not_picked":["Deep Breath+1","Master of Strategy+1"],"picked":"Apotheosis+1","floor":37},{"not_picked":["Purity+1","Sadistic Nature"],"picked":"Good Instincts+1","floor":37},{"not_picked":["Deadly Poison+1","Setup+1","Poisoned Stab"],"picked":"SKIP","floor":42},{"not_picked":["Riddle With Holes","Terror+1","Expertise+1"],"picked":"SKIP","floor":45},{"not_picked":["Deflect+1","Dagger Spray+1"],"picked":"Acrobatics+1","floor":47},{"not_picked":["Flying Knee","Glass Knife","Flechettes"],"picked":"SKIP","floor":54}],"player_experience":3793491,"relics_obtained":[{"floor":8,"key":"Dream Catcher"},{"floor":9,"key":"Strawberry"},{"floor":11,"key":"Anchor"},{"floor":14,"key":"Omamori"},{"floor":19,"key":"Red Mask"},{"floor":23,"key":"Kunai"},{"floor":25,"key":"StoneCalendar"},{"floor":26,"key":"Toxic Egg 2"},{"floor":27,"key":"Bag of Marbles"},{"floor":29,"key":"Nilry\u0027s Codex"},{"floor":30,"key":"PreservedInsect"},{"floor":42,"key":"War Paint"},{"floor":43,"key":"Regal Pillow"},{"floor":45,"key":"Tough Bandages"},{"floor":47,"key":"Shovel"},{"floor":54,"key":"Dodecahedron"}],"event_choices":[{"cards_removed":["Strike_G"],"damage_healed":0,"gold_gain":0,"player_choice":"Purged","damage_taken":0,"max_hp_gain":0,"max_hp_loss":0,"event_name":"Purifier","floor":4,"gold_loss":0},{"damage_healed":0,"gold_gain":0,"player_choice":"Paid Gold","damage_taken":0,"relics_obtained":["Mercury Hourglass"],"max_hp_gain":0,"max_hp_loss":0,"event_name":"WeMeetAgain","floor":13,"gold_loss":51},{"damage_healed":0,"gold_gain":0,"player_choice":"Fought Bandits","damage_taken":0,"max_hp_gain":0,"max_hp_loss":0,"event_name":"Masked Bandits","floor":19,"gold_loss":0},{"damage_healed":0,"gold_gain":0,"player_choice":"Smashed Altar","damage_taken":0,"max_hp_gain":0,"max_hp_loss":0,"event_name":"Forgotten Altar","floor":21,"gold_loss":0,"cards_obtained":["Decay"]},{"damage_healed":0,"gold_gain":0,"player_choice":"Ignored","damage_taken":0,"max_hp_gain":0,"max_hp_loss":0,"event_name":"Vampires","floor":22,"gold_loss":0},{"damage_healed":0,"gold_gain":0,"player_choice":"Obtained Book","damage_taken":16,"max_hp_gain":0,"max_hp_loss":0,"event_name":"Cursed Tome","floor":29,"gold_loss":0},{"damage_healed":0,"gold_gain":0,"player_choice":"Memory 3","damage_taken":10,"max_hp_gain":0,"max_hp_loss":0,"event_name":"SensoryStone","floor":37,"gold_loss":0},{"damage_healed":0,"gold_gain":999,"player_choice":"Gold","damage_taken":0,"max_hp_gain":0,"max_hp_loss":0,"event_name":"MindBloom","floor":39,"gold_loss":0,"cards_obtained":["Normality","Normality"]},{"cards_removed":["Strike_G"],"damage_healed":0,"gold_gain":0,"player_choice":"Removed Attack","damage_taken":0,"max_hp_gain":0,"max_hp_loss":0,"event_name":"Falling","floor":46,"gold_loss":0},{"damage_healed":0,"gold_gain":0,"player_choice":"Max HP","damage_taken":0,"max_hp_gain":0,"max_hp_loss":4,"event_name":"Winding Halls","floor":48,"gold_loss":0}],"is_beta":true,"boss_relics":[{"not_picked":["Empty Cage","WristBlade"],"picked":"Coffee Dripper"},{"not_picked":["Snecko Eye","Runic Pyramid"],"picked":"Sozu"}],"items_purged_floors":[53],"is_endless":false,"potions_floor_spawned":[1,7,8,11,25,27,28,30,33,36,45,54],"ascension_level":1}