{"gold_per_floor":[19,36,48,67,81,81,106,106,106,106,136,153,173,229,229,333,333,345,345,345,260,270,302,53,87,134,159,159,159,172,183,183,283,283,301,31,81,96,112,137,137,156,156,191,208,208,240,250,250,250,250,250,7,40,40],"floor_reached":56,"playtime":3583,"items_purged":["Shame","Strike_R"],"score":1488,"play_id":"ab46c5b5-bf2d-40a1-84c8-8e21fdf75d49","local_time":"20190207230427","is_ascension_mode":true,"campfire_choices":[{"data":"Armaments","floor":6,"key":"SMITH"},{"data":"Demon Form","floor":8,"key":"SMITH"},{"data":"Clothesline","floor":10,"key":"SMITH"},{"data":"Havoc","floor":15,"key":"SMITH"},{"data":"Feel No Pain","floor":28,"key":"SMITH"},{"data":"Whirlwind","floor":32,"key":"SMITH"},{"floor":46,"key":"RECALL"},{"floor":49,"key":"REST"},{"floor":52,"key":"REST"}],"neow_cost":"NO_GOLD","seed_source_timestamp":4618330915743814,"circlet_count":0,"master_deck":["Strike_R","Strike_R","Strike_R","Strike_R","Defend_R","Defend_R","Defend_R","Defend_R","Bash","Feed","Iron Wave","Armaments+1","Clothesline+1","Iron Wave","Demon Form+1","Havoc+1","Shrug It Off","Reaper","Thunderclap+1","Whirlwind+1","Power Through","Feel No Pain+1","Limit Break+1","Havoc+1","Impervious+1","True Grit+1","Headbutt","Mayhem","PiercingWail+1","Flame Barrier+1","Brutality","Deflect+1","Warcry+1","Deep Breath+1","Cold Snap+1"],"relics":["Burning Blood","Boot","Kunai","Centennial Puzzle","Charon\u0027s Ashes","Cursed Key","Bag of Preparation","Bottled Tornado","Toxic Egg 2","Gremlin Horn","Lantern","Fusion Hammer","PrismaticShard","Torii","Pantograph","Prayer Wheel","Blood Vial","Dodecahedron"],"potions_floor_usage":[7,16,33,55,55,55],"damage_taken":[{"damage":0,"enemies":"Small Slimes","floor":1,"turns":4},{"damage":6,"enemies":"Jaw Worm","floor":2,"turns":2},{"damage":0,"enemies":"2 Louse","floor":3,"turns":3},{"damage":28,"enemies":"Exordium Wildlife","floor":4,"turns":8},{"damage":0,"enemies":"Blue Slaver","floor":5,"turns":7},{"damage":37,"enemies":"3 Sentries","floor":7,"turns":13},{"damage":1,"enemies":"Lagavulin","floor":11,"turns":6},{"damage":4,"enemies":"Looter","floor":12,"turns":4},{"damage":4,"enemies":"Red Slaver","floor":13,"turns":3},{"damage":19,"enemies":"Gremlin Nob","floor":14,"turns":4},{"damage":27,"enemies":"Hexaghost","floor":16,"turns":9},{"damage":8,"enemies":"Shell Parasite","floor":18,"turns":5},{"damage":0,"enemies":"Chosen","floor":22,"turns":4},{"damage":52,"enemies":"Book of Stabbing","floor":23,"turns":5},{"damage":4,"enemies":"Gremlin Leader","floor":25,"turns":7},{"damage":46,"enemies":"Slavers","floor":27,"turns":5},{"damage":13,"enemies":"Centurion and Healer","floor":30,"turns":5},{"damage":23,"enemies":"Snecko","floor":31,"turns":6},{"damage":30,"enemies":"Automaton","floor":33,"turns":6},{"damage":1,"enemies":"3 Darklings","floor":35,"turns":3},{"damage":16,"enemies":"2 Orb Walkers","floor":37,"turns":5},{"damage":1,"enemies":"Orb Walker","floor":38,"turns":3},{"damage":25,"enemies":"3 Darklings","floor":39,"turns":3},{"damage":40,"enemies":"Reptomancer","floor":40,"turns":5},{"damage":8,"enemies":"Jaw Worm Horde","floor":42,"turns":4},{"damage":10,"enemies":"Nemesis","floor":44,"turns":7},{"damage":22,"enemies":"Transient","floor":45,"turns":5},{"damage":16,"enemies":"Giant Head","floor":47,"turns":7},{"damage":14,"enemies":"3 Darklings","floor":48,"turns":3},{"damage":48,"enemies":"Awakened One","floor":50,"turns":9},{"damage":14,"enemies":"Shield and Spear","floor":54,"turns":6},{"damage":7,"enemies":"The Heart","floor":55,"turns":8}],"seed_played":"-6829838568912522780","potions_obtained":[{"floor":3,"key":"PowerPotion"},{"floor":5,"key":"Fire Potion"},{"floor":7,"key":"SteroidPotion"},{"floor":12,"key":"Ancient Potion"},{"floor":14,"key":"Dexterity Potion"},{"floor":18,"key":"Swift Potion"},{"floor":33,"key":"Fruit Juice"},{"floor":38,"key":"EssenceOfSteel"},{"floor":42,"key":"Weak Potion"}],"is_trial":false,"path_per_floor":["M","M","M","M","M","R","E","R","T","R","E","M","M","?","R","B",null,"M","?","?","?","M","E","$","E","T","E","R","T","M","M","R","B",null,"M","$","?","M","M","E","?","M","T","E","M","R","E","M","R","B",null,"R","$","E","B",null],"character_chosen":"IRONCLAD","items_purchased":["Toxic Egg 2","PrismaticShard","Warcry+1","Deep Breath+1"],"campfire_rested":2,"item_purchase_floors":[24,36,53,53],"current_hp_per_floor":[83,86,89,70,80,80,53,53,53,53,61,66,72,62,62,44,116,114,114,114,114,116,70,70,116,116,97,97,97,114,100,100,94,124,127,127,117,122,127,93,93,122,122,124,130,130,133,128,136,129,139,139,139,139,138],"gold":40,"neow_bonus":"THREE_RARE_CARDS","is_prod":false,"is_daily":false,"chose_seed":false,"campfire_upgraded":6,"win_rate":0,"timestamp":1549598667,"path_taken":["M","M","M","M","M","R","E","R","T","R","E","M","M","?","R","BOSS","M","?","?","?","M","E","$","E","T","E","R","?","?","M","R","BOSS","M","$","?","M","M","E","?","M","T","E","?","R","E","M","R","BOSS","R","$","E","BOSS"],"build_version":"2019-02-06","purchased_purges":2,"victory":true,"max_hp_per_floor":[83,86,89,92,96,96,100,100,100,100,103,106,110,113,113,116,116,116,116,116,116,116,116,116,116,116,116,116,116,116,119,119,124,124,127,127,127,127,127,127,127,130,130,130,130,130,133,136,136,139,139,139,139,139,139],"card_choices":[{"not_picked":["Fiend Fire","Bludgeon"],"picked":"Feed","floor":0},{"not_picked":["Anger","Pummel"],"picked":"Iron Wave","floor":1},{"not_picked":["Havoc","Pommel Strike"],"picked":"Armaments","floor":2},{"not_picked":["Twin Strike","Entrench"],"picked":"Clothesline","floor":3},{"not_picked":["Pommel Strike","Anger"],"picked":"Iron Wave","floor":4},{"not_picked":["Shrug It Off","Armaments"],"picked":"Demon Form","floor":5},{"not_picked":["Iron Wave","Dark Embrace","Clothesline"],"picked":"SKIP","floor":7},{"not_picked":["Rupture","True Grit","Warcry"],"picked":"SKIP","floor":11},{"not_picked":["Cleave","Clash"],"picked":"Havoc","floor":12},{"not_picked":["Carnage","Thunderclap"],"picked":"Shrug It Off","floor":13},{"not_picked":["Havoc","Exhume"],"picked":"Combust","floor":14},{"not_picked":["Fiend Fire","Immolate"],"picked":"Reaper","floor":16},{"not_picked":["Anger","Body Slam+1"],"picked":"Thunderclap+1","floor":18},{"not_picked":["Dual Wield","Combust"],"picked":"Power Through","floor":22},{"not_picked":["Exhume","Pommel Strike","Clothesline"],"picked":"SKIP","floor":23},{"not_picked":["Rampage+1","Clash"],"picked":"Feel No Pain","floor":25},{"not_picked":["Rage+1","Dual Wield+1"],"picked":"Limit Break+1","floor":27},{"not_picked":["Spot Weakness+1","Pommel Strike+1","Perfected Strike"],"picked":"SKIP","floor":30},{"not_picked":["Clothesline+1","Twin Strike"],"picked":"Havoc+1","floor":31},{"not_picked":["Brutality","Berserk"],"picked":"Impervious+1","floor":33},{"not_picked":["Armaments+1","Iron Wave+1"],"picked":"True Grit+1","floor":35},{"not_picked":["Self Repair+1","Prepared+1"],"picked":"Headbutt","floor":37},{"not_picked":["Crippling Poison+1","Clash+1","True Grit+1"],"picked":"SKIP","floor":38},{"not_picked":["Feel No Pain","Stack+1"],"picked":"Mayhem","floor":39},{"not_picked":["Perfected Strike","Dodge and Roll+1"],"picked":"PiercingWail+1","floor":40},{"not_picked":["Clothesline","Prepared+1","Panacea+1"],"picked":"SKIP","floor":42},{"not_picked":["Setup+1","Dual Wield+1","Redo+1"],"picked":"SKIP","floor":44},{"not_picked":["Beam Cell+1","Compile Driver"],"picked":"Flame Barrier+1","floor":45},{"not_picked":["Eviscerate","Dagger Throw+1","Caltrops+1"],"picked":"SKIP","floor":45},{"not_picked":["Leap+1","Slice"],"picked":"Brutality","floor":47},{"not_picked":["Double Energy+1","Dagger Throw+1"],"picked":"Deflect+1","floor":48},{"not_picked":["Clothesline+1","Blizzard+1","Dagger Spray+1"],"picked":"SKIP","floor":48},{"not_picked":["Thunderclap+1","Doom and Gloom+1"],"picked":"Cold Snap+1","floor":54}],"player_experience":4407337,"relics_obtained":[{"floor":7,"key":"Boot"},{"floor":9,"key":"Kunai"},{"floor":11,"key":"Centennial Puzzle"},{"floor":14,"key":"Charon\u0027s Ashes"},{"floor":23,"key":"Bottled Tornado"},{"floor":25,"key":"Gremlin Horn"},{"floor":27,"key":"Lantern"},{"floor":37,"key":"Torii"},{"floor":40,"key":"Pantograph"},{"floor":44,"key":"Prayer Wheel"},{"floor":47,"key":"Blood Vial"},{"floor":54,"key":"Dodecahedron"}],"event_choices":[{"damage_healed":0,"gold_gain":30,"player_choice":"Searched \u00273\u0027 times","damage_taken":0,"max_hp_gain":0,"max_hp_loss":0,"event_name":"Dead Adventurer","floor":14,"gold_loss":0},{"damage_healed":0,"gold_gain":0,"player_choice":"Ignored","damage_taken":0,"max_hp_gain":0,"max_hp_loss":0,"event_name":"Vampires","floor":19,"gold_loss":0},{"damage_healed":0,"gold_gain":0,"player_choice":"Read","damage_taken":0,"max_hp_gain":0,"max_hp_loss":0,"event_name":"The Library","floor":20,"gold_loss":0,"cards_obtained":["Whirlwind"]},{"damage_healed":0,"gold_gain":0,"player_choice":"Obtained Relic","damage_taken":0,"relics_obtained":["Bag of Preparation"],"max_hp_gain":0,"max_hp_loss":0,"event_name":"Addict","floor":21,"gold_loss":85},{"damage_healed":0,"gold_gain":0,"player_choice":"Fight","damage_taken":0,"max_hp_gain":0,"max_hp_loss":0,"event_name":"Mysterious Sphere","floor":37,"gold_loss":0},{"cards_removed":["Combust"],"damage_healed":0,"gold_gain":0,"player_choice":"Purged","damage_taken":0,"max_hp_gain":0,"max_hp_loss":0,"event_name":"Purifier","floor":41,"gold_loss":0}],"is_beta":true,"boss_relics":[{"not_picked":["Runic Pyramid","Black Star"],"picked":"Cursed Key"},{"not_picked":["Empty Cage","Philosopher\u0027s Stone"],"picked":"Fusion Hammer"}],"items_purged_floors":[36,53],"is_endless":false,"potions_floor_spawned":[3,5,7,12,14,18,23,31,33,38,40,42,45,48],"ascension_level":1}