{"gold_per_floor":[112,125,141,155,155,155,171,203,278,308,324,324,340,69,69,146,146,160,192,209,259,276,276,304,304,357,357,415,415,415,441,441,441],"floor_reached":33,"playtime":1306,"items_purged":[],"score":680,"play_id":"d81e9771-389e-4f93-a2a5-5ff4b0fc25e5","local_time":"20190211202114","is_ascension_mode":true,"campfire_choices":[{"data":"Cloak And Dagger","floor":6.0,"key":"SMITH"},{"floor":15.0,"key":"REST"},{"data":"Tools of the Trade","floor":23.0,"key":"SMITH"},{"data":"Finisher","floor":25.0,"key":"SMITH"},{"data":"After Image","floor":27.0,"key":"SMITH"},{"data":"Terror","floor":30.0,"key":"SMITH"},{"data":"Cloak And Dagger","floor":32.0,"key":"SMITH"}],"neow_cost":"NONE","seed_source_timestamp":1300042112002200,"circlet_count":0,"master_deck":["AscendersBane","Defend_G","Defend_G","Defend_G","Defend_G","Defend_G","Strike_G","Strike_G","Strike_G","Strike_G","Strike_G","Survivor","Neutralize","Cloak And Dagger+1","Caltrops","Backstab","Terror+1","Cloak And Dagger+1","Tools of the Trade+1","Infinite Blades","Predator","After Image+1","Masterful Stab","Unload","Finisher+1","Backflip","Dash","Finisher+1","Venomology"],"special_seed":0,"relics":["Ring of the Snake","WingedGreaves","Bottled Tornado","Du-Vu Doll","Ninja Scroll","WristBlade","Red Mask","Bag of Marbles","Bronze Scales","Tiny Chest","MutagenicStrength","Dream Catcher"],"potions_floor_usage":[33,33,33],"damage_taken":[{"damage":3.0,"enemies":"Cultist","floor":1.0,"turns":5.0},{"damage":0.0,"enemies":"Small Slimes","floor":2.0,"turns":4.0},{"damage":0.0,"enemies":"Jaw Worm","floor":3.0,"turns":6.0},{"damage":1.0,"enemies":"Exordium Thugs","floor":4.0,"turns":4.0},{"damage":6.0,"enemies":"Red Slaver","floor":7.0,"turns":4.0},{"damage":22.0,"enemies":"Lagavulin","floor":8.0,"turns":7.0},{"damage":24.0,"enemies":"3 Sentries","floor":10.0,"turns":10.0},{"damage":0.0,"enemies":"Exordium Wildlife","floor":11.0,"turns":4.0},{"damage":0.0,"enemies":"3 Louse","floor":13.0,"turns":2.0},{"damage":24.0,"enemies":"Hexaghost","floor":16.0,"turns":8.0},{"damage":0.0,"enemies":"Chosen","floor":18.0,"turns":2.0},{"damage":0.0,"enemies":"Masked Bandits","floor":19.0,"turns":2.0},{"damage":0.0,"enemies":"Spheric Guardian","floor":20.0,"turns":1.0},{"damage":0.0,"enemies":"Cultist and Chosen","floor":22.0,"turns":3.0},{"damage":0.0,"enemies":"Gremlin Leader","floor":24.0,"turns":5.0},{"damage":4.0,"enemies":"Book of Stabbing","floor":28.0,"turns":2.0},{"damage":1.0,"enemies":"Slavers","floor":31.0,"turns":2.0},{"damage":57,"enemies":"Champ","floor":33,"turns":9}],"seed_played":"9111134565161926483","potions_obtained":[{"floor":2.0,"key":"AttackPotion"},{"floor":7.0,"key":"SteroidPotion"},{"floor":8.0,"key":"PowerPotion"},{"floor":10.0,"key":"EssenceOfSteel"},{"floor":16.0,"key":"Block Potion"},{"floor":18.0,"key":"SteroidPotion"},{"floor":19.0,"key":"AttackPotion"},{"floor":24.0,"key":"GhostInAJar"}],"is_trial":false,"path_per_floor":["M","M","M","M","?","R","M","E","T","E","M","?","M","$","R","B",null,"M","?","M","?","M","R","E","R","T","R","E","?","R","E","R","B"],"character_chosen":"THE_SILENT","items_purchased":["Ninja Scroll"],"campfire_rested":1,"item_purchase_floors":[14],"current_hp_per_floor":[62,62,62,61,61,61,55,33,33,9,9,9,9,9,30,6,56,56,56,56,56,56,56,56,56,56,56,52,52,52,51,51,0],"gold":441,"neow_bonus":"TEN_PERCENT_HP_BONUS","is_prod":false,"is_daily":false,"chose_seed":false,"campfire_upgraded":6,"win_rate":0,"timestamp":1549884074,"path_taken":["M","M","M","?","?","R","M","E","T","E","M","?","?","?","R","BOSS","M","?","M","?","M","R","E","R","T","R","E","?","R","E","R","BOSS"],"build_version":"2019-01-23","purchased_purges":0,"victory":false,"max_hp_per_floor":[72,72,72,72,72,72,72,72,72,72,72,72,72,72,72,72,72,72,72,72,72,72,72,72,72,72,72,72,72,72,72,72,72],"card_choices":[{"not_picked":["Slice","Dagger Throw"],"picked":"Cloak And Dagger","floor":1.0},{"not_picked":["Flechettes","Quick Slash"],"picked":"Caltrops","floor":2.0},{"not_picked":["Cloak And Dagger","Eviscerate"],"picked":"Backstab","floor":3.0},{"not_picked":["Blur","Deadly Poison"],"picked":"Terror","floor":4.0},{"not_picked":["Dagger Spray","Expertise"],"picked":"Cloak And Dagger","floor":7.0},{"not_picked":["Poisoned Stab","Deflect"],"picked":"Tools of the Trade","floor":8.0},{"not_picked":["Quick Slash","PiercingWail"],"picked":"Infinite Blades","floor":10.0},{"not_picked":["Crippling Poison","PiercingWail"],"picked":"Predator","floor":11.0},{"not_picked":["Infinite Blades","Deflect","Poisoned Stab"],"picked":"SKIP","floor":13.0},{"not_picked":["Venomology","Tools of the Trade"],"picked":"Unload","floor":16.0},{"not_picked":["Quick Slash+1","Caltrops","Flechettes"],"picked":"SKIP","floor":18.0},{"not_picked":["Acrobatics","Heel Hook"],"picked":"Finisher+1","floor":19.0},{"not_picked":["Deflect","Flying Knee"],"picked":"Backflip","floor":20.0},{"not_picked":["Sucker Punch+1","Distraction"],"picked":"Dash","floor":22.0},{"not_picked":["Choke","Backflip"],"picked":"Finisher","floor":24.0},{"not_picked":["PiercingWail","Catalyst"],"picked":"Venomology","floor":28.0},{"not_picked":["Underhanded Strike","Dagger Throw","Prepared"],"picked":"SKIP","floor":31.0}],"player_experience":1129897,"relics_obtained":[{"floor":8.0,"key":"WingedGreaves"},{"floor":9.0,"key":"Bottled Tornado"},{"floor":10.0,"key":"Du-Vu Doll"},{"floor":19.0,"key":"Red Mask"},{"floor":24.0,"key":"Bag of Marbles"},{"floor":26.0,"key":"Bronze Scales"},{"floor":28.0,"key":"Tiny Chest"},{"floor":31.0,"key":"Dream Catcher"}],"event_choices":[{"damage_healed":0.0,"max_hp_gain":0.0,"max_hp_loss":0.0,"gold_gain":0.0,"event_name":"Liars Game","player_choice":"Ignored","floor":5.0,"gold_loss":0.0,"damage_taken":0.0},{"damage_healed":0.0,"max_hp_gain":0.0,"max_hp_loss":0.0,"gold_gain":0.0,"event_name":"Match and Keep!","player_choice":"2 cards matched","floor":12.0,"gold_loss":0.0,"damage_taken":0.0,"cards_obtained":["After Image","Masterful Stab"]},{"damage_healed":0.0,"max_hp_gain":0.0,"max_hp_loss":0.0,"gold_gain":0.0,"event_name":"Masked Bandits","player_choice":"Fought Bandits","floor":19.0,"gold_loss":0.0,"damage_taken":0.0},{"damage_healed":0.0,"max_hp_gain":0.0,"max_hp_loss":0.0,"gold_gain":50.0,"event_name":"Nest","player_choice":"Stole From Cult","floor":21.0,"gold_loss":0.0,"damage_taken":0.0},{"damage_healed":0.0,"max_hp_gain":0.0,"max_hp_loss":0.0,"gold_gain":0.0,"event_name":"Drug Dealer","player_choice":"Inject Mutagens","floor":29.0,"gold_loss":0.0,"damage_taken":0.0,"relics_obtained":["MutagenicStrength"]}],"is_beta":false,"boss_relics":[{"not_picked":["Calling Bell","Coffee Dripper"],"picked":"WristBlade"}],"items_purged_floors":[],"is_endless":false,"potions_floor_spawned":[2,7,8,10,16,18,19,22,24,31],"killed_by":"Champ","ascension_level":20}