{"gold_per_floor":[117,117,117,133,208,227,257,257,257,257,275,291,291],"floor_reached":13,"playtime":523,"items_purged":[],"score":170,"play_id":"3e9f0d2d-a5ca-4268-8d3d-7523244c74c9","local_time":"20190210032703","is_ascension_mode":true,"campfire_choices":[{"floor":10,"key":"REST"}],"neow_cost":"NONE","seed_source_timestamp":1153959157623700,"circlet_count":0,"master_deck":["AscendersBane","Strike_B","Strike_B","Strike_B","Strike_B","Defend_B","Defend_B","Zap","Dualcast","Hologram","Cold Snap","Gash","FTL","Beam Cell+1","Stack"],"relics":["Cracked Core","Ice Cream","Molten Egg 2"],"potions_floor_usage":[7,12],"damage_taken":[{"damage":4,"enemies":"Jaw Worm","floor":1,"turns":4},{"damage":4,"enemies":"Small Slimes","floor":4,"turns":3},{"damage":0,"enemies":"Cultist","floor":6,"turns":3},{"damage":43,"enemies":"3 Sentries","floor":7,"turns":7},{"damage":10,"enemies":"Looter","floor":11,"turns":3},{"damage":12,"enemies":"Exordium Wildlife","floor":12,"turns":3}],"seed_played":"1576208874572254194","potions_obtained":[{"floor":1,"key":"Swift Potion"},{"floor":4,"key":"Ancient Potion"},{"floor":6,"key":"PowerPotion"},{"floor":8,"key":"Poison Potion"},{"floor":12,"key":"GamblersBrew"}],"is_trial":false,"path_per_floor":["M","?","?","M","?","M","E","?","T","R","M","M","?"],"character_chosen":"DEFECT","items_purchased":[],"campfire_rested":1,"item_purchase_floors":[],"current_hp_per_floor":[67,67,60,56,45,45,2,2,2,25,15,3,0],"gold":291,"neow_bonus":"TEN_PERCENT_HP_BONUS","is_prod":false,"is_daily":false,"chose_seed":false,"campfire_upgraded":0,"win_rate":0,"timestamp":1549736823,"path_taken":["M","?","?","M","?","M","E","?","T","R","?","M","?"],"build_version":"2019-01-23","purchased_purges":0,"victory":false,"max_hp_per_floor":[78,78,78,78,78,78,78,78,78,78,78,78,78],"card_choices":[{"not_picked":["Darkness","Blizzard"],"picked":"Hologram","floor":1},{"not_picked":["Darkness","Rebound"],"picked":"Cold Snap","floor":4},{"not_picked":["Go for the Eyes","Skim"],"picked":"Gash","floor":6},{"not_picked":["Storm","Reprogram"],"picked":"FTL","floor":7},{"not_picked":["Steam","Doom and Gloom+1"],"picked":"Beam Cell+1","floor":11},{"not_picked":["Scrape+1","Beam Cell+1"],"picked":"Stack","floor":12}],"player_experience":1111287,"relics_obtained":[{"floor":7,"key":"Ice Cream"},{"floor":9,"key":"Molten Egg 2"}],"event_choices":[{"cards_removed":["Defend_B"],"damage_healed":0,"gold_gain":0,"player_choice":"Forget","damage_taken":0,"max_hp_gain":0,"max_hp_loss":0,"event_name":"Living Wall","floor":2,"gold_loss":0},{"cards_removed":["Defend_B"],"damage_healed":0,"gold_gain":0,"player_choice":"Card Removal","damage_taken":7,"max_hp_gain":0,"max_hp_loss":0,"event_name":"Golden Wing","floor":3,"gold_loss":0},{"damage_healed":0,"gold_gain":75,"player_choice":"Gather Gold","damage_taken":11,"max_hp_gain":0,"max_hp_loss":0,"event_name":"World of Goop","floor":5,"gold_loss":0},{"damage_healed":0,"gold_gain":0,"player_choice":"Got Potions","damage_taken":0,"max_hp_gain":0,"max_hp_loss":0,"event_name":"Lab","floor":8,"gold_loss":0}],"is_beta":false,"boss_relics":[],"items_purged_floors":[],"is_endless":false,"potions_floor_spawned":[1,4,6,12],"ascension_level":20}