{"gold_per_floor":[113,130,146,166,182,216,216,250,250,250],"floor_reached":10,"playtime":710,"items_purged":[],"score":96,"play_id":"7163d608-8633-4b28-9fdc-d3cb4c130207","local_time":"20190212212451","is_ascension_mode":true,"campfire_choices":[{"data":"Skewer","floor":7,"key":"SMITH"}],"neow_cost":"NONE","seed_source_timestamp":7497602821140,"circlet_count":0,"master_deck":["Defend_G","Defend_G","Defend_G","Defend_G","Defend_G","Strike_G","Strike_G","Strike_G","Strike_G","Strike_G","Survivor","Neutralize","Well Laid Plans","Deadly Poison","Skewer+1","Dagger Spray","Dodge and Roll","PiercingWail","Envenom","Footwork"],"relics":["Ring of the Snake","Gremlin Horn","Regal Pillow","Tingsha"],"potions_floor_usage":[6,6],"damage_taken":[{"damage":1,"enemies":"Cultist","floor":1,"turns":5},{"damage":0,"enemies":"2 Louse","floor":2,"turns":3},{"damage":2,"enemies":"Jaw Worm","floor":3,"turns":4},{"damage":15,"enemies":"Exordium Thugs","floor":4,"turns":7},{"damage":4,"enemies":"Looter","floor":5,"turns":3},{"damage":25,"enemies":"Gremlin Nob","floor":6,"turns":4},{"damage":20,"enemies":"3 Sentries","floor":8,"turns":7},{"damage":7,"enemies":"Lagavulin","floor":10,"turns":5}],"seed_played":"-6284434424361748204","potions_obtained":[{"floor":2,"key":"FearPotion"},{"floor":3,"key":"AttackPotion"},{"floor":5,"key":"SkillPotion"}],"is_trial":false,"path_per_floor":["M","M","M","M","M","E","R","E","T","E"],"character_chosen":"THE_SILENT","items_purchased":[],"campfire_rested":0,"item_purchase_floors":[],"current_hp_per_floor":[69,69,67,52,48,23,23,3,3,0],"gold":250,"neow_bonus":"THREE_CARDS","is_prod":false,"is_daily":false,"chose_seed":false,"campfire_upgraded":1,"win_rate":0,"timestamp":1550035491,"path_taken":["M","M","M","M","M","E","R","E","T","E"],"build_version":"2019-01-23","purchased_purges":0,"victory":false,"max_hp_per_floor":[70,70,70,70,70,70,70,70,70,70],"card_choices":[{"not_picked":["All Out Attack","Expertise"],"picked":"Well Laid Plans","floor":0},{"not_picked":["Backflip","Endless Agony"],"picked":"Deadly Poison","floor":1},{"not_picked":["Well Laid Plans","Crippling Poison"],"picked":"Skewer","floor":2},{"not_picked":["Accuracy","Well Laid Plans"],"picked":"Dagger Spray","floor":3},{"not_picked":["Reflex","Underhanded Strike"],"picked":"Dodge and Roll","floor":4},{"not_picked":["Dodge and Roll","Underhanded Strike"],"picked":"PiercingWail","floor":5},{"not_picked":["Acrobatics","Prepared"],"picked":"Envenom","floor":6},{"not_picked":["Backflip","Outmaneuver"],"picked":"Footwork","floor":8}],"player_experience":130271,"relics_obtained":[{"floor":6,"key":"Gremlin Horn"},{"floor":8,"key":"Regal Pillow"},{"floor":9,"key":"Tingsha"}],"event_choices":[],"is_beta":false,"boss_relics":[],"items_purged_floors":[],"is_endless":false,"potions_floor_spawned":[2,3,5],"killed_by":"Lagavulin","ascension_level":4}