{"gold_per_floor":[361,286,298,21,32,61,61,89,89,6,19,19,38,38,38,116,116,126,51,51,33,49,49],"floor_reached":23,"playtime":722,"items_purged":[],"score":402,"play_id":"474586fc-053a-4107-8f8b-9c4b0ad42795","local_time":"20190222233900","is_ascension_mode":true,"campfire_choices":[{"data":"Zap","floor":7,"key":"SMITH"},{"floor":12,"key":"REST"},{"data":"Defragment","floor":15,"key":"SMITH"}],"neow_cost":"CURSE","seed_source_timestamp":33627307714500,"circlet_count":0,"master_deck":["AscendersBane","Strike_B","Strike_B","Strike_B","Defend_B","Defend_B","Defend_B","Defend_B","Zap+1","Dualcast","Conserve Battery","Streamline","Go for the Eyes","Defragment+1","Compile Driver","Auto Shields","Parasite","Seek","Cold Snap","BootSequence"],"special_seed":0,"relics":["Cracked Core","Cables","Blue Candle","Symbiotic Virus","Pear","Nuclear Battery"],"potions_floor_usage":[8,11,16,22,23],"damage_taken":[{"damage":4.0,"enemies":"Small Slimes","floor":1.0,"turns":3.0},{"damage":0.0,"enemies":"2 Louse","floor":3.0,"turns":3.0},{"damage":2,"enemies":"Jaw Worm","floor":5,"turns":3},{"damage":13,"enemies":"Lagavulin","floor":6,"turns":7},{"damage":40,"enemies":"3 Sentries","floor":8,"turns":7},{"damage":7,"enemies":"Lots of Slimes","floor":11,"turns":4},{"damage":23,"enemies":"Large Slime","floor":13,"turns":5},{"damage":19,"enemies":"Hexaghost","floor":16,"turns":7},{"damage":15,"enemies":"Chosen","floor":18,"turns":5},{"damage":13,"enemies":"2 Thieves","floor":21,"turns":4},{"damage":19,"enemies":"Shelled Parasite and Fungi","floor":22,"turns":6},{"damage":19,"enemies":"Slavers","floor":23,"turns":3}],"seed_played":"-3356372972150468529","potions_obtained":[{"floor":3.0,"key":"SpeedPotion"},{"floor":8,"key":"Block Potion"},{"floor":13,"key":"Regen Potion"},{"floor":21,"key":"Weak Potion"},{"floor":22,"key":"Poison Potion"}],"is_trial":false,"path_per_floor":["M","?","M","$","M","E","R","E","T","$","M","R","M","?","R","B",null,"M","?","?","M","M","E"],"character_chosen":"DEFECT","items_purchased":["Cables","Defragment"],"campfire_rested":1,"item_purchase_floors":[4,10],"current_hp_per_floor":[60,60,60,60,58,45,45,5,15,15,8,32,9,29,29,25,67,52,52,44,31,12,0],"gold":49,"neow_bonus":"TWO_FIFTY_GOLD","is_prod":false,"is_daily":false,"chose_seed":false,"campfire_upgraded":2,"win_rate":0,"timestamp":1550871540,"path_taken":["M","?","M","$","M","E","R","E","T","$","M","R","M","?","R","BOSS","M","?","?","?","M","E"],"build_version":"2019-01-23","purchased_purges":0,"victory":false,"max_hp_per_floor":[71,71,71,71,71,71,71,71,81,81,81,81,81,81,81,81,81,81,81,81,81,81,81],"card_choices":[{"not_picked":["Chaos","Barrage"],"picked":"Conserve Battery","floor":1.0},{"not_picked":["Storm","Meteor Strike"],"picked":"Streamline","floor":3.0},{"not_picked":["Static Discharge","Steam"],"picked":"Go for the Eyes","floor":5},{"not_picked":["Chill","Stack","Force Field"],"picked":"SKIP","floor":6},{"not_picked":["Thunder Strike","Recycle","Tempest"],"picked":"SKIP","floor":8},{"not_picked":["Barrage","Undo"],"picked":"Compile Driver","floor":11},{"not_picked":["Go for the Eyes","Gash"],"picked":"Auto Shields","floor":13},{"not_picked":["Thunder Strike","Creative AI"],"picked":"Seek","floor":16},{"not_picked":["Barrage","Auto Shields"],"picked":"Cold Snap","floor":18},{"not_picked":["Leap","Redo"],"picked":"BootSequence","floor":21},{"not_picked":["Skim","Chill","Beam Cell"],"picked":"SKIP","floor":22}],"player_experience":889975,"relics_obtained":[{"floor":6,"key":"Blue Candle"},{"floor":8,"key":"Symbiotic Virus"},{"floor":9,"key":"Pear"}],"event_choices":[{"cards_removed":["Shame"],"damage_healed":0.0,"max_hp_gain":0.0,"max_hp_loss":0.0,"gold_gain":0.0,"event_name":"The Cleric","player_choice":"Card Removal","floor":2.0,"gold_loss":75.0,"damage_taken":0.0},{"damage_healed":20,"gold_gain":0,"player_choice":"Healed and dodged fight","damage_taken":0,"max_hp_gain":0,"max_hp_loss":0,"event_name":"Mushrooms","floor":14,"gold_loss":0,"cards_obtained":["Parasite"]},{"cards_removed":["Strike_B"],"damage_healed":0,"gold_gain":0,"player_choice":"Gave Gold","damage_taken":0,"max_hp_gain":0,"max_hp_loss":0,"event_name":"Beggar","floor":19,"gold_loss":75},{"damage_healed":0,"gold_gain":0,"player_choice":"","damage_taken":8,"max_hp_gain":0,"max_hp_loss":0,"event_name":"Knowing Skull","floor":20,"potions_obtained":[],"gold_loss":0,"cards_obtained":[]}],"is_beta":false,"boss_relics":[{"not_picked":["Fusion Hammer","Ectoplasm"],"picked":"Nuclear Battery"}],"items_purged_floors":[],"is_endless":false,"potions_floor_spawned":[3,8,13,21,22],"killed_by":"Slavers","ascension_level":20}