{"gold_per_floor":[16,36,48,48,63,97,97,27,51,51,51,62,80,107,107,211,211,211,60,60,60,60,60,60,60,60,60,60,60,60,60,60,60,60,60,0,0,0,0,0,0,0,0,0,0,0,0,0,0,0,0,0,0,0,0],"floor_reached":56,"playtime":3936,"items_purged":["Strike_B"],"score":1413,"play_id":"560cc909-1e4a-47c6-abeb-2ef300a6eaf8","local_time":"20181201161508","is_ascension_mode":true,"campfire_choices":[{"data":"Zap","floor":7,"key":"SMITH"},{"data":"Defragment","floor":15,"key":"SMITH"},{"data":"Fission","floor":23,"key":"SMITH"},{"data":"Fission","floor":28,"key":"SMITH"},{"data":"Storm","floor":32,"key":"SMITH"},{"data":"Coolheaded","floor":40,"key":"SMITH"},{"data":"Coolheaded","floor":42,"key":"SMITH"},{"data":"Creative AI","floor":46,"key":"SMITH"},{"floor":49,"key":"RECALL"},{"data":"Go for the Eyes","floor":52,"key":"SMITH"}],"neow_cost":"NO_GOLD","seed_source_timestamp":643372569574002,"circlet_count":0,"master_deck":["Defend_B","Defend_B","Defend_B","Zap+1","Dualcast","Ball Lightning","Cold Snap","Coolheaded+1","Turbo","Go for the Eyes+1","Cold Snap","Sunder","Meteor Strike","Defragment+1","Steam Power","Fission+1","Conserve Battery","Coolheaded+1","Go for the Eyes","Storm+1","Ball Lightning","Hello World","Fission+1","Stack+1","Leap","Echo Form","Stack","Turbo","BootSequence","White Noise","Undo+1","Creative AI+1","Stack","Conserve Battery+1","Storm+1"],"relics":["Cracked Core","Strawberry","Potion Belt","Centennial Puzzle","Ancient Tea Set","Ectoplasm","Regal Pillow","MawBank","Bottled Flame","Lantern","Coffee Dripper","Red Mask","Kunai","Ornamental Fan","The Courier","Symbiotic Virus"],"potions_floor_usage":[6,27,27,30,31,41,55,55,55,55,55],"damage_taken":[{"damage":5,"enemies":"Small Slimes","floor":1,"turns":3},{"damage":0,"enemies":"Cultist","floor":2,"turns":2},{"damage":0,"enemies":"2 Louse","floor":3,"turns":2},{"damage":5,"enemies":"Looter","floor":5,"turns":3},{"damage":0,"enemies":"Gremlin Nob","floor":6,"turns":3},{"damage":8,"enemies":"Gremlin Gang","floor":12,"turns":3},{"damage":11,"enemies":"Lots of Slimes","floor":13,"turns":3},{"damage":7,"enemies":"Lagavulin","floor":14,"turns":7},{"damage":4,"enemies":"Hexaghost","floor":16,"turns":9},{"damage":0,"enemies":"Spheric Guardian","floor":18,"turns":4},{"damage":0,"enemies":"Shell Parasite","floor":21,"turns":5},{"damage":0,"enemies":"Cultist and Chosen","floor":22,"turns":4},{"damage":6,"enemies":"Book of Stabbing","floor":24,"turns":4},{"damage":0,"enemies":"Sentry and Sphere","floor":25,"turns":5},{"damage":5,"enemies":"Slavers","floor":27,"turns":5},{"damage":3,"enemies":"Snake Plant","floor":30,"turns":3},{"damage":0,"enemies":"Gremlin Leader","floor":31,"turns":8},{"damage":51,"enemies":"Automaton","floor":33,"turns":11},{"damage":7,"enemies":"3 Darklings","floor":35,"turns":5},{"damage":0,"enemies":"Orb Walker","floor":38,"turns":3},{"damage":11,"enemies":"Transient","floor":39,"turns":5},{"damage":0,"enemies":"Reptomancer","floor":41,"turns":7},{"damage":0,"enemies":"Nemesis","floor":44,"turns":5},{"damage":9,"enemies":"4 Shapes","floor":45,"turns":4},{"damage":1,"enemies":"3 Darklings","floor":47,"turns":4},{"damage":4,"enemies":"Sphere and 2 Shapes","floor":48,"turns":4},{"damage":24,"enemies":"Awakened One","floor":50,"turns":17},{"damage":5,"enemies":"Shield and Spear","floor":54,"turns":6},{"damage":8,"enemies":"The Heart","floor":55,"turns":8}],"seed_played":"7562154571070048312","potions_obtained":[{"floor":2,"key":"Poison Potion"},{"floor":5,"key":"SpeedPotion"},{"floor":16,"key":"SpeedPotion"},{"floor":18,"key":"AttackPotion"},{"floor":21,"key":"Regen Potion"},{"floor":27,"key":"Dexterity Potion"},{"floor":30,"key":"Block Potion"},{"floor":31,"key":"Regen Potion"},{"floor":38,"key":"SpeedPotion"},{"floor":44,"key":"Weak Potion"},{"floor":47,"key":"Weak Potion"},{"floor":48,"key":"FocusPotion"}],"is_trial":false,"path_per_floor":["M","M","M","?","M","E","R","$","T","?","?","M","M","E","R","B",null,"M","$","?","M","M","R","E","M","T","E","R","T","M","E","R","B",null,"M","?","?","M","M","R","E","R","T","E","M","R","M","M","R","B",null,"R","$","E","B",null],"character_chosen":"DEFECT","items_purchased":["Sunder","FocusPotion"],"campfire_rested":0,"item_purchase_floors":[8,19],"current_hp_per_floor":[70,70,70,70,65,72,72,72,72,60,60,52,41,34,34,30,82,82,82,82,82,82,82,76,76,76,71,71,71,68,68,68,17,82,75,75,75,75,64,64,79,79,79,79,70,70,69,65,65,41,82,82,82,77,69],"gold":0,"neow_bonus":"REMOVE_TWO","is_prod":false,"is_daily":false,"chose_seed":false,"campfire_upgraded":9,"win_rate":0,"timestamp":1543698908,"path_taken":["M","M","M","?","M","E","R","?","T","?","?","?","?","E","R","BOSS","M","$","?","M","M","R","E","M","T","E","R","?","M","E","R","BOSS","M","?","?","?","M","R","E","R","T","E","M","R","M","M","R","BOSS","R","$","E","BOSS"],"build_version":"2018-11-15","purchased_purges":1,"victory":true,"max_hp_per_floor":[75,75,75,75,75,82,82,82,82,82,82,82,82,82,82,82,82,82,82,82,82,82,82,82,82,82,82,82,82,82,82,82,82,82,82,82,82,82,82,82,82,82,82,82,82,82,82,82,82,82,82,82,82,82,82],"card_choices":[{"not_picked":["Hologram","Conserve Battery"],"picked":"Ball Lightning","floor":1},{"not_picked":["Chaos","Steam"],"picked":"Cold Snap","floor":2},{"not_picked":["Sweeping Beam","Meteor Strike"],"picked":"Coolheaded","floor":3},{"not_picked":["Steam","Reprogram"],"picked":"Go for the Eyes","floor":5},{"not_picked":["Compile Driver","Hello World"],"picked":"Cold Snap","floor":6},{"not_picked":["FTL","Skim"],"picked":"Defragment","floor":12},{"not_picked":["Streamline","Melter","Reprogram"],"picked":"SKIP","floor":13},{"not_picked":["Gash","Heatsinks"],"picked":"Steam Power","floor":14},{"not_picked":["Amplify","Thunder Strike"],"picked":"Fission","floor":16},{"not_picked":["Stack","Sweeping Beam"],"picked":"Conserve Battery","floor":18},{"not_picked":["Heatsinks","Turbo"],"picked":"Go for the Eyes","floor":21},{"not_picked":["BootSequence","Hello World"],"picked":"Storm","floor":22},{"not_picked":["Streamline+1","Redo+1"],"picked":"Ball Lightning","floor":24},{"not_picked":["Coolheaded","Turbo"],"picked":"Hello World","floor":25},{"not_picked":["Coolheaded","Turbo"],"picked":"Fission","floor":27},{"not_picked":["Rebound","Turbo"],"picked":"Stack+1","floor":30},{"not_picked":["Beam Cell","Rebound"],"picked":"Leap","floor":31},{"not_picked":["Multi-Cast","Biased Cognition"],"picked":"Echo Form","floor":33},{"not_picked":["Steam","Gash+1"],"picked":"Stack","floor":35},{"not_picked":["Chill+1","Compile Driver+1"],"picked":"BootSequence","floor":38},{"not_picked":["Compile Driver","Gash+1"],"picked":"White Noise","floor":39},{"not_picked":["Sweeping Beam+1","Beam Cell"],"picked":"Undo+1","floor":41},{"not_picked":["Lockon+1","All For One"],"picked":"Creative AI","floor":44},{"not_picked":["Rebound","Redo+1"],"picked":"Stack","floor":45},{"not_picked":["Double Energy+1","Streamline"],"picked":"Conserve Battery+1","floor":47},{"not_picked":["Reprogram+1","Self Repair"],"picked":"Storm+1","floor":48},{"not_picked":["Sweeping Beam","Fusion","Ball Lightning+1"],"picked":"SKIP","floor":54}],"player_experience":3616163,"relics_obtained":[{"floor":6,"key":"Strawberry"},{"floor":9,"key":"Potion Belt"},{"floor":14,"key":"Ancient Tea Set"},{"floor":24,"key":"Regal Pillow"},{"floor":27,"key":"MawBank"},{"floor":29,"key":"Bottled Flame"},{"floor":31,"key":"Lantern"},{"floor":41,"key":"Kunai"},{"floor":43,"key":"Ornamental Fan"},{"floor":44,"key":"The Courier"},{"floor":54,"key":"Symbiotic Virus"}],"event_choices":[{"damage_healed":0,"gold_gain":0,"cards_transformed":["Strike_B"],"player_choice":"Transformed","damage_taken":0,"max_hp_gain":0,"max_hp_loss":0,"event_name":"Transmorgrifier","floor":4,"gold_loss":0,"cards_obtained":["Turbo"]},{"damage_healed":0,"gold_gain":0,"player_choice":"Success","damage_taken":12,"relics_obtained":["Centennial Puzzle"],"max_hp_gain":0,"max_hp_loss":0,"event_name":"Scrap Ooze","floor":10,"gold_loss":0},{"damage_healed":0,"gold_gain":0,"player_choice":"1 cards matched","damage_taken":0,"max_hp_gain":0,"max_hp_loss":0,"event_name":"Match and Keep!","floor":11,"gold_loss":0,"cards_obtained":["Meteor Strike"]},{"damage_healed":0,"gold_gain":0,"player_choice":"Read","damage_taken":0,"max_hp_gain":0,"max_hp_loss":0,"event_name":"The Library","floor":20,"gold_loss":0,"cards_obtained":["Coolheaded"]},{"damage_healed":0,"gold_gain":0,"player_choice":"Paid","damage_taken":0,"relics_obtained":["Red Mask"],"max_hp_gain":0,"max_hp_loss":0,"event_name":"Tomb of Lord Red Mask","floor":36,"gold_loss":60},{"damage_healed":0,"gold_gain":0,"cards_transformed":["Strike_B"],"player_choice":"Transformed","damage_taken":0,"max_hp_gain":0,"max_hp_loss":0,"event_name":"Transmorgrifier","floor":37,"gold_loss":0,"cards_obtained":["Turbo"]}],"is_beta":true,"boss_relics":[{"not_picked":["Pandora\u0027s Box","Cursed Key"],"picked":"Ectoplasm"},{"not_picked":["Busted Crown","Black Star"],"picked":"Coffee Dripper"}],"items_purged_floors":[19],"is_endless":false,"potions_floor_spawned":[2,5,16,18,21,27,30,31,38,39,44,47,48],"ascension_level":1}