{"gold_per_floor":[20,34,50,50,50,78,93,37,82,94,106,147,178,208,220,306,318,340,352,379,74,74,100,100,113,136,136,156,174,174],"floor_reached":30,"playtime":1197,"items_purged":[],"score":699,"play_id":"81eaacfa-44b3-402a-9f9c-b13a05eb8622","local_time":"20190210000246","is_ascension_mode":true,"campfire_choices":[{"data":"Beam Cell","floor":11.0,"key":"SMITH"},{"floor":15,"key":"REST"},{"floor":24,"key":"REST"},{"data":"Defragment","floor":27,"key":"SMITH"}],"neow_cost":"NO_GOLD","seed_source_timestamp":2644765224996655,"circlet_count":0,"master_deck":["AscendersBane","Defend_B","Defend_B","Defend_B","Defend_B","Zap","Dualcast","Ball Lightning","Beam Cell+1","Hologram","Buffer","Conserve Battery","Defragment+1","Cold Snap","Streamline","Core Surge","Ball Lightning","Bite","Bite","Bite","Bite","Bite","White Noise+1","Conserve Battery","Barrage","FTL"],"special_seed":0,"relics":["Cracked Core","Unceasing Top","Blue Candle","MawBank","Anchor","Sozu","Ice Cream","Regal Pillow","Boot"],"potions_floor_usage":[12,16,16,23],"damage_taken":[{"damage":0.0,"enemies":"2 Louse","floor":1.0,"turns":2.0},{"damage":6.0,"enemies":"Cultist","floor":2.0,"turns":3.0},{"damage":3.0,"enemies":"Small Slimes","floor":3.0,"turns":3.0},{"damage":8.0,"enemies":"Gremlin Nob","floor":6.0,"turns":3.0},{"damage":7.0,"enemies":"2 Fungi Beasts","floor":7.0,"turns":3.0},{"damage":0,"enemies":"Lagavulin","floor":12,"turns":5},{"damage":20,"enemies":"Exordium Wildlife","floor":13,"turns":7},{"damage":11,"enemies":"Exordium Thugs","floor":14,"turns":6},{"damage":0,"enemies":"Slime Boss","floor":16,"turns":7},{"damage":16,"enemies":"Shell Parasite","floor":18,"turns":6},{"damage":17,"enemies":"Spheric Guardian","floor":20,"turns":4},{"damage":32,"enemies":"Gremlin Leader","floor":23,"turns":8},{"damage":4,"enemies":"Snecko","floor":25,"turns":5},{"damage":19,"enemies":"Chosen and Byrds","floor":28,"turns":7},{"damage":26,"enemies":"Snake Plant","floor":29,"turns":4},{"damage":19,"enemies":"Slavers","floor":30,"turns":2}],"seed_played":"2807606215322415892","potions_obtained":[{"floor":4.0,"key":"Fire Potion"},{"floor":4.0,"key":"SteroidPotion"},{"floor":6.0,"key":"Fire Potion"},{"floor":7.0,"key":"PowerPotion"},{"floor":13,"key":"PowerPotion"},{"floor":16,"key":"SpeedPotion"}],"is_trial":false,"path_per_floor":["M","M","M","?","$","E","M","?","T","?","R","E","M","M","R","B",null,"M","?","M","$","?","E","R","M","T","R","M","M","E"],"character_chosen":"DEFECT","items_purchased":["Ice Cream"],"campfire_rested":2,"item_purchase_floors":[21],"current_hp_per_floor":[64,58,55,55,55,47,40,40,40,40,40,40,20,9,30,30,61,45,45,34,34,34,22,49,49,49,49,30,14,0],"gold":174,"neow_bonus":"ONE_RARE_RELIC","is_prod":false,"is_daily":false,"chose_seed":false,"campfire_upgraded":2,"win_rate":0,"timestamp":1549774966,"path_taken":["M","M","M","?","?","E","M","?","T","?","R","E","M","M","R","BOSS","M","?","M","$","?","E","R","M","T","R","?","?","E"],"build_version":"2019-01-23","purchased_purges":0,"victory":false,"max_hp_per_floor":[71,71,71,71,71,71,71,71,71,71,71,71,71,71,71,71,71,71,49,49,49,49,49,49,49,49,49,49,49,49],"card_choices":[{"not_picked":["Stack","Compile Driver"],"picked":"Ball Lightning","floor":1.0},{"not_picked":["Undo","Stack"],"picked":"Beam Cell","floor":2.0},{"not_picked":["Capacitor","Darkness"],"picked":"Hologram","floor":3.0},{"not_picked":["Barrage","Recycle"],"picked":"Buffer","floor":6.0},{"not_picked":["Hello World","Redo"],"picked":"Conserve Battery","floor":7.0},{"not_picked":["Biased Cognition","Loop"],"picked":"Defragment","floor":12},{"not_picked":["Storm","Sweeping Beam"],"picked":"Cold Snap","floor":13},{"not_picked":["Coolheaded","Compile Driver"],"picked":"Streamline","floor":14},{"not_picked":["Amplify","Seek"],"picked":"Core Surge","floor":16},{"not_picked":["Leap","Consume"],"picked":"Ball Lightning","floor":18},{"not_picked":["Go for the Eyes","Ball Lightning"],"picked":"White Noise","floor":20},{"not_picked":["Darkness","Gash","Reboot"],"picked":"SKIP","floor":23},{"not_picked":["Loop","Turbo+1"],"picked":"Conserve Battery","floor":25},{"not_picked":["Consume","Leap"],"picked":"Barrage","floor":28},{"not_picked":["Ball Lightning","Lockon"],"picked":"FTL","floor":29}],"player_experience":914118,"relics_obtained":[{"floor":6.0,"key":"Blue Candle"},{"floor":9.0,"key":"MawBank"},{"floor":12,"key":"Anchor"},{"floor":23,"key":"Regal Pillow"},{"floor":26,"key":"Boot"}],"event_choices":[{"damage_healed":0.0,"max_hp_gain":0.0,"max_hp_loss":0.0,"gold_gain":0.0,"event_name":"Lab","player_choice":"Got Potions","floor":4.0,"gold_loss":0.0,"damage_taken":0.0},{"damage_healed":0.0,"max_hp_gain":0.0,"max_hp_loss":0.0,"gold_gain":0.0,"event_name":"World of Goop","player_choice":"Left Gold","floor":8.0,"gold_loss":56.0,"damage_taken":0.0},{"damage_healed":0.0,"max_hp_gain":0.0,"max_hp_loss":0.0,"gold_gain":0.0,"event_name":"Liars Game","player_choice":"Ignored","floor":10.0,"gold_loss":0.0,"damage_taken":0.0},{"damage_healed":0,"gold_gain":0,"player_choice":"Became a vampire","damage_taken":0,"max_hp_gain":0,"max_hp_loss":22,"event_name":"Vampires","floor":19,"gold_loss":0,"cards_obtained":["Bite","Bite","Bite","Bite","Bite"]},{"damage_healed":0,"gold_gain":0,"player_choice":"Forge","damage_taken":0,"max_hp_gain":0,"max_hp_loss":0,"event_name":"Accursed Blacksmith","floor":22,"gold_loss":0,"cards_upgraded":["White Noise"]}],"is_beta":false,"boss_relics":[{"not_picked":["Cursed Key","Ectoplasm"],"picked":"Sozu"}],"items_purged_floors":[],"is_endless":false,"potions_floor_spawned":[6,7,13,16,23,28,29],"killed_by":"Slavers","ascension_level":20}