{"gold_per_floor":[112,9,184,203,303,337,337,350,404,404,437,437,456,483,483,583,583,595,510,510,525,28,58,58,58,110,144,144,178,178,197,197,301,301,319,335,27,27,40,105,105,140,140,169,244,154,154,154,154,154,154,154,10,40,40],"floor_reached":56,"playtime":2160,"items_purged":["Doubt","Writhe"],"score":1622,"play_id":"3fad454c-c70c-4430-8821-35df49d4bc69","local_time":"20181112234200","is_ascension_mode":true,"campfire_choices":[{"data":"Armaments","floor":7,"key":"SMITH"},{"data":"Inflame","floor":10,"key":"SMITH"},{"data":"Inflame","floor":12,"key":"SMITH"},{"data":"Whirlwind","floor":15,"key":"SMITH"},{"data":"Mayhem","floor":24,"key":"SMITH"},{"data":"Limit Break","floor":28,"key":"SMITH"},{"data":"Offering","floor":30,"key":"SMITH"},{"data":"Battle Trance","floor":32,"key":"SMITH"},{"data":"Seeing Red","floor":41,"key":"SMITH"},{"floor":49,"key":"RECALL"},{"data":"Warcry","floor":52,"key":"SMITH"}],"neow_cost":"NONE","seed_source_timestamp":1623319462234093,"circlet_count":0,"master_deck":["Strike_R+1","Strike_R+1","Strike_R+1","Strike_R+1","Defend_R+1","Defend_R+1","Defend_R+1","Defend_R+1","Bash+1","Headbutt+1","Inflame+1","Armaments+1","Battle Trance+1","Whirlwind+1","Inflame+1","Warcry+1","Offering+1","Limit Break+1","Mayhem+1","Ghostly Armor+1","Uppercut+1","Seeing Red+1","Impervious","Pommel Strike+1","Thunderclap","Demon Form+1","Shrug It Off+1"],"relics":["Burning Blood","NeowsBlessing","Strawberry","Pen Nib","Anchor","Bag of Marbles","Busted Crown","Ice Cream","Chemical X","Whetstone","Incense Burner","Vajra","Letter Opener","Art of War","Sozu","ClockworkSouvenir","Frozen Egg 2","Tiny Chest","Smiling Mask","Juzu Bracelet","Blue Candle","PreservedInsect","Ancient Tea Set"],"potions_floor_usage":[11,23,29,55,55,55],"damage_taken":[{"damage":0,"enemies":"Cultist","floor":1,"turns":1},{"damage":0,"enemies":"Jaw Worm","floor":4,"turns":1},{"damage":0,"enemies":"Lagavulin","floor":6,"turns":1},{"damage":1,"enemies":"2 Louse","floor":8,"turns":2},{"damage":17,"enemies":"3 Sentries","floor":11,"turns":5},{"damage":6,"enemies":"Exordium Thugs","floor":13,"turns":4},{"damage":18,"enemies":"Lagavulin","floor":14,"turns":6},{"damage":6,"enemies":"Slime Boss","floor":16,"turns":5},{"damage":6,"enemies":"Shell Parasite","floor":18,"turns":2},{"damage":6,"enemies":"Chosen","floor":21,"turns":2},{"damage":17,"enemies":"Slavers","floor":23,"turns":4},{"damage":7,"enemies":"Gremlin Leader","floor":27,"turns":3},{"damage":0,"enemies":"Book of Stabbing","floor":29,"turns":1},{"damage":0,"enemies":"Snecko","floor":31,"turns":2},{"damage":6,"enemies":"Collector","floor":33,"turns":4},{"damage":0,"enemies":"3 Darklings","floor":35,"turns":4},{"damage":9,"enemies":"3 Shapes","floor":36,"turns":2},{"damage":1,"enemies":"Writhing Mass","floor":39,"turns":2},{"damage":0,"enemies":"Reptomancer","floor":40,"turns":2},{"damage":34,"enemies":"Nemesis","floor":42,"turns":5},{"damage":0,"enemies":"Giant Head","floor":44,"turns":5},{"damage":18,"enemies":"Donu and Deca","floor":50,"turns":4},{"damage":4,"enemies":"Shield and Spear","floor":54,"turns":5},{"damage":52,"enemies":"The Heart","floor":55,"turns":6}],"seed_played":"7783953663237958956","potions_obtained":[{"floor":4,"key":"Regen Potion"},{"floor":8,"key":"Fire Potion"},{"floor":11,"key":"Strength Potion"},{"floor":13,"key":"Block Potion"},{"floor":27,"key":"SkillPotion"},{"floor":29,"key":"GamblersBrew"}],"is_trial":false,"path_per_floor":["M","$","?","M","?","E","R","M","T","R","E","R","M","E","R","B",null,"M","?","?","M","$","E","R","?","T","E","R","E","R","M","R","B",null,"M","M","$","?","M","E","R","E","T","E","?","?","T","?","R","B",null,"R","$","E","B",null],"character_chosen":"IRONCLAD","items_purchased":["Inflame","Armaments","Chemical X","Mayhem","Ghostly Armor","ClockworkSouvenir","PreservedInsect"],"campfire_rested":0,"item_purchase_floors":[2,2,22,22,22,37,53],"current_hp_per_floor":[80,80,80,80,80,87,87,87,87,87,76,76,76,64,64,64,87,87,87,87,87,87,76,76,76,76,75,75,81,81,87,87,87,87,87,84,84,84,87,87,87,59,59,65,57,57,57,57,57,45,87,87,87,87,53],"gold":40,"neow_bonus":"THREE_ENEMY_KILL","is_prod":false,"is_daily":false,"chose_seed":false,"campfire_upgraded":10,"win_rate":0,"timestamp":1542084120,"path_taken":["M","?","?","M","?","E","R","?","T","R","E","R","M","E","R","BOSS","M","?","?","M","$","E","R","?","T","E","R","E","R","M","R","BOSS","M","M","$","?","?","E","R","E","T","E","?","?","?","?","R","BOSS","R","$","E","BOSS"],"build_version":"2018-11-08","purchased_purges":2,"victory":true,"max_hp_per_floor":[80,80,80,80,80,87,87,87,87,87,87,87,87,87,87,87,87,87,87,87,87,87,87,87,87,87,87,87,87,87,87,87,87,87,87,87,87,87,87,87,87,87,87,87,87,87,87,87,87,87,87,87,87,87,87],"card_choices":[{"not_picked":["Flex","Twin Strike"],"picked":"Headbutt","floor":1},{"not_picked":["Cleave","Clothesline"],"picked":"Battle Trance","floor":4},{"not_picked":["Shrug It Off","Flex"],"picked":"Whirlwind","floor":6},{"not_picked":["Exhume","Twin Strike","Blood for Blood"],"picked":"SKIP","floor":8},{"not_picked":["Ghostly Armor","Second Wind"],"picked":"Inflame","floor":11},{"not_picked":["Corruption","Evolve"],"picked":"Warcry","floor":13},{"not_picked":["Evolve","Body Slam"],"picked":"Offering","floor":14},{"not_picked":["Berserk","Dark Embrace"],"picked":"Limit Break","floor":16},{"not_picked":["Bloodletting"],"picked":"SKIP","floor":18},{"not_picked":["Pummel"],"picked":"SKIP","floor":21},{"not_picked":["Perfected Strike"],"picked":"SKIP","floor":23},{"not_picked":[],"picked":"Uppercut+1","floor":27},{"not_picked":[],"picked":"Seeing Red","floor":29},{"not_picked":["Cleave"],"picked":"SKIP","floor":31},{"not_picked":[],"picked":"Impervious","floor":33},{"not_picked":["Perfected Strike+1"],"picked":"SKIP","floor":35},{"not_picked":[],"picked":"Pommel Strike+1","floor":36},{"not_picked":[],"picked":"Thunderclap","floor":39},{"not_picked":[],"picked":"Demon Form+1","floor":40},{"not_picked":["Rupture+1"],"picked":"SKIP","floor":42},{"not_picked":[],"picked":"Shrug It Off+1","floor":44},{"not_picked":["Wild Strike"],"picked":"SKIP","floor":54}],"player_experience":3396760,"relics_obtained":[{"floor":6,"key":"Strawberry"},{"floor":9,"key":"Pen Nib"},{"floor":11,"key":"Anchor"},{"floor":14,"key":"Bag of Marbles"},{"floor":23,"key":"Whetstone"},{"floor":26,"key":"Vajra"},{"floor":27,"key":"Letter Opener"},{"floor":29,"key":"Art of War"},{"floor":38,"key":"Frozen Egg 2"},{"floor":40,"key":"Tiny Chest"},{"floor":42,"key":"Smiling Mask"},{"floor":44,"key":"Juzu Bracelet"},{"floor":47,"key":"Blue Candle"},{"floor":54,"key":"Ancient Tea Set"}],"event_choices":[{"damage_healed":0,"gold_gain":175,"player_choice":"AGREE","damage_taken":0,"max_hp_gain":0,"max_hp_loss":0,"event_name":"Liars Game","floor":3,"gold_loss":0,"cards_obtained":["Doubt"]},{"damage_healed":0,"gold_gain":100,"player_choice":"Pray","damage_taken":0,"max_hp_gain":0,"max_hp_loss":0,"event_name":"Golden Shrine","floor":5,"gold_loss":0},{"damage_healed":0,"gold_gain":0,"player_choice":"Obtained Relic","damage_taken":0,"relics_obtained":["Ice Cream"],"max_hp_gain":0,"max_hp_loss":0,"event_name":"Addict","floor":19,"gold_loss":85},{"damage_healed":0,"gold_gain":0,"player_choice":"Simplicity","damage_taken":0,"max_hp_gain":0,"max_hp_loss":0,"event_name":"Back to Basics","floor":20,"gold_loss":0,"cards_upgraded":["Strike_R","Strike_R","Strike_R","Strike_R","Strike_R","Defend_R","Defend_R","Defend_R","Defend_R"]},{"damage_healed":0,"gold_gain":0,"player_choice":"Opened","damage_taken":0,"relics_obtained":["Incense Burner"],"max_hp_gain":0,"max_hp_loss":0,"event_name":"The Mausoleum","floor":25,"gold_loss":0,"cards_obtained":["Writhe"]},{"damage_healed":0,"gold_gain":0,"player_choice":"Relic","damage_taken":0,"max_hp_gain":0,"max_hp_loss":0,"event_name":"Wheel of Change","floor":38,"gold_loss":0},{"damage_healed":0,"gold_gain":75,"player_choice":"Touch","damage_taken":8,"max_hp_gain":0,"max_hp_loss":0,"event_name":"FaceTrader","floor":45,"gold_loss":0},{"cards_removed":["Strike_R"],"damage_healed":0,"gold_gain":0,"player_choice":"Upgrade and Remove","damage_taken":0,"max_hp_gain":0,"max_hp_loss":0,"event_name":"Designer","floor":46,"gold_loss":90,"cards_upgraded":["Ghostly Armor"]},{"damage_healed":0,"gold_gain":0,"player_choice":"Ignored","damage_taken":0,"max_hp_gain":0,"max_hp_loss":0,"event_name":"Tomb of Lord Red Mask","floor":48,"gold_loss":0}],"is_beta":true,"boss_relics":[{"not_picked":["White Beast Statue","Philosopher\u0027s Stone"],"picked":"Busted Crown"},{"not_picked":["Empty Cage","Astrolabe"],"picked":"Sozu"}],"items_purged_floors":[22,37],"is_endless":false,"potions_floor_spawned":[4,8,11,13,27,29,36,42],"ascension_level":1}