{"gold_per_floor":[109,119,9,20,40,40,74,39,39,58,58,76,107,126,126,203,203,217,187,200,200,12,12,12,30,54,54,80,99,99,115,115,115],"floor_reached":33,"playtime":1858,"items_purged":[],"score":587,"play_id":"ee4f5828-787c-4f49-a5bf-de94be0a8f86","local_time":"20190208165111","is_ascension_mode":true,"campfire_choices":[{"data":"Streamline","floor":6.0,"key":"SMITH"},{"floor":15.0,"key":"REST"},{"data":"Seek","floor":23.0,"key":"SMITH"},{"floor":27.0,"key":"REST"},{"floor":32.0,"key":"REST"}],"neow_cost":"NONE","seed_source_timestamp":2531541118079126,"circlet_count":0,"master_deck":["AscendersBane","Defend_B","Defend_B","Defend_B","Defend_B","Zap","Dualcast","Streamline","Streamline+1","Go for the Eyes","Coolheaded","Compile Driver","Go for the Eyes","Leap","Sweeping Beam","All For One","Streamline","Reboot","Recycle+1","Conserve Battery","Bite","Bite","Bite","Bite","Bite","Seek+1","Finesse","Hologram","Buffer","Steam","Compile Driver"],"special_seed":0,"relics":["Cracked Core","NeowsBlessing","Ornamental Fan","Kunai","Bag of Marbles","Sozu","Orichalcum","Smiling Mask"],"potions_floor_usage":[],"damage_taken":[{"damage":0.0,"enemies":"Jaw Worm","floor":1.0,"turns":1.0},{"damage":0.0,"enemies":"2 Louse","floor":2.0,"turns":1.0},{"damage":0.0,"enemies":"Cultist","floor":4.0,"turns":1.0},{"damage":1.0,"enemies":"2 Fungi Beasts","floor":5.0,"turns":3.0},{"damage":20.0,"enemies":"Lagavulin","floor":7.0,"turns":6.0},{"damage":11.0,"enemies":"Gremlin Gang","floor":10.0,"turns":4.0},{"damage":14.0,"enemies":"Lots of Slimes","floor":12.0,"turns":4.0},{"damage":25.0,"enemies":"Gremlin Nob","floor":13.0,"turns":4.0},{"damage":2.0,"enemies":"2 Fungi Beasts","floor":14.0,"turns":2.0},{"damage":16.0,"enemies":"Slime Boss","floor":16.0,"turns":9.0},{"damage":0.0,"enemies":"Chosen","floor":18.0,"turns":3.0},{"damage":18.0,"enemies":"2 Thieves","floor":19.0,"turns":4.0},{"damage":20.0,"enemies":"Snake Plant","floor":20.0,"turns":2.0},{"damage":4.0,"enemies":"Cultist and Chosen","floor":25.0,"turns":4.0},{"damage":33.0,"enemies":"Gremlin Leader","floor":28.0,"turns":6.0},{"damage":19.0,"enemies":"Snecko","floor":29.0,"turns":5.0},{"damage":16.0,"enemies":"Chosen and Byrds","floor":31.0,"turns":7.0},{"damage":59,"enemies":"Collector","floor":33,"turns":14}],"seed_played":"1174563301157955527","potions_obtained":[{"floor":1.0,"key":"Weak Potion"},{"floor":7.0,"key":"EssenceOfSteel"},{"floor":10.0,"key":"Explosive Potion"},{"floor":13.0,"key":"Dexterity Potion"}],"is_trial":false,"path_per_floor":["M","M","$","M","M","R","E","?","T","M","?","M","E","M","R","B",null,"M","M","M","?","$","R","$","M","T","R","E","M","?","M","R","B"],"character_chosen":"DEFECT","items_purchased":["Go for the Eyes","Coolheaded","Seek","Finesse"],"campfire_rested":3,"item_purchase_floors":[3,3,22,22],"current_hp_per_floor":[64,64,64,64,63,63,43,60,60,49,54,40,15,13,35,19,62,62,44,24,24,24,24,24,26,26,41,18,15,15,19,34,0],"gold":115,"neow_bonus":"THREE_ENEMY_KILL","is_prod":false,"is_daily":false,"chose_seed":false,"campfire_upgraded":2,"win_rate":0,"timestamp":1549662671,"path_taken":["M","M","$","M","M","R","E","?","T","M","?","M","E","M","R","BOSS","M","M","M","?","$","R","$","M","T","R","E","M","?","M","R","BOSS"],"build_version":"2019-01-23","purchased_purges":0,"victory":false,"max_hp_per_floor":[71,71,71,71,71,71,71,71,71,71,76,76,76,76,76,76,76,76,76,76,53,53,53,53,53,53,53,53,53,53,53,53,53],"card_choices":[{"not_picked":["Loop","Rebound"],"picked":"Streamline","floor":1.0},{"not_picked":["Turbo","Self Repair"],"picked":"Streamline","floor":2.0},{"not_picked":["Gash","Redo","Tempest"],"picked":"SKIP","floor":4.0},{"not_picked":["Melter","Steam Power"],"picked":"Compile Driver","floor":5.0},{"not_picked":["Aggregate","Steam"],"picked":"Go for the Eyes","floor":7.0},{"not_picked":["White Noise","Capacitor"],"picked":"Leap","floor":10.0},{"not_picked":["BootSequence","Streamline"],"picked":"Sweeping Beam","floor":12.0},{"not_picked":["Beam Cell","Streamline"],"picked":"All For One","floor":13.0},{"not_picked":["Turbo","Compile Driver"],"picked":"Streamline","floor":14.0},{"not_picked":["Amplify","Hyperbeam"],"picked":"Reboot","floor":16.0},{"not_picked":["Sweeping Beam","Gash+1"],"picked":"Recycle+1","floor":18.0},{"not_picked":["Barrage","White Noise","Force Field+1"],"picked":"SKIP","floor":19.0},{"not_picked":["Darkness","Fusion"],"picked":"Conserve Battery","floor":20.0},{"not_picked":["Ball Lightning","Steam"],"picked":"Hologram","floor":25.0},{"not_picked":["Loop","Static Discharge"],"picked":"Buffer","floor":28.0},{"not_picked":["Redo+1","Leap"],"picked":"Steam","floor":29.0},{"not_picked":["Barrage","Rebound"],"picked":"Compile Driver","floor":31.0}],"player_experience":899760,"relics_obtained":[{"floor":7.0,"key":"Ornamental Fan"},{"floor":9.0,"key":"Kunai"},{"floor":13.0,"key":"Bag of Marbles"},{"floor":26.0,"key":"Orichalcum"},{"floor":28.0,"key":"Smiling Mask"}],"event_choices":[{"damage_healed":17.0,"max_hp_gain":0.0,"max_hp_loss":0.0,"gold_gain":0.0,"event_name":"The Cleric","player_choice":"Healed","floor":8.0,"gold_loss":35.0,"damage_taken":0.0},{"damage_healed":0.0,"max_hp_gain":5.0,"max_hp_loss":0.0,"gold_gain":0.0,"event_name":"Big Fish","player_choice":"Donut","floor":11.0,"gold_loss":0.0,"damage_taken":0.0},{"damage_healed":0.0,"max_hp_gain":0.0,"max_hp_loss":23.0,"gold_gain":0.0,"event_name":"Vampires","player_choice":"Became a vampire","floor":21.0,"gold_loss":0.0,"damage_taken":0.0,"cards_obtained":["Bite","Bite","Bite","Bite","Bite"]},{"damage_healed":0.0,"max_hp_gain":0.0,"max_hp_loss":0.0,"gold_gain":0.0,"event_name":"Lab","player_choice":"Got Potions","floor":30.0,"gold_loss":0.0,"damage_taken":0.0}],"is_beta":false,"boss_relics":[{"not_picked":["Calling Bell","White Beast Statue"],"picked":"Sozu"}],"items_purged_floors":[],"is_endless":false,"potions_floor_spawned":[1,7,10,13,19,20,29,31],"killed_by":"Collector","ascension_level":20}