{"gold_per_floor":[12,28,38,48,60,92,110,129,153,153,428,444,444,459,459,554,554,569,305,321,150,162,162,180,192,192,192,210,223,223,233,233,328,328,339,356,81,92,92,104,133,133,133,159,178,178,178,198,198,198,198,198,18,48,48],"floor_reached":56,"playtime":5252,"items_purged":["Regret","Strike_G","Phantasmal Killer"],"score":1351,"play_id":"c704b187-6e8f-42de-b032-78febfb328ac","local_time":"20190101160707","is_ascension_mode":true,"campfire_choices":[{"data":"Well Laid Plans","floor":10,"key":"SMITH"},{"data":"Deadly Poison","floor":13,"key":"SMITH"},{"data":"Bane","floor":15,"key":"SMITH"},{"data":"Footwork","floor":23,"key":"SMITH"},{"floor":27,"key":"REST"},{"data":"Neutralize","floor":30,"key":"SMITH"},{"data":"Sucker Punch","floor":32,"key":"SMITH"},{"floor":49,"key":"RECALL"},{"data":"Leg Sweep","floor":52,"key":"SMITH"}],"neow_cost":"NO_GOLD","seed_source_timestamp":1395287601381384,"circlet_count":0,"master_deck":["Survivor+1","Neutralize+1","After Image+1","Flying Knee+1","Dash+1","Deadly Poison+1","Bane+1","Well Laid Plans+1","Poisoned Stab+1","Dagger Spray+1","Sucker Punch+1","Tools of the Trade+1","Blur+1","Master of Strategy+1","Poisoned Stab+1","Footwork+1","Deflect+1","Distraction+1","Bane+1","Poisoned Stab+1","Deflect+1","Adrenaline+1","Poisoned Stab+1","Quick Slash+1","Dash+1","All Out Attack+1","After Image+1","PiercingWail+1","Underhanded Strike+1","Poisoned Stab+1","PiercingWail+1","Night Terror+1","After Image+1","Sucker Punch+1","Poisoned Stab+1","Leg Sweep+1","Footwork+1","Distraction","Leg Sweep+1"],"relics":["Ring of the Snake","Blue Candle","Anchor","Philosopher\u0027s Stone","The Specimen","Pandora\u0027s Box","Snake Skull","Darkstone Periapt","Mark of the Bloom","Juzu Bracelet","Pen Nib"],"potions_floor_usage":[6,6,8,16,31,33,33,45,45,55,55,55],"damage_taken":[{"damage":0,"enemies":"2 Louse","floor":1,"turns":3},{"damage":0,"enemies":"Cultist","floor":2,"turns":3},{"damage":2,"enemies":"Jaw Worm","floor":3,"turns":5},{"damage":14,"enemies":"Lots of Slimes","floor":4,"turns":5},{"damage":0,"enemies":"3 Louse","floor":5,"turns":3},{"damage":7,"enemies":"Lagavulin","floor":6,"turns":7},{"damage":0,"enemies":"Blue Slaver","floor":7,"turns":4},{"damage":0,"enemies":"Exordium Thugs","floor":8,"turns":5},{"damage":6,"enemies":"Large Slime","floor":12,"turns":6},{"damage":3,"enemies":"Exordium Wildlife","floor":14,"turns":4},{"damage":16,"enemies":"Slime Boss","floor":16,"turns":10},{"damage":4,"enemies":"Chosen","floor":18,"turns":5},{"damage":0,"enemies":"Shell Parasite","floor":20,"turns":6},{"damage":8,"enemies":"Snake Plant","floor":22,"turns":5},{"damage":1,"enemies":"Centurion and Healer","floor":24,"turns":7},{"damage":22,"enemies":"Snecko","floor":25,"turns":6},{"damage":2,"enemies":"Cultist and Chosen","floor":28,"turns":6},{"damage":0,"enemies":"Centurion and Healer","floor":29,"turns":4},{"damage":2,"enemies":"3 Cultists","floor":31,"turns":4},{"damage":7,"enemies":"Champ","floor":33,"turns":13},{"damage":0,"enemies":"3 Shapes","floor":35,"turns":5},{"damage":6,"enemies":"3 Darklings","floor":36,"turns":6},{"damage":1,"enemies":"Transient","floor":38,"turns":5},{"damage":5,"enemies":"Jaw Worm Horde","floor":40,"turns":6},{"damage":0,"enemies":"Reptomancer","floor":41,"turns":9},{"damage":0,"enemies":"Nemesis","floor":44,"turns":7},{"damage":3,"enemies":"Sphere and 2 Shapes","floor":45,"turns":4},{"damage":0,"enemies":"Maw","floor":48,"turns":7},{"damage":8,"enemies":"Awakened One","floor":50,"turns":19},{"damage":32,"enemies":"Shield and Spear","floor":54,"turns":5},{"damage":3,"enemies":"The Heart","floor":55,"turns":15}],"seed_played":"6970221453459635404","potions_obtained":[{"floor":4,"key":"Swift Potion"},{"floor":5,"key":"Block Potion"},{"floor":6,"key":"Poison Potion"},{"floor":7,"key":"GamblersBrew"},{"floor":18,"key":"Explosive Potion"},{"floor":22,"key":"Ancient Potion"},{"floor":28,"key":"AttackPotion"},{"floor":31,"key":"Block Potion"},{"floor":38,"key":"Block Potion"},{"floor":41,"key":"SkillPotion"}],"is_trial":false,"path_per_floor":["M","M","M","M","M","E","M","M","T","R","?","M","R","M","R","B",null,"M","$","M","$","M","R","M","M","T","R","M","M","R","M","R","B",null,"M","M","$","M","?","M","E","?","T","E","M","?","?","M","R","B",null,"R","$","E","B",null],"character_chosen":"THE_SILENT","items_purchased":["Master of Strategy","Footwork","Snake Skull","Dexterity Potion","Energy Potion","Distraction"],"campfire_rested":1,"item_purchase_floors":[19,21,37,53,53,53],"current_hp_per_floor":[70,70,68,54,54,47,47,47,47,47,47,41,41,38,38,22,70,66,66,66,66,58,58,57,35,35,56,54,54,54,52,52,45,70,70,64,64,63,63,58,58,58,58,58,55,55,55,55,55,47,47,47,47,15,12],"gold":48,"neow_bonus":"THREE_RARE_CARDS","is_prod":false,"is_daily":false,"chose_seed":false,"campfire_upgraded":7,"win_rate":0,"timestamp":1546376827,"path_taken":["M","M","M","M","M","E","M","M","T","R","?","M","R","M","R","BOSS","M","$","M","$","?","R","M","?","T","R","M","M","R","?","R","BOSS","M","M","$","M","?","?","E","?","T","E","M","?","?","M","R","BOSS","R","$","E","BOSS"],"build_version":"2018-12-25","purchased_purges":3,"victory":true,"max_hp_per_floor":[70,70,70,70,70,70,70,70,70,70,70,70,70,70,70,70,70,70,70,70,70,70,70,70,70,70,70,70,70,70,70,70,70,70,70,70,70,70,70,70,70,70,70,70,70,80,80,80,80,80,80,80,80,80,80],"card_choices":[{"not_picked":["Venomology","Corpse Explosion"],"picked":"After Image","floor":0},{"not_picked":["Outmaneuver","Backflip"],"picked":"Flying Knee","floor":1},{"not_picked":["Choke","Outmaneuver"],"picked":"Dash","floor":2},{"not_picked":["Flying Knee","Sucker Punch"],"picked":"Deadly Poison","floor":3},{"not_picked":["Dagger Throw","Blade Dance"],"picked":"Bane","floor":4},{"not_picked":["Slice","Dagger Throw","Bullet Time"],"picked":"SKIP","floor":5},{"not_picked":["Prepared","Poisoned Stab"],"picked":"Well Laid Plans","floor":6},{"not_picked":["Calculated Gamble","Slice"],"picked":"Poisoned Stab","floor":7},{"not_picked":["PiercingWail","Infinite Blades"],"picked":"Dagger Spray","floor":8},{"not_picked":["Dagger Spray","Blade Dance"],"picked":"Sucker Punch","floor":12},{"not_picked":["Skewer","Quick Slash","Underhanded Strike"],"picked":"SKIP","floor":14},{"not_picked":["Glass Knife","Night Terror"],"picked":"Tools of the Trade","floor":16},{"not_picked":["Acrobatics","Prepared"],"picked":"Blur","floor":18},{"not_picked":["Tactician","Underhanded Strike"],"picked":"Poisoned Stab","floor":20},{"not_picked":["Quick Slash","Dagger Spray+1"],"picked":"Deflect","floor":22},{"not_picked":["Dodge and Roll","Cloak And Dagger"],"picked":"Distraction+1","floor":24},{"not_picked":["Well Laid Plans+1","Deflect"],"picked":"Bane+1","floor":25},{"not_picked":["Outmaneuver","Finisher"],"picked":"Poisoned Stab","floor":28},{"not_picked":["Skewer","Cloak And Dagger"],"picked":"Deflect+1","floor":29},{"not_picked":["Slice+1","Bane","Grand Finale"],"picked":"SKIP","floor":31},{"not_picked":["Envenom","Glass Knife"],"picked":"Adrenaline","floor":33},{"not_picked":["Choke","Flying Knee"],"picked":"Poisoned Stab+1","floor":35},{"not_picked":["Slice+1","Finisher"],"picked":"PiercingWail+1","floor":36},{"not_picked":["Deflect+1","Quick Slash+1"],"picked":"Night Terror","floor":38},{"not_picked":["Calculated Gamble+1","Dagger Spray"],"picked":"Sucker Punch+1","floor":40},{"not_picked":["Well Laid Plans+1","Dagger Throw"],"picked":"Poisoned Stab+1","floor":41},{"not_picked":["Cloak And Dagger+1","Unload"],"picked":"Leg Sweep","floor":44},{"not_picked":["Bane","Quick Slash","Eviscerate"],"picked":"SKIP","floor":45},{"not_picked":["Riddle With Holes+1","Outmaneuver+1"],"picked":"Footwork+1","floor":48},{"not_picked":["Dodge and Roll","Expertise"],"picked":"Leg Sweep+1","floor":54}],"player_experience":3949538,"relics_obtained":[{"floor":6,"key":"Blue Candle"},{"floor":9,"key":"Anchor"},{"floor":26,"key":"The Specimen"},{"floor":41,"key":"Darkstone Periapt"},{"floor":44,"key":"Juzu Bracelet"},{"floor":54,"key":"Pen Nib"}],"event_choices":[{"damage_healed":0,"gold_gain":275,"player_choice":"Desecrate","damage_taken":0,"max_hp_gain":0,"max_hp_loss":0,"event_name":"Golden Shrine","floor":11,"gold_loss":0,"cards_obtained":["Regret"]},{"damage_healed":0,"gold_gain":0,"player_choice":"Copied","damage_taken":0,"max_hp_gain":0,"max_hp_loss":0,"event_name":"Duplicator","floor":39,"gold_loss":0,"cards_obtained":["After Image"]},{"damage_healed":0,"gold_gain":0,"player_choice":"Upgrade","damage_taken":0,"relics_obtained":["Mark of the Bloom"],"max_hp_gain":0,"max_hp_loss":0,"event_name":"MindBloom","floor":42,"gold_loss":0,"cards_upgraded":["Survivor","After Image","Flying Knee","Dash","Poisoned Stab","Dagger Spray","Tools of the Trade","Blur","Master of Strategy","Poisoned Stab","Deflect","Poisoned Stab","Adrenaline","Poisoned Stab","Quick Slash","Dash","Phantasmal Killer","All Out Attack","After Image","PiercingWail","Underhanded Strike","Night Terror","After Image"]},{"cards_removed":["Phantasmal Killer"],"damage_healed":15,"gold_gain":0,"player_choice":"Offered Rare","damage_taken":0,"max_hp_gain":10,"max_hp_loss":0,"event_name":"Bonfire Elementals","floor":46,"gold_loss":0},{"damage_healed":0,"gold_gain":0,"player_choice":"Ignored","damage_taken":0,"max_hp_gain":0,"max_hp_loss":0,"event_name":"Tomb of Lord Red Mask","floor":47,"gold_loss":0}],"is_beta":true,"boss_relics":[{"not_picked":["Fusion Hammer","Calling Bell"],"picked":"Philosopher\u0027s Stone"},{"not_picked":["Snecko Eye","WristBlade"],"picked":"Pandora\u0027s Box"}],"items_purged_floors":[19,21,37],"is_endless":false,"potions_floor_spawned":[4,5,6,7,18,22,28,31,38,41],"ascension_level":1}