{"gold_per_floor":[17,17,17,92,103,103,52,17,17,34,45,45,77,96,96,173,173,189,202,202,202,202,202,219,219,245,245,245,245],"floor_reached":29,"playtime":789,"items_purged":[],"score":376,"play_id":"71b36c95-2eaa-40fa-9d7d-06579e29ea08","local_time":"20181205154914","is_ascension_mode":true,"campfire_choices":[{"data":"Zap","floor":6.0,"key":"SMITH"},{"data":"Redo","floor":12.0,"key":"SMITH"},{"data":"Echo Form","floor":15.0,"key":"SMITH"},{"data":"Buffer","floor":23.0,"key":"SMITH"},{"floor":25.0,"key":"REST"},{"data":"Loop","floor":28.0,"key":"SMITH"}],"neow_cost":"NO_GOLD","seed_source_timestamp":0,"circlet_count":0,"master_deck":["AscendersBane","Strike_B","Strike_B","Strike_B","Strike_B","Defend_B","Defend_B","Defend_B","Defend_B","Zap+1","Dualcast","Echo Form+1","Chill","Streamline","Self Repair","Redo+1","Ball Lightning","Reprogram","Buffer+1","Reinforced Body","Writhe","Conserve Battery","Loop+1"],"special_seed":0,"relics":["Cracked Core","Ornamental Fan","Pen Nib","Busted Crown","Dream Catcher","MutagenicStrength","DataDisk","Meat on the Bone"],"potions_floor_usage":[29],"damage_taken":[{"damage":7.0,"enemies":"Jaw Worm","floor":1.0,"turns":3.0},{"damage":0.0,"enemies":"Small Slimes","floor":5.0,"turns":3.0},{"damage":0.0,"enemies":"2 Louse","floor":10.0,"turns":2.0},{"damage":4.0,"enemies":"Looter","floor":11.0,"turns":2.0},{"damage":4.0,"enemies":"Gremlin Nob","floor":13.0,"turns":4.0},{"damage":0.0,"enemies":"2 Fungi Beasts","floor":14.0,"turns":3.0},{"damage":41.0,"enemies":"Slime Boss","floor":16.0,"turns":8.0},{"damage":36.0,"enemies":"2 Thieves","floor":18.0,"turns":5.0},{"damage":9.0,"enemies":"3 Byrds","floor":19.0,"turns":4.0},{"damage":9.0,"enemies":"Colosseum Slavers","floor":22.0,"turns":5.0},{"damage":22.0,"enemies":"Snake Plant","floor":24.0,"turns":5.0},{"damage":44,"enemies":"Slavers","floor":29,"turns":3}],"seed_played":"5296575837609280235","potions_obtained":[{"floor":1.0,"key":"Block Potion"},{"floor":13.0,"key":"Strength Potion"},{"floor":16.0,"key":"Block Potion"},{"floor":18.0,"key":"FocusPotion"},{"floor":19.0,"key":"EssenceOfSteel"}],"is_trial":false,"path_per_floor":["M","?","?","?","M","R","$","?","T","M","M","R","E","M","R","B",null,"M","M","?","?","?","R","M","R","T","T","R","E"],"character_chosen":"DEFECT","items_purchased":["SkillPotion"],"campfire_rested":1,"item_purchase_floors":[7],"current_hp_per_floor":[57,62,50,39,39,39,39,58,58,58,54,54,50,57,57,23,63,34,32,32,32,37,37,22,44,44,44,44,0],"gold":245,"neow_bonus":"THREE_RARE_CARDS","is_prod":false,"is_daily":false,"chose_seed":false,"campfire_upgraded":5,"win_rate":0,"timestamp":1543992554,"path_taken":["M","?","?","?","M","R","?","?","T","M","M","R","E","M","R","BOSS","M","M","?","?","?","R","M","R","T","?","R","E"],"build_version":"2018-11-15","purchased_purges":0,"victory":false,"max_hp_per_floor":[71,76,76,76,76,76,76,76,76,76,76,76,76,76,76,76,76,76,76,76,76,76,76,76,76,76,76,76,76],"card_choices":[{"not_picked":["Fission","Multi-Cast"],"picked":"Echo Form","floor":0.0},{"not_picked":["Force Field","Gash"],"picked":"Chill","floor":1.0},{"not_picked":["Double Energy","Fusion"],"picked":"Streamline","floor":5.0},{"not_picked":["Tempest","Go for the Eyes"],"picked":"Self Repair","floor":10.0},{"not_picked":["Lockon","Reprogram"],"picked":"Redo","floor":11.0},{"not_picked":["Turbo","Self Repair"],"picked":"Ball Lightning","floor":13.0},{"not_picked":["Consume","Beam Cell"],"picked":"Reprogram","floor":14.0},{"not_picked":["Reboot","Hyperbeam"],"picked":"Buffer","floor":16.0},{"not_picked":["Cold Snap"],"picked":"SKIP","floor":18.0},{"not_picked":[],"picked":"Reinforced Body","floor":19.0},{"not_picked":[],"picked":"Conserve Battery","floor":24.0},{"not_picked":[],"picked":"Loop","floor":25.0}],"player_experience":935430,"relics_obtained":[{"floor":13.0,"key":"Pen Nib"},{"floor":26.0,"key":"DataDisk"},{"floor":27.0,"key":"Meat on the Bone"}],"event_choices":[{"damage_healed":0.0,"max_hp_gain":5.0,"max_hp_loss":0.0,"gold_gain":0.0,"event_name":"Big Fish","player_choice":"Donut","floor":2.0,"gold_loss":0.0,"damage_taken":0.0},{"damage_healed":0.0,"max_hp_gain":0.0,"max_hp_loss":0.0,"gold_gain":0.0,"event_name":"Scrap Ooze","player_choice":"Success","floor":3.0,"gold_loss":0.0,"damage_taken":12.0,"relics_obtained":["Ornamental Fan"]},{"damage_healed":0.0,"max_hp_gain":0.0,"max_hp_loss":0.0,"gold_gain":75.0,"event_name":"World of Goop","player_choice":"Gather Gold","floor":4.0,"gold_loss":0.0,"damage_taken":11.0},{"damage_healed":19.0,"max_hp_gain":0.0,"max_hp_loss":0.0,"gold_gain":0.0,"event_name":"The Cleric","player_choice":"Healed","floor":8.0,"gold_loss":35.0,"damage_taken":0.0},{"damage_healed":0.0,"max_hp_gain":0.0,"max_hp_loss":0.0,"gold_gain":0.0,"event_name":"The Mausoleum","player_choice":"Opened","floor":20.0,"gold_loss":0.0,"damage_taken":0.0,"relics_obtained":["Dream Catcher"],"cards_obtained":["Writhe"]},{"damage_healed":0.0,"max_hp_gain":0.0,"max_hp_loss":0.0,"gold_gain":0.0,"event_name":"Drug Dealer","player_choice":"Inject Mutagens","floor":21.0,"gold_loss":0.0,"damage_taken":0.0,"relics_obtained":["MutagenicStrength"]},{"damage_healed":0.0,"max_hp_gain":0.0,"max_hp_loss":0.0,"gold_gain":0.0,"event_name":"Colosseum","player_choice":"Fight","floor":22.0,"gold_loss":0.0,"damage_taken":0.0},{"damage_healed":0.0,"max_hp_gain":0.0,"max_hp_loss":0.0,"gold_gain":0.0,"event_name":"Colosseum","player_choice":"Fled From Nobs","floor":22.0,"gold_loss":0.0,"damage_taken":0.0}],"is_beta":false,"boss_relics":[{"not_picked":["Runic Dome","White Beast Statue"],"picked":"Busted Crown"}],"items_purged_floors":[],"is_endless":false,"potions_floor_spawned":[1,13,16,18,19,22],"killed_by":"Slavers","ascension_level":14}