{"gold_per_floor":[115,115,133,133,4,4,4,30,30,63,81,96,125,197,197,197],"floor_reached":16,"playtime":478,"items_purged":["Regret"],"score":286,"play_id":"b3e7af4b-fed7-4c63-b9e5-388a3a833220","local_time":"20190201105005","is_ascension_mode":true,"campfire_choices":[{"data":"Rampage","floor":6.0,"key":"SMITH"},{"floor":15,"key":"DIG"}],"neow_cost":"NONE","seed_source_timestamp":1906590951881907,"circlet_count":0,"master_deck":["AscendersBane","Strike_R","Strike_R","Strike_R","Strike_R","Strike_R","Defend_R","Defend_R","Defend_R","Defend_R","Bash+1","Armaments","Rampage+1","Sentinel","Metallicize","Headbutt","Thunderclap","Disarm","Uppercut"],"special_seed":0,"relics":["Burning Blood","NeowsBlessing","FaceOfCleric","Pear","Prayer Wheel","Shovel","Darkstone Periapt","Dodecahedron","Art of War"],"potions_floor_usage":[13,13,16],"damage_taken":[{"damage":0.0,"enemies":"2 Louse","floor":1.0,"turns":1.0},{"damage":0.0,"enemies":"Cultist","floor":3.0,"turns":1.0},{"damage":0.0,"enemies":"Gremlin Nob","floor":8.0,"turns":1.0},{"damage":49.0,"enemies":"Lagavulin","floor":10.0,"turns":9.0},{"damage":5.0,"enemies":"Small Slimes","floor":11.0,"turns":4.0},{"damage":1.0,"enemies":"Looter","floor":12.0,"turns":4.0},{"damage":7,"enemies":"3 Sentries","floor":13,"turns":8},{"damage":62,"enemies":"Hexaghost","floor":16,"turns":14}],"seed_played":"-7477110180189542133","potions_obtained":[{"floor":10.0,"key":"Swift Potion"},{"floor":11.0,"key":"Poison Potion"},{"floor":13,"key":"Strength Potion"}],"is_trial":false,"path_per_floor":["M","?","M","?","$","R","?","E","T","E","M","M","E","?","R","B"],"character_chosen":"IRONCLAD","items_purchased":["Explosive Potion"],"campfire_rested":0,"item_purchase_floors":[5],"current_hp_per_floor":[74,74,76,86,86,86,86,87,87,45,47,53,53,53,53,0],"gold":197,"neow_bonus":"THREE_ENEMY_KILL","is_prod":false,"is_daily":false,"chose_seed":false,"campfire_upgraded":1,"win_rate":0,"timestamp":1549036205,"path_taken":["M","?","?","?","$","R","?","E","T","E","M","M","E","?","R","BOSS"],"build_version":"2019-01-23","purchased_purges":1,"victory":false,"max_hp_per_floor":[75,75,76,86,86,86,86,87,87,88,89,90,91,91,91,91],"card_choices":[{"not_picked":["Warcry","True Grit"],"picked":"Armaments","floor":1.0},{"not_picked":["Burning Pact","Heavy Blade"],"picked":"Rampage","floor":3.0},{"not_picked":["Blood for Blood","Intimidate"],"picked":"Sentinel","floor":8.0},{"not_picked":["Feed","Carnage"],"picked":"Metallicize","floor":10.0},{"not_picked":["Entrench","Sword Boomerang"],"picked":"Headbutt","floor":11.0},{"not_picked":["Warcry","Hemokinesis"],"picked":"Thunderclap","floor":11.0},{"not_picked":["Flex","Shrug It Off"],"picked":"Disarm","floor":12.0},{"not_picked":["Cleave","Second Wind"],"picked":"Uppercut","floor":12.0},{"not_picked":["Hemokinesis","Brutality","Pummel"],"picked":"SKIP","floor":13}],"player_experience":852578,"relics_obtained":[{"floor":8.0,"key":"Prayer Wheel"},{"floor":9.0,"key":"Shovel"},{"floor":10.0,"key":"Darkstone Periapt"},{"floor":13,"key":"Dodecahedron"},{"floor":15,"key":"Art of War"}],"event_choices":[{"damage_healed":0.0,"max_hp_gain":0.0,"max_hp_loss":0.0,"gold_gain":0.0,"event_name":"FaceTrader","player_choice":"Trade","floor":2.0,"gold_loss":0.0,"damage_taken":0.0,"relics_obtained":["FaceOfCleric"]},{"damage_healed":0.0,"max_hp_gain":0.0,"max_hp_loss":0.0,"gold_gain":0.0,"event_name":"Big Fish","player_choice":"Box","floor":4.0,"gold_loss":0.0,"damage_taken":0.0,"relics_obtained":["Pear"],"cards_obtained":["Regret"]},{"damage_healed":0.0,"max_hp_gain":0.0,"max_hp_loss":0.0,"gold_gain":0.0,"event_name":"Living Wall","player_choice":"Grow","floor":7.0,"gold_loss":0.0,"damage_taken":0.0,"cards_upgraded":["Bash"]},{"damage_healed":0,"gold_gain":72,"player_choice":"Gained Gold","damage_taken":0,"max_hp_gain":0,"max_hp_loss":0,"event_name":"Golden Wing","floor":14,"gold_loss":0}],"is_beta":false,"boss_relics":[],"items_purged_floors":[5],"is_endless":false,"potions_floor_spawned":[10,11,13],"killed_by":"Hexaghost","ascension_level":20}