{"gold_per_floor":[11,11,11,86,11,11,27,27,27,57,57,70,70,80,80,151,151,162,174,174],"floor_reached":20,"playtime":576,"items_purged":["Defend_B"],"score":335,"play_id":"ba5af893-1b05-4d88-a88a-9385b6136b85","local_time":"20190104152014","is_ascension_mode":true,"campfire_choices":[{"data":"Dualcast","floor":6.0,"key":"SMITH"},{"data":"Steam","floor":8.0,"key":"SMITH"},{"data":"Darkness","floor":11.0,"key":"SMITH"},{"data":"Barrage","floor":15.0,"key":"SMITH"}],"neow_cost":"NO_GOLD","seed_source_timestamp":0,"circlet_count":0,"master_deck":["AscendersBane","Strike_B","Strike_B","Strike_B","Strike_B","Defend_B","Defend_B","Zap+1","Dualcast+1","Steam+1","Barrage+1","Darkness+1","Rip and Tear","Ball Lightning+1","Echo Form","Static Discharge","Cold Snap+1"],"special_seed":0,"relics":["FrozenCore","Dead Branch","Art of War","Molten Egg 2"],"potions_floor_usage":[20],"damage_taken":[{"damage":4.0,"enemies":"Small Slimes","floor":1.0,"turns":3.0},{"damage":3.0,"enemies":"2 Louse","floor":7.0,"turns":2.0},{"damage":27.0,"enemies":"3 Sentries","floor":10.0,"turns":5.0},{"damage":2.0,"enemies":"Jaw Worm","floor":12.0,"turns":4.0},{"damage":0.0,"enemies":"Looter","floor":14.0,"turns":3.0},{"damage":18.0,"enemies":"Slime Boss","floor":16.0,"turns":7.0},{"damage":22,"enemies":"Shell Parasite","floor":18,"turns":6},{"damage":40,"enemies":"2 Thieves","floor":19,"turns":3},{"damage":15,"enemies":"Centurion and Healer","floor":20,"turns":3}],"seed_played":"-3093042043551444270","potions_obtained":[{"floor":10.0,"key":"GamblersBrew"},{"floor":12.0,"key":"GamblersBrew"},{"floor":14.0,"key":"SteroidPotion"}],"is_trial":false,"path_per_floor":["M","?","?","?","$","R","M","R","T","E","R","M","T","M","R","B",null,"M","M","M"],"character_chosen":"DEFECT","items_purchased":[],"campfire_rested":0,"item_purchase_floors":[],"current_hp_per_floor":[74,67,67,56,56,56,53,53,53,26,26,24,24,24,24,6,65,43,3,0],"gold":174,"neow_bonus":"TWENTY_PERCENT_HP_BONUS","is_prod":false,"is_daily":false,"chose_seed":false,"campfire_upgraded":4,"win_rate":0,"timestamp":1546582814,"path_taken":["M","?","?","?","?","R","M","R","T","E","R","M","?","?","R","BOSS","M","M","?"],"build_version":"2019-01-03v3","purchased_purges":1,"victory":false,"max_hp_per_floor":[85,85,85,85,85,85,85,85,85,85,85,85,85,85,85,85,85,85,85,85],"card_choices":[{"not_picked":["Hologram","Capacitor"],"picked":"Steam","floor":1.0},{"not_picked":["Capacitor","Turbo"],"picked":"Barrage","floor":7.0},{"not_picked":["Glacier","Skim"],"picked":"Darkness","floor":10.0},{"not_picked":["Gash","Streamline"],"picked":"Rip and Tear","floor":12.0},{"not_picked":["Lockon+1","Coolheaded"],"picked":"Ball Lightning+1","floor":14.0},{"not_picked":["Thunder Strike+1","Reboot"],"picked":"Echo Form","floor":16.0},{"not_picked":["Turbo","Stack"],"picked":"Static Discharge","floor":18},{"not_picked":["Compile Driver+1","Leap"],"picked":"Cold Snap+1","floor":19}],"player_experience":999311,"relics_obtained":[{"floor":9.0,"key":"Dead Branch"},{"floor":10.0,"key":"Art of War"},{"floor":13.0,"key":"Molten Egg 2"}],"event_choices":[{"cards_removed":["Defend_B"],"damage_healed":0.0,"max_hp_gain":0.0,"max_hp_loss":0.0,"gold_gain":0.0,"event_name":"Golden Wing","player_choice":"Card Removal","floor":2.0,"gold_loss":0.0,"damage_taken":7.0},{"damage_healed":0.0,"max_hp_gain":0.0,"max_hp_loss":0.0,"gold_gain":0.0,"event_name":"Living Wall","player_choice":"Grow","floor":3.0,"gold_loss":0.0,"damage_taken":0.0,"cards_upgraded":["Zap"]},{"damage_healed":0.0,"max_hp_gain":0.0,"max_hp_loss":0.0,"gold_gain":75.0,"event_name":"World of Goop","player_choice":"Gather Gold","floor":4.0,"gold_loss":0.0,"damage_taken":11.0}],"is_beta":false,"boss_relics":[{"not_picked":["Tiny House","Empty Cage"],"picked":"FrozenCore"}],"items_purged_floors":[5],"is_endless":false,"potions_floor_spawned":[10,12,14],"killed_by":"Centurion and Healer","ascension_level":19}