{"gold_per_floor":[116,134,134,146,35,35,35,63,63,96,96,96,110,5,5,109,109,127,127,127,127,150,180,105,134,134,162,174,174,208,222,222,326,326,336,3,3,21,21,49,59,79,105,115,150,163,190,208,208,208,208,208,14,41,41],"floor_reached":56,"playtime":4236,"items_purged":["Pain"],"score":1424,"play_id":"308dca59-6ed0-42e1-a138-606d7c47c9dc","local_time":"20190205190910","is_ascension_mode":true,"campfire_choices":[{"data":"Carnage","floor":6,"key":"SMITH"},{"data":"Intimidate","floor":11,"key":"SMITH"},{"data":"Metallicize","floor":15,"key":"SMITH"},{"floor":29,"key":"RECALL"},{"floor":32,"key":"REST"}],"neow_cost":"NONE","seed_source_timestamp":4430791442070650,"circlet_count":0,"master_deck":["Strike_R+1","Strike_R+1","Strike_R+1","Strike_R+1","Defend_R+1","Defend_R+1","Defend_R+1","Defend_R+1","Bash","Carnage+1","Cleave","Spot Weakness","Intimidate+1","Battle Trance","Havoc","Shockwave","True Grit","Metallicize+1","Reaper","Inflame","Metallicize","Thunderclap+1","Dual Wield","Metallicize","Warcry+1","Warcry+1","Warcry+1","Rage","Demon Form","Iron Wave","Battle Trance+1","Rage","True Grit+1","Feed","Warcry+1","Sword Boomerang","Pommel Strike+1","Offering","Reaper","Warcry+1","Shrug It Off+1","Reaper","Whirlwind","Clothesline+1"],"relics":["Burning Blood","NeowsBlessing","WarpedTongs","Magic Flower","Prayer Wheel","Bronze Scales","Ornamental Fan","Fusion Hammer","Nilry\u0027s Codex","Omamori","Question Card","Art of War","Matryoshka","Anchor","Singing Bowl","Coffee Dripper","Dodecahedron","Pen Nib","Regal Pillow","Darkstone Periapt","Letter Opener","Strange Spoon","Nunchaku"],"potions_floor_usage":[23,42,55,55,55],"damage_taken":[{"damage":0,"enemies":"2 Louse","floor":1,"turns":1},{"damage":0,"enemies":"Cultist","floor":2,"turns":1},{"damage":0,"enemies":"Jaw Worm","floor":4,"turns":1},{"damage":23,"enemies":"Lagavulin","floor":8,"turns":4},{"damage":9,"enemies":"3 Sentries","floor":10,"turns":5},{"damage":2,"enemies":"Looter","floor":13,"turns":3},{"damage":26,"enemies":"Hexaghost","floor":16,"turns":9},{"damage":6,"enemies":"2 Thieves","floor":18,"turns":3},{"damage":6,"enemies":"Book of Stabbing","floor":23,"turns":5},{"damage":22,"enemies":"Slavers","floor":25,"turns":4},{"damage":6,"enemies":"Book of Stabbing","floor":27,"turns":6},{"damage":0,"enemies":"Spheric Guardian","floor":28,"turns":4},{"damage":1,"enemies":"Slavers","floor":30,"turns":6},{"damage":0,"enemies":"Centurion and Healer","floor":31,"turns":3},{"damage":15,"enemies":"Automaton","floor":33,"turns":12},{"damage":4,"enemies":"Orb Walker","floor":35,"turns":3},{"damage":7,"enemies":"3 Shapes","floor":38,"turns":6},{"damage":14,"enemies":"Reptomancer","floor":40,"turns":8},{"damage":0,"enemies":"Jaw Worm Horde","floor":41,"turns":5},{"damage":0,"enemies":"Sphere and 2 Shapes","floor":42,"turns":6},{"damage":14,"enemies":"Spire Growth","floor":44,"turns":6},{"damage":10,"enemies":"Giant Head","floor":45,"turns":6},{"damage":16,"enemies":"Jaw Worm Horde","floor":46,"turns":6},{"damage":11,"enemies":"Nemesis","floor":47,"turns":11},{"damage":7,"enemies":"3 Darklings","floor":48,"turns":4},{"damage":34,"enemies":"Time Eater","floor":50,"turns":8},{"damage":63,"enemies":"Shield and Spear","floor":54,"turns":10},{"damage":24,"enemies":"The Heart","floor":55,"turns":10}],"seed_played":"1361659688612939675","potions_obtained":[{"floor":1,"key":"Explosive Potion"},{"floor":13,"key":"PowerPotion"},{"floor":16,"key":"Poison Potion"},{"floor":23,"key":"Ancient Potion"},{"floor":27,"key":"Dexterity Potion"},{"floor":42,"key":"Fruit Juice"},{"floor":47,"key":"Weak Potion"},{"floor":48,"key":"PowerPotion"}],"is_trial":false,"path_per_floor":["M","M","?","M","$","R","?","E","T","E","R","?","M","$","R","B",null,"M","?","?","?","T","E","?","E","T","E","M","R","E","M","R","B",null,"M","$","?","M","$","E","M","M","T","M","E","M","E","M","R","B",null,"R","$","E","B",null],"character_chosen":"IRONCLAD","items_purchased":["Spot Weakness","True Grit","Metallicize","Rage","Dodecahedron","Strange Spoon"],"campfire_rested":1,"item_purchase_floors":[5,14,14,36,36,53],"current_hp_per_floor":[80,80,80,80,80,80,80,63,63,63,63,56,63,63,63,46,80,80,64,64,64,64,80,80,80,80,80,80,80,80,80,80,80,80,80,80,80,82,82,82,86,93,93,95,96,95,104,104,104,107,107,107,107,97,110],"gold":41,"neow_bonus":"THREE_ENEMY_KILL","is_prod":false,"is_daily":false,"chose_seed":false,"campfire_upgraded":3,"win_rate":0,"timestamp":1549411750,"path_taken":["M","M","?","?","$","R","?","E","T","E","R","?","M","$","R","BOSS","M","?","?","?","?","E","?","E","T","E","?","R","E","M","R","BOSS","M","$","?","?","?","E","M","?","T","M","E","M","E","M","R","BOSS","R","$","E","BOSS"],"build_version":"2019-01-23","purchased_purges":1,"victory":true,"max_hp_per_floor":[80,80,80,80,80,80,80,80,80,80,80,80,80,80,80,80,80,80,80,80,80,80,80,80,80,80,80,80,80,80,80,80,80,80,80,80,80,82,82,82,86,93,93,98,100,104,104,104,104,107,107,107,107,110,110],"card_choices":[{"not_picked":["Cleave","Clash"],"picked":"Carnage","floor":1},{"not_picked":["Heavy Blade","Body Slam"],"picked":"Cleave","floor":2},{"not_picked":["Second Wind","Cleave","Carnage"],"picked":"SKIP","floor":4},{"not_picked":["Infernal Blade","Fire Breathing"],"picked":"Intimidate","floor":8},{"not_picked":["Combust","Pommel Strike"],"picked":"Battle Trance","floor":10},{"not_picked":["Wild Strike","Thunderclap"],"picked":"Havoc","floor":13},{"not_picked":["Clash","Ghostly Armor"],"picked":"Shockwave","floor":13},{"not_picked":["Fiend Fire","Offering"],"picked":"Reaper","floor":16},{"not_picked":["Burning Pact","Clothesline"],"picked":"Inflame","floor":18},{"not_picked":["Cleave","Twin Strike","Entrench+1"],"picked":"SKIP","floor":18},{"not_picked":["Body Slam","Clash"],"picked":"Thunderclap+1","floor":23},{"not_picked":["Bloodletting+1","Seeing Red","Cleave"],"picked":"Dual Wield","floor":25},{"not_picked":["Reckless Charge","Clothesline","Blood for Blood+1","Shockwave+1"],"picked":"SKIP","floor":27},{"not_picked":["Combust+1","Sentinel","Perfected Strike"],"picked":"Metallicize","floor":28},{"not_picked":["Rupture+1","Anger","Flex"],"picked":"Warcry+1","floor":28},{"not_picked":["Flame Barrier","Twin Strike+1","Searing Blow"],"picked":"Warcry+1","floor":30},{"not_picked":["True Grit+1","Flex","Perfected Strike"],"picked":"Warcry+1","floor":31},{"not_picked":["Body Slam","Iron Wave","Wild Strike"],"picked":"Rage","floor":31},{"not_picked":["Exhume","Feed","Double Tap"],"picked":"Demon Form","floor":33},{"not_picked":["Armaments","Clash","Shockwave+1"],"picked":"Iron Wave","floor":35},{"not_picked":["True Grit+1","Thunderclap","Armaments+1"],"picked":"Battle Trance+1","floor":35},{"not_picked":["Wild Strike+1","Clothesline","Thunderclap+1"],"picked":"True Grit+1","floor":38},{"not_picked":["Anger","Shockwave+1","Fire Breathing+1","Perfected Strike"],"picked":"Singing Bowl","floor":38},{"not_picked":["Power Through+1","Thunderclap","Shockwave+1"],"picked":"Feed","floor":40},{"not_picked":["Shrug It Off","Heavy Blade","Body Slam"],"picked":"Warcry+1","floor":41},{"not_picked":["True Grit+1","Bloodletting+1","Thunderclap"],"picked":"Sword Boomerang","floor":41},{"not_picked":["Cleave","Bludgeon","Iron Wave"],"picked":"Pommel Strike+1","floor":42},{"not_picked":["Spot Weakness+1","Dropkick","Warcry","Havoc+1"],"picked":"Singing Bowl","floor":42},{"not_picked":["Wild Strike+1","Thunderclap+1","Burning Pact+1","Warcry"],"picked":"Singing Bowl","floor":44},{"not_picked":["Perfected Strike+1","Pommel Strike+1","Iron Wave"],"picked":"Offering","floor":44},{"not_picked":["True Grit+1","Hemokinesis","Entrench+1","Anger+1"],"picked":"Singing Bowl","floor":45},{"not_picked":["Thunderclap+1","Sever Soul","True Grit"],"picked":"Reaper","floor":46},{"not_picked":["Clash+1","Reckless Charge","Wild Strike+1"],"picked":"Warcry+1","floor":46},{"not_picked":["Inflame","Armaments","Clothesline"],"picked":"Shrug It Off+1","floor":47},{"not_picked":["Sword Boomerang+1","Headbutt","Flex"],"picked":"Reaper","floor":48},{"not_picked":["Armaments+1","Combust+1","Body Slam+1"],"picked":"Whirlwind","floor":48},{"not_picked":["Havoc","Whirlwind+1","Flex"],"picked":"Clothesline+1","floor":54}],"player_experience":4368850,"relics_obtained":[{"floor":8,"key":"Magic Flower"},{"floor":9,"key":"Prayer Wheel"},{"floor":10,"key":"Bronze Scales"},{"floor":19,"key":"Nilry\u0027s Codex"},{"floor":22,"key":"Omamori"},{"floor":23,"key":"Question Card"},{"floor":25,"key":"Art of War"},{"floor":26,"key":"Matryoshka"},{"floor":27,"key":"Anchor"},{"floor":30,"key":"Singing Bowl"},{"floor":40,"key":"Pen Nib"},{"floor":43,"key":"Regal Pillow"},{"floor":45,"key":"Darkstone Periapt"},{"floor":47,"key":"Letter Opener"},{"floor":54,"key":"Nunchaku"}],"event_choices":[{"damage_healed":0,"gold_gain":0,"player_choice":"Rummage","damage_taken":0,"relics_obtained":["WarpedTongs"],"max_hp_gain":0,"max_hp_loss":0,"event_name":"Accursed Blacksmith","floor":3,"gold_loss":0,"cards_obtained":["Pain"]},{"damage_healed":0,"gold_gain":0,"player_choice":"Leave","damage_taken":0,"max_hp_gain":0,"max_hp_loss":0,"event_name":"The Cleric","floor":7,"gold_loss":0},{"damage_healed":0,"gold_gain":0,"player_choice":"Success","damage_taken":7,"relics_obtained":["Ornamental Fan"],"max_hp_gain":0,"max_hp_loss":0,"event_name":"Scrap Ooze","floor":12,"gold_loss":0},{"damage_healed":0,"gold_gain":0,"player_choice":"Obtained Book","damage_taken":16,"max_hp_gain":0,"max_hp_loss":0,"event_name":"Cursed Tome","floor":19,"gold_loss":0},{"damage_healed":0,"gold_gain":0,"player_choice":"Simplicity","damage_taken":0,"max_hp_gain":0,"max_hp_loss":0,"event_name":"Back to Basics","floor":20,"gold_loss":0,"cards_upgraded":["Strike_R","Strike_R","Strike_R","Strike_R","Strike_R","Defend_R","Defend_R","Defend_R","Defend_R"]},{"damage_healed":0,"gold_gain":0,"player_choice":"Read","damage_taken":0,"max_hp_gain":0,"max_hp_loss":0,"event_name":"The Library","floor":21,"gold_loss":0,"cards_obtained":["Metallicize"]},{"cards_removed":["Strike_R"],"damage_healed":0,"gold_gain":0,"player_choice":"Gave Gold","damage_taken":0,"max_hp_gain":0,"max_hp_loss":0,"event_name":"Beggar","floor":24,"gold_loss":75},{"damage_healed":0,"gold_gain":0,"player_choice":"0 cards matched","damage_taken":0,"max_hp_gain":0,"max_hp_loss":0,"event_name":"Match and Keep!","floor":37,"gold_loss":0,"cards_obtained":[]}],"is_beta":true,"boss_relics":[{"not_picked":["Sozu","Orrery"],"picked":"Fusion Hammer"},{"not_picked":["Cursed Key","Velvet Choker"],"picked":"Coffee Dripper"}],"items_purged_floors":[5],"is_endless":false,"potions_floor_spawned":[1,13,16,23,25,27,30,35,41,42,47,48],"ascension_level":1}