{"gold_per_floor":[111,111,111,111,124,167,167,167,167,167],"floor_reached":10,"playtime":427,"items_purged":[],"score":93,"play_id":"d0a81dfc-e31f-4f64-9d3f-0b0e1ef33e68","local_time":"20181203205119","is_ascension_mode":true,"campfire_choices":[{"data":"Cloak And Dagger","floor":8,"key":"SMITH"}],"neow_cost":"NONE","seed_source_timestamp":1787717890352,"circlet_count":0,"master_deck":["Defend_G","Defend_G","Defend_G","Defend_G","Defend_G","Strike_G","Strike_G","Strike_G","Strike_G","Survivor","Neutralize","Dark Shackles","Neutralize","Well Laid Plans","Cloak And Dagger+1"],"relics":["Ring of the Snake","NeowsBlessing","Golden Idol","Juzu Bracelet","Pen Nib","Incense Burner"],"potions_floor_usage":[],"damage_taken":[{"damage":0,"enemies":"Jaw Worm","floor":1,"turns":1},{"damage":0,"enemies":"Small Slimes","floor":5,"turns":1},{"damage":0,"enemies":"Lagavulin","floor":6,"turns":1},{"damage":50,"enemies":"Gremlin Nob","floor":10,"turns":5}],"seed_played":"-7454777004990085073","potions_obtained":[],"is_trial":false,"path_per_floor":["M","?","?","?","M","E","?","R","T","E"],"character_chosen":"THE_SILENT","items_purchased":[],"campfire_rested":0,"item_purchase_floors":[],"current_hp_per_floor":[70,53,41,41,41,41,41,41,41,0],"gold":167,"neow_bonus":"THREE_ENEMY_KILL","is_prod":false,"is_daily":false,"chose_seed":false,"campfire_upgraded":1,"win_rate":0,"timestamp":1543891879,"path_taken":["M","?","?","?","M","E","?","R","T","E"],"build_version":"2018-11-15","purchased_purges":0,"victory":false,"max_hp_per_floor":[70,70,70,70,70,70,70,70,70,70],"card_choices":[{"not_picked":["Slice","Underhanded Strike","Poisoned Stab"],"picked":"SKIP","floor":1},{"not_picked":["Quick Slash","Tactician","Deflect"],"picked":"SKIP","floor":5},{"not_picked":["Wraith Form v2","Backflip"],"picked":"Cloak And Dagger","floor":6}],"player_experience":278886,"relics_obtained":[{"floor":6,"key":"Pen Nib"},{"floor":9,"key":"Incense Burner"}],"event_choices":[{"damage_healed":0,"gold_gain":0,"player_choice":"Take Damage","damage_taken":17,"relics_obtained":["Golden Idol"],"max_hp_gain":0,"max_hp_loss":0,"event_name":"Golden Idol","floor":2,"gold_loss":0},{"damage_healed":0,"gold_gain":0,"player_choice":"Success","damage_taken":12,"relics_obtained":["Juzu Bracelet"],"max_hp_gain":0,"max_hp_loss":0,"event_name":"Scrap Ooze","floor":3,"gold_loss":0},{"damage_healed":0,"gold_gain":0,"player_choice":"3 cards matched","damage_taken":0,"max_hp_gain":0,"max_hp_loss":0,"event_name":"Match and Keep!","floor":4,"gold_loss":0,"cards_obtained":["Dark Shackles","Neutralize","Well Laid Plans"]},{"cards_removed":["Strike_G"],"damage_healed":0,"gold_gain":0,"player_choice":"Purged","damage_taken":0,"max_hp_gain":0,"max_hp_loss":0,"event_name":"Purifier","floor":7,"gold_loss":0}],"is_beta":false,"boss_relics":[],"items_purged_floors":[],"is_endless":false,"potions_floor_spawned":[],"killed_by":"Gremlin Nob","ascension_level":1}