{"gold_per_floor":[110,122,132,57,57,57,82,82,160,172,172,172,206,226,226,322,322,322,322,67,67,67,67],"floor_reached":23,"playtime":865,"items_purged":["Strike_G","Strike_G"],"score":231,"play_id":"b36e2a91-5e2e-4ea8-a47c-812a57776f2b","local_time":"20190216191413","is_ascension_mode":true,"campfire_choices":[{"data":"Neutralize","floor":6,"key":"SMITH"},{"data":"Bane","floor":8,"key":"SMITH"},{"data":"Deflect","floor":11,"key":"SMITH"},{"data":"Noxious Fumes","floor":15,"key":"SMITH"}],"neow_cost":"NONE","seed_source_timestamp":119836611533165,"circlet_count":0,"master_deck":["Defend_G","Defend_G","Defend_G","Defend_G","Defend_G","Strike_G","Strike_G","Strike_G","Survivor","Neutralize+1","Deflect+1","Bane+1","Backstab","Catalyst","Noxious Fumes+1","Die Die Die","Catalyst+1","Writhe"],"relics":["Ring of the Snake","NeowsBlessing","Blood Vial","Meat on the Bone","Art of War","Ectoplasm","Centennial Puzzle","Orichalcum"],"potions_floor_usage":[7,16,18,21],"damage_taken":[{"damage":0,"enemies":"Cultist","floor":1,"turns":1},{"damage":0,"enemies":"2 Louse","floor":2,"turns":1},{"damage":0,"enemies":"Jaw Worm","floor":3,"turns":1},{"damage":21,"enemies":"Gremlin Nob","floor":7,"turns":5},{"damage":6,"enemies":"Lots of Slimes","floor":10,"turns":6},{"damage":38,"enemies":"3 Sentries","floor":13,"turns":12},{"damage":0,"enemies":"Blue Slaver","floor":14,"turns":4},{"damage":14,"enemies":"Hexaghost","floor":16,"turns":9},{"damage":0,"enemies":"Spheric Guardian","floor":18,"turns":2},{"damage":16,"enemies":"Chosen","floor":19,"turns":6},{"damage":16,"enemies":"Snecko","floor":21,"turns":4},{"damage":42,"enemies":"Slavers","floor":23,"turns":4}],"seed_played":"7035250816228269033","potions_obtained":[{"floor":3,"key":"SkillPotion"},{"floor":7,"key":"SmokeBomb"},{"floor":13,"key":"Dexterity Potion"},{"floor":19,"key":"AttackPotion"}],"is_trial":false,"path_per_floor":["M","M","M","$","?","R","E","R","T","M","R","?","E","M","R","B",null,"M","M","$","M","?","E"],"character_chosen":"THE_SILENT","items_purchased":["Centennial Puzzle"],"campfire_rested":0,"item_purchase_floors":[20],"current_hp_per_floor":[70,70,70,70,70,70,49,49,49,45,45,45,21,35,35,35,70,70,54,54,40,40,0],"gold":67,"neow_bonus":"THREE_ENEMY_KILL","is_prod":false,"is_daily":false,"chose_seed":false,"campfire_upgraded":4,"win_rate":0,"timestamp":1550340853,"path_taken":["M","M","M","?","?","R","E","R","T","?","R","?","E","M","R","BOSS","M","M","?","M","?","E"],"build_version":"2019-01-23","purchased_purges":2,"victory":false,"max_hp_per_floor":[70,70,70,70,70,70,70,70,70,70,70,70,70,70,70,70,70,70,70,70,70,70,70],"card_choices":[{"not_picked":["Flying Knee","Crippling Poison"],"picked":"Deflect","floor":1},{"not_picked":["Predator","Acrobatics"],"picked":"Bane","floor":2},{"not_picked":["Backflip","Flying Knee","Acrobatics"],"picked":"SKIP","floor":3},{"not_picked":["Deflect","PiercingWail"],"picked":"Backstab","floor":7},{"not_picked":["Slice","Dodge and Roll"],"picked":"Catalyst","floor":10},{"not_picked":["Catalyst","Quick Slash"],"picked":"Noxious Fumes","floor":13},{"not_picked":["Dagger Spray","Tools of the Trade","Finisher"],"picked":"SKIP","floor":14},{"not_picked":["Corpse Explosion","Doppelganger"],"picked":"Die Die Die","floor":16},{"not_picked":["Accuracy","Underhanded Strike"],"picked":"Catalyst+1","floor":19},{"not_picked":["Sucker Punch","Flying Knee","Quick Slash+1"],"picked":"SKIP","floor":21}],"player_experience":208406,"relics_obtained":[{"floor":7,"key":"Blood Vial"},{"floor":9,"key":"Meat on the Bone"},{"floor":13,"key":"Art of War"}],"event_choices":[{"damage_healed":0,"gold_gain":0,"player_choice":"Full Heal","damage_taken":0,"max_hp_gain":0,"max_hp_loss":0,"event_name":"Wheel of Change","floor":5,"gold_loss":0},{"damage_healed":0,"gold_gain":0,"player_choice":"Ignored","damage_taken":0,"max_hp_gain":0,"max_hp_loss":0,"event_name":"NoteForYourself","floor":12,"gold_loss":0},{"damage_healed":0,"gold_gain":0,"player_choice":"Opened","damage_taken":0,"relics_obtained":["Orichalcum"],"max_hp_gain":0,"max_hp_loss":0,"event_name":"The Mausoleum","floor":22,"gold_loss":0,"cards_obtained":["Writhe"]}],"is_beta":false,"boss_relics":[{"not_picked":["Eternal Feather","Runic Dome"],"picked":"Ectoplasm"}],"items_purged_floors":[4,20],"is_endless":false,"potions_floor_spawned":[3,7,13,19],"killed_by":"Slavers","ascension_level":3}