{"gold_per_floor":[214,164,179,179,33,58,77,93,93,93,128,6,31,49,49,146,146,158,58,71,71,90,90,103,132,132,132,148,174,174,207,207,303,303,313,313,367,386,399,424,424,173,197,241,263,285,322,348,360,372,384,396,30,61,61],"floor_reached":56,"playtime":5679,"items_purged":["Defend_G","Strike_G","Strike_G"],"score":1813,"play_id":"1ad99e2e-8211-4ff0-ab20-1666afad3bf9","local_time":"20190123131035","is_ascension_mode":true,"campfire_choices":[{"floor":10,"key":"REST"},{"data":"Footwork","floor":15,"key":"SMITH"},{"data":"Adrenaline","floor":23,"key":"SMITH"},{"data":"Noxious Fumes","floor":27,"key":"SMITH"},{"data":"Accuracy","floor":30,"key":"SMITH"},{"data":"Well Laid Plans","floor":32,"key":"SMITH"},{"floor":49,"key":"RECALL"},{"floor":52,"key":"REST"}],"neow_cost":"NONE","seed_source_timestamp":3284806829997315,"circlet_count":0,"master_deck":["Defend_G","Defend_G","Defend_G","Strike_G","Strike_G+1","Strike_G","Survivor","Neutralize","Backflip","Adrenaline+1","Noxious Fumes+1","Bullet Time+1","PiercingWail+1","Dagger Spray","Dash","Footwork+1","Blade Dance+1","Leg Sweep+1","Terror+1","Burst+1","Crippling Poison+1","Bouncing Flask+1","Ghostly+1","Ghostly+1","Ghostly+1","Ghostly+1","Ghostly+1","Predator+1","Infinite Blades+1","Blade Dance+1","Well Laid Plans+1","Accuracy+1","Cloak And Dagger+1","Envenom","Dodge and Roll+1","Dodge and Roll+1","Crippling Poison+1","Dark Shackles+1","Forethought+1","Bullet Time+1","Cloak And Dagger+1","Riddle With Holes+1","Acrobatics+1","Underhanded Strike+1","Catalyst+1","Dodge and Roll+1","Acrobatics+1"],"relics":["Ring of the Snake","Happy Flower","Toxic Egg 2","Snake Skull","Dead Branch","Dream Catcher","Snecko Eye","Ancient Tea Set","Bottled Lightning","Centennial Puzzle","Fusion Hammer","Ice Cream","Orichalcum","DollysMirror","MawBank","Blood Vial","Whetstone","Anchor","Oddly Smooth Stone"],"potions_floor_usage":[6,11,16,33,55,55,55],"damage_taken":[{"damage":0,"enemies":"Jaw Worm","floor":1,"turns":6},{"damage":0,"enemies":"Small Slimes","floor":3,"turns":4},{"damage":16,"enemies":"Lagavulin","floor":6,"turns":10},{"damage":0,"enemies":"Cultist","floor":7,"turns":3},{"damage":3,"enemies":"Exordium Thugs","floor":8,"turns":6},{"damage":8,"enemies":"Gremlin Nob","floor":11,"turns":4},{"damage":4,"enemies":"Lagavulin","floor":13,"turns":6},{"damage":0,"enemies":"Blue Slaver","floor":14,"turns":3},{"damage":0,"enemies":"Hexaghost","floor":16,"turns":7},{"damage":0,"enemies":"Shell Parasite","floor":18,"turns":3},{"damage":0,"enemies":"3 Byrds","floor":20,"turns":2},{"damage":0,"enemies":"3 Cultists","floor":22,"turns":4},{"damage":0,"enemies":"Shelled Parasite and Fungi","floor":24,"turns":4},{"damage":0,"enemies":"Gremlin Leader","floor":25,"turns":2},{"damage":0,"enemies":"Centurion and Healer","floor":28,"turns":2},{"damage":0,"enemies":"Book of Stabbing","floor":29,"turns":2},{"damage":0,"enemies":"Slavers","floor":31,"turns":3},{"damage":0,"enemies":"Collector","floor":33,"turns":6},{"damage":0,"enemies":"Orb Walker","floor":35,"turns":3},{"damage":0,"enemies":"2 Orb Walkers","floor":37,"turns":4},{"damage":0,"enemies":"3 Shapes","floor":38,"turns":2},{"damage":0,"enemies":"Transient","floor":39,"turns":5},{"damage":0,"enemies":"Reptomancer","floor":40,"turns":7},{"damage":0,"enemies":"Giant Head","floor":44,"turns":5},{"damage":0,"enemies":"4 Shapes","floor":45,"turns":2},{"damage":0,"enemies":"Maw","floor":46,"turns":5},{"damage":0,"enemies":"Reptomancer","floor":47,"turns":4},{"damage":0,"enemies":"Jaw Worm Horde","floor":48,"turns":2},{"damage":0,"enemies":"Donu and Deca","floor":50,"turns":4},{"damage":0,"enemies":"Shield and Spear","floor":54,"turns":5},{"damage":24,"enemies":"The Heart","floor":55,"turns":7}],"seed_played":"-5370510350576491494","potions_obtained":[{"floor":1,"key":"GhostInAJar"},{"floor":3,"key":"Regen Potion"},{"floor":8,"key":"Strength Potion"},{"floor":11,"key":"Weak Potion"},{"floor":18,"key":"SpeedPotion"},{"floor":22,"key":"AttackPotion"},{"floor":31,"key":"EssenceOfSteel"},{"floor":35,"key":"Block Potion"}],"is_trial":false,"path_per_floor":["?","?","M","M","$","?","?","?","?","M"],"character_chosen":"THE_SILENT","items_purchased":["Noxious Fumes","Footwork","Blade Dance+1","DollysMirror","Cloak And Dagger+1","Anchor","Catalyst+1","Dodge and Roll+1"],"campfire_rested":2,"item_purchase_floors":[5,12,12,42,42,53,53,53],"current_hp_per_floor":[70,70,70,52,52,51,51,48,48,69,61,61,57,57,57,57,70,70,70,70,35,35,35,35,35,35,35,35,35,35,35,35,35,35,35,35,35,35,35,35,25,25,25,25,27,29,31,33,33,35,35,35,35,35,11],"gold":61,"neow_bonus":"HUNDRED_GOLD","is_prod":false,"is_daily":false,"chose_seed":false,"campfire_upgraded":5,"win_rate":0,"timestamp":1548267035,"path_taken":["M","?","M","?","$","E","?","?","T","R","E","?","E","M","R","BOSS","M","$","M","?","M","R","M","E","T","R","M","E","R","E","R","BOSS","M","?","?","M","M","E","?","$","T","E","M","?","E","M","R","BOSS","R","$","E","BOSS"],"build_version":"2019-01-22","purchased_purges":3,"victory":true,"max_hp_per_floor":[70,70,70,70,70,70,70,70,70,70,70,70,70,70,70,70,70,70,70,70,35,35,35,35,35,35,35,35,35,35,35,35,35,35,35,35,35,35,35,35,35,35,35,35,35,35,35,35,35,35,35,35,35,35,35],"card_choices":[{"not_picked":["Slice","Deflect"],"picked":"Backflip","floor":1},{"not_picked":["Bouncing Flask","Deadly Poison"],"picked":"Adrenaline","floor":3},{"not_picked":["Caltrops","Bane"],"picked":"Bullet Time","floor":6},{"not_picked":["Infinite Blades","Prepared+1"],"picked":"PiercingWail+1","floor":7},{"not_picked":["Outmaneuver+1","Prepared+1"],"picked":"Dagger Spray","floor":8},{"not_picked":["Choke","Quick Slash"],"picked":"Dash","floor":11},{"not_picked":["Quick Slash","Caltrops"],"picked":"Leg Sweep+1","floor":13},{"not_picked":["Reflex+1","Outmaneuver+1"],"picked":"Terror+1","floor":14},{"not_picked":["Glass Knife","Doppelganger+1"],"picked":"Burst+1","floor":16},{"not_picked":["Acrobatics+1","Outmaneuver+1"],"picked":"Crippling Poison+1","floor":18},{"not_picked":["Dagger Throw","Poisoned Stab"],"picked":"Bouncing Flask+1","floor":20},{"not_picked":["Flying Knee","Choke"],"picked":"Predator","floor":22},{"not_picked":["Deadly Poison+1","Accuracy"],"picked":"Infinite Blades+1","floor":24},{"not_picked":["Deflect+1","Outmaneuver+1"],"picked":"Blade Dance+1","floor":25},{"not_picked":["Acrobatics+1","Caltrops+1"],"picked":"Well Laid Plans","floor":28},{"not_picked":["Outmaneuver+1","Terror+1"],"picked":"Accuracy","floor":29},{"not_picked":["Dagger Throw","Masterful Stab"],"picked":"Cloak And Dagger+1","floor":31},{"not_picked":["Grand Finale","Wraith Form v2"],"picked":"Envenom","floor":33},{"not_picked":["Well Laid Plans+1","Quick Slash","PiercingWail+1"],"picked":"SKIP","floor":35},{"not_picked":["Choke+1","Setup+1"],"picked":"Dodge and Roll+1","floor":38},{"not_picked":["Outmaneuver+1","Deflect+1"],"picked":"Dodge and Roll+1","floor":39},{"not_picked":["Calculated Gamble+1","Reflex+1"],"picked":"Crippling Poison+1","floor":40},{"not_picked":["Flash of Steel","Blind+1"],"picked":"Dark Shackles+1","floor":41},{"not_picked":["Panacea+1","Madness+1"],"picked":"Forethought+1","floor":41},{"not_picked":["Dagger Spray","Tactician+1"],"picked":"Riddle With Holes+1","floor":44},{"not_picked":["Skewer+1","Expertise+1","Flechettes+1"],"picked":"SKIP","floor":45},{"not_picked":["Prepared+1","Bane+1","Unload"],"picked":"SKIP","floor":46},{"not_picked":["Deadly Poison+1","Poisoned Stab+1"],"picked":"Acrobatics+1","floor":47},{"not_picked":["All Out Attack+1","Slice","Deflect+1"],"picked":"SKIP","floor":48},{"not_picked":["Deadly Poison+1","Calculated Gamble+1"],"picked":"Underhanded Strike+1","floor":52},{"not_picked":["Expertise+1","Terror+1"],"picked":"Acrobatics+1","floor":54}],"player_experience":4172557,"relics_obtained":[{"floor":6,"key":"Toxic Egg 2"},{"floor":9,"key":"Snake Skull"},{"floor":11,"key":"Dead Branch"},{"floor":13,"key":"Dream Catcher"},{"floor":25,"key":"Ancient Tea Set"},{"floor":29,"key":"Bottled Lightning"},{"floor":31,"key":"Centennial Puzzle"},{"floor":37,"key":"Ice Cream"},{"floor":40,"key":"Orichalcum"},{"floor":43,"key":"MawBank"},{"floor":44,"key":"Blood Vial"},{"floor":47,"key":"Whetstone"},{"floor":54,"key":"Oddly Smooth Stone"}],"event_choices":[{"cards_removed":["Defend_G"],"damage_healed":0,"gold_gain":0,"player_choice":"Card Removal","damage_taken":0,"max_hp_gain":0,"max_hp_loss":0,"event_name":"The Cleric","floor":2,"gold_loss":50},{"damage_healed":0,"gold_gain":0,"player_choice":"Success","damage_taken":18,"relics_obtained":["Happy Flower"],"max_hp_gain":0,"max_hp_loss":0,"event_name":"Scrap Ooze","floor":4,"gold_loss":0},{"damage_healed":0,"gold_gain":0,"player_choice":"Became a Ghost","damage_taken":0,"max_hp_gain":0,"max_hp_loss":35,"event_name":"Ghosts","floor":21,"gold_loss":0,"cards_obtained":["Ghostly","Ghostly","Ghostly","Ghostly","Ghostly"]},{"damage_healed":0,"gold_gain":0,"player_choice":"Ignored","damage_taken":0,"max_hp_gain":0,"max_hp_loss":0,"event_name":"Tomb of Lord Red Mask","floor":36,"gold_loss":0},{"damage_healed":0,"gold_gain":0,"player_choice":"Fight","damage_taken":0,"max_hp_gain":0,"max_hp_loss":0,"event_name":"Mysterious Sphere","floor":37,"gold_loss":0},{"damage_healed":0,"gold_gain":0,"player_choice":"Memory 3","damage_taken":10,"max_hp_gain":0,"max_hp_loss":0,"event_name":"SensoryStone","floor":41,"gold_loss":0}],"is_beta":true,"boss_relics":[{"not_picked":["Velvet Choker","Ring of the Serpent"],"picked":"Snecko Eye"},{"not_picked":["Philosopher\u0027s Stone","Black Star"],"picked":"Fusion Hammer"}],"items_purged_floors":[5,19,53],"is_endless":false,"potions_floor_spawned":[1,3,8,11,18,22,28,31,35,38,40,45,47,54],"ascension_level":1}