{"gold_per_floor":[117,134,4,79,79,111,111,136,136,154,172,172,172,172],"floor_reached":14,"playtime":248,"items_purged":["Strike_B"],"score":246,"play_id":"a6d0e581-25a0-4ed6-ba70-3eaafe82e117","local_time":"20190223011426","is_ascension_mode":true,"campfire_choices":[{"data":"Zap","floor":7,"key":"SMITH"},{"data":"Consume","floor":13,"key":"SMITH"}],"neow_cost":"NONE","seed_source_timestamp":39841453152200,"circlet_count":0,"master_deck":["AscendersBane","Strike_B","Strike_B","Strike_B","Defend_B","Defend_B","Defend_B","Defend_B","Zap+1","Dualcast","Conserve Battery","Cold Snap","Consume+1"],"relics":["Cracked Core","NeowsBlessing","Sundial","Vajra","Mango"],"potions_floor_usage":[8,8],"damage_taken":[{"damage":0,"enemies":"2 Louse","floor":1,"turns":1},{"damage":0,"enemies":"Small Slimes","floor":2,"turns":1},{"damage":0,"enemies":"3 Sentries","floor":6,"turns":1},{"damage":20,"enemies":"Lagavulin","floor":8,"turns":7},{"damage":0,"enemies":"Cultist","floor":10,"turns":4},{"damage":3,"enemies":"Blue Slaver","floor":11,"turns":3},{"damage":63,"enemies":"Gremlin Nob","floor":14,"turns":4}],"seed_played":"-8934706640564074190","potions_obtained":[{"floor":1,"key":"EssenceOfSteel"},{"floor":2,"key":"GamblersBrew"}],"is_trial":false,"path_per_floor":["M","M","$","?","?","E","R","E","T","M","M","?","R","?"],"character_chosen":"DEFECT","items_purchased":["Cold Snap"],"campfire_rested":0,"item_purchase_floors":[3],"current_hp_per_floor":[64,64,64,53,35,35,35,29,29,29,26,54,54,0],"gold":172,"neow_bonus":"THREE_ENEMY_KILL","is_prod":false,"is_daily":false,"chose_seed":false,"campfire_upgraded":2,"win_rate":0,"timestamp":1550877266,"path_taken":["M","M","$","?","?","E","R","E","T","M","M","?","R","?"],"build_version":"2019-01-23","purchased_purges":1,"victory":false,"max_hp_per_floor":[71,71,71,71,71,71,71,85,85,85,85,85,85,85],"card_choices":[{"not_picked":["Gash","Barrage"],"picked":"Conserve Battery","floor":1},{"not_picked":["Turbo","Beam Cell","FTL"],"picked":"SKIP","floor":2},{"not_picked":["Doom and Gloom","Beam Cell","Stack"],"picked":"SKIP","floor":6},{"not_picked":["Force Field","Double Energy","Lockon"],"picked":"SKIP","floor":8},{"not_picked":["Steam","Redo"],"picked":"Consume","floor":10},{"not_picked":["Fission","Beam Cell","Rip and Tear"],"picked":"SKIP","floor":11}],"player_experience":895975,"relics_obtained":[{"floor":6,"key":"Vajra"},{"floor":8,"key":"Mango"}],"event_choices":[{"damage_healed":0,"gold_gain":75,"player_choice":"Gather Gold","damage_taken":11,"max_hp_gain":0,"max_hp_loss":0,"event_name":"World of Goop","floor":4,"gold_loss":0},{"damage_healed":0,"gold_gain":0,"player_choice":"Success","damage_taken":18,"relics_obtained":["Sundial"],"max_hp_gain":0,"max_hp_loss":0,"event_name":"Scrap Ooze","floor":5,"gold_loss":0},{"damage_healed":28,"gold_gain":0,"player_choice":"Banana","damage_taken":0,"max_hp_gain":0,"max_hp_loss":0,"event_name":"Big Fish","floor":12,"gold_loss":0},{"damage_healed":0,"gold_gain":0,"player_choice":"Searched \u00271\u0027 times","damage_taken":0,"max_hp_gain":0,"max_hp_loss":0,"event_name":"Dead Adventurer","floor":14,"gold_loss":0}],"is_beta":false,"boss_relics":[],"items_purged_floors":[3],"is_endless":false,"potions_floor_spawned":[1,2],"killed_by":"Gremlin Nob","ascension_level":20}