{"gold_per_floor":[115,115,135,151,131,162,162,197,197,197],"floor_reached":10,"playtime":314,"items_purged":[],"score":129,"play_id":"69b6f8df-559b-4af9-b864-4ed8eb946cc3","local_time":"20181205150707","is_ascension_mode":true,"campfire_choices":[{"floor":7,"key":"REST"}],"neow_cost":"NONE","seed_source_timestamp":122480580210406,"circlet_count":0,"master_deck":["AscendersBane","Strike_B","Strike_B","Strike_B+1","Strike_B+1","Defend_B","Defend_B","Defend_B","Defend_B","Zap","Dualcast","Stack","Leap","Fusion","Self Repair","Force Field"],"relics":["Cracked Core","Whetstone","Bird Faced Urn"],"potions_floor_usage":[2,6,10,10],"damage_taken":[{"damage":0,"enemies":"2 Louse","floor":1,"turns":3},{"damage":0,"enemies":"Cultist","floor":3,"turns":3},{"damage":0,"enemies":"Small Slimes","floor":4,"turns":4},{"damage":71,"enemies":"Gremlin Nob","floor":6,"turns":7},{"damage":22,"enemies":"3 Sentries","floor":8,"turns":9},{"damage":32,"enemies":"Exordium Thugs","floor":10,"turns":5}],"seed_played":"-8581411401973324757","potions_obtained":[{"floor":2,"key":"Fruit Juice"},{"floor":2,"key":"LiquidBronze"},{"floor":2,"key":"SmokeBomb"},{"floor":4,"key":"Ancient Potion"},{"floor":8,"key":"Regen Potion"}],"is_trial":false,"path_per_floor":["M","?","M","M","?","E","R","E","T","M"],"character_chosen":"DEFECT","items_purchased":[],"campfire_rested":1,"item_purchase_floors":[],"current_hp_per_floor":[71,76,76,76,76,5,29,14,14,0],"gold":197,"neow_bonus":"TEN_PERCENT_HP_BONUS","is_prod":false,"is_daily":false,"chose_seed":false,"campfire_upgraded":0,"win_rate":0,"timestamp":1543990027,"path_taken":["M","?","M","?","?","E","R","E","T","M"],"build_version":"2018-11-15","purchased_purges":0,"victory":false,"max_hp_per_floor":[78,83,83,83,83,83,83,83,83,83],"card_choices":[{"not_picked":["Turbo","Compile Driver"],"picked":"Stack","floor":1},{"not_picked":["Barrage","Stack"],"picked":"Leap","floor":3},{"not_picked":["Reinforced Body","Sweeping Beam"],"picked":"Fusion","floor":4},{"not_picked":["Fusion","Static Discharge"],"picked":"Self Repair","floor":6},{"not_picked":["Scrape","Tempest"],"picked":"Force Field","floor":8}],"player_experience":934274,"relics_obtained":[{"floor":6,"key":"Whetstone"},{"floor":8,"key":"Bird Faced Urn"}],"event_choices":[{"damage_healed":0,"gold_gain":0,"player_choice":"Got Potions","damage_taken":0,"max_hp_gain":0,"max_hp_loss":0,"event_name":"Lab","floor":2,"gold_loss":0},{"damage_healed":0,"gold_gain":0,"player_choice":"Bought 1 Potion","damage_taken":0,"max_hp_gain":0,"max_hp_loss":0,"event_name":"The Woman in Blue","floor":5,"gold_loss":0}],"is_beta":false,"boss_relics":[],"items_purged_floors":[],"is_endless":false,"potions_floor_spawned":[4,8],"killed_by":"Exordium Thugs","ascension_level":14}