{"gold_per_floor":[117,392,107,107,107,107,121,159,159,159,202,220,251,269,269,388,388,403,33,57,57,57,57,100,136,148,181,226,253,304,336,348,491,503,530,557,204,204,225,225,256,256,280,311,326,364,387,16,16,16],"floor_reached":51,"playtime":3025,"items_purged":["Regret","Strike_B","Dualcast","Blizzard+1"],"score":1098,"play_id":"1807033b-f980-4dfd-8eb5-f83b379a8921","local_time":"20190222222130","is_ascension_mode":true,"campfire_choices":[{"data":"Zap","floor":6.0,"key":"SMITH"},{"data":"Ball Lightning","floor":10.0,"key":"SMITH"},{"data":"Hologram","floor":15.0,"key":"SMITH"},{"data":"Buffer","floor":23.0,"key":"SMITH"},{"data":"White Noise","floor":32.0,"key":"SMITH"},{"data":"Defragment","floor":40,"key":"SMITH"},{"data":"Recycle","floor":42,"key":"SMITH"},{"data":"Capacitor","floor":49,"key":"SMITH"}],"neow_cost":"NONE","seed_source_timestamp":22646142045627,"circlet_count":0,"master_deck":["Zap+1","Ball Lightning+1","White Noise+1","Leap+1","Chill","Hologram+1","Buffer+1","Barrage","Self Repair","Steam","Go for the Eyes","Cold Snap+1","Conserve Battery+1","Recycle+1","Tempest+1","Electrodynamics","Doom and Gloom+1","Defragment+1","All For One+1","Leap","Go for the Eyes+1","Skim","Storm+1","Capacitor+1","Core Surge+1","Aggregate+1","Loop"],"special_seed":0,"relics":["Cracked Core","NeowsBlessing","Runic Capacitor","Golden Idol","Smiling Mask","Bird Faced Urn","Oddly Smooth Stone","Bag of Marbles","Runic Pyramid","Membership Card","Anchor","MawBank","Molten Egg 2","Bottled Lightning","Red Mask","Pandora\u0027s Box","Omamori","Blood Vial","Frozen Eye","DataDisk","War Paint","Lantern","Pen Nib","Juzu Bracelet","Emotion Chip","Potion Belt"],"potions_floor_usage":[44,44,50,50,50,50],"damage_taken":[{"damage":0.0,"enemies":"Small Slimes","floor":1.0,"turns":1.0},{"damage":0.0,"enemies":"Cultist","floor":7.0,"turns":1.0},{"damage":0.0,"enemies":"Lagavulin","floor":8.0,"turns":1.0},{"damage":10.0,"enemies":"3 Sentries","floor":11.0,"turns":3.0},{"damage":0.0,"enemies":"2 Louse","floor":12.0,"turns":4.0},{"damage":6.0,"enemies":"Lagavulin","floor":13.0,"turns":5.0},{"damage":0.0,"enemies":"Large Slime","floor":14.0,"turns":3.0},{"damage":49.0,"enemies":"Slime Boss","floor":16.0,"turns":8.0},{"damage":5.0,"enemies":"Spheric Guardian","floor":18.0,"turns":4.0},{"damage":19.0,"enemies":"2 Thieves","floor":20.0,"turns":4.0},{"damage":6.0,"enemies":"Slavers","floor":24.0,"turns":5.0},{"damage":40.0,"enemies":"Snecko","floor":25.0,"turns":7.0},{"damage":3.0,"enemies":"Chosen and Byrds","floor":27.0,"turns":7.0},{"damage":11.0,"enemies":"Book of Stabbing","floor":28.0,"turns":8.0},{"damage":0.0,"enemies":"Centurion and Healer","floor":29.0,"turns":7.0},{"damage":47.0,"enemies":"Masked Bandits","floor":30.0,"turns":5.0},{"damage":18.0,"enemies":"Snake Plant","floor":31.0,"turns":5.0},{"damage":0.0,"enemies":"Champ","floor":33.0,"turns":15.0},{"damage":0.0,"enemies":"Orb Walker","floor":35.0,"turns":5.0},{"damage":13.0,"enemies":"3 Shapes","floor":36.0,"turns":4.0},{"damage":0,"enemies":"Jaw Worm Horde","floor":39,"turns":2},{"damage":0,"enemies":"Reptomancer","floor":41,"turns":5},{"damage":5,"enemies":"Nemesis","floor":44,"turns":5},{"damage":21,"enemies":"4 Shapes","floor":45,"turns":5},{"damage":0,"enemies":"Giant Head","floor":46,"turns":6},{"damage":29,"enemies":"Donu and Deca","floor":50,"turns":6}],"seed_played":"7174115308635232405","potions_obtained":[{"floor":7.0,"key":"AttackPotion"},{"floor":8.0,"key":"PowerPotion"},{"floor":12.0,"key":"Regen Potion"},{"floor":20.0,"key":"Strength Potion"},{"floor":22.0,"key":"FocusPotion"},{"floor":22.0,"key":"Weak Potion"},{"floor":28.0,"key":"Strength Potion"},{"floor":30.0,"key":"Regen Potion"},{"floor":31.0,"key":"SteroidPotion"},{"floor":35.0,"key":"PowerPotion"},{"floor":39,"key":"PowerPotion"},{"floor":46,"key":"LiquidBronze"}],"is_trial":false,"path_per_floor":["M","?","$","?","?","R","M","E","T","R","E","M","E","M","R","B",null,"M","$","M","?","?","R","E","M","T","M","E","M","?","M","R","B",null,"M","M","$","?","M","R","E","R","T","E","M","E","T","$","R","B",null],"character_chosen":"DEFECT","items_purchased":["Runic Capacitor","Membership Card","Anchor","Self Repair","Steam","Capacitor","Omamori","Dexterity Potion","Blood Vial","Frozen Eye","Emotion Chip","Loop","Potion Belt","Ancient Potion","Dexterity Potion"],"campfire_rested":0,"item_purchase_floors":[3,19,19,19,19,37,37,37,37,37,48,48,48,48,48],"current_hp_per_floor":[75,75,75,68,50,50,50,50,50,50,44,46,56,58,58,11,75,70,70,55,75,75,75,75,35,35,53,55,68,34,41,41,54,75,75,73,73,73,75,75,75,75,75,75,69,75,75,75,75,55],"gold":16,"neow_bonus":"THREE_ENEMY_KILL","is_prod":false,"is_daily":false,"chose_seed":false,"campfire_upgraded":8,"win_rate":0,"timestamp":1550870490,"path_taken":["M","?","?","?","?","R","?","E","T","R","E","M","E","M","R","BOSS","M","$","M","?","?","R","E","M","T","?","E","M","?","M","R","BOSS","M","M","$","?","M","R","E","R","T","E","M","E","?","$","R","BOSS"],"build_version":"2019-01-23","purchased_purges":4,"victory":true,"max_hp_per_floor":[75,75,75,75,75,75,75,75,75,75,75,75,75,75,75,75,75,75,75,75,75,75,75,75,75,75,75,75,75,75,75,75,75,75,75,75,75,75,75,75,75,75,75,75,75,75,75,75,75,75],"card_choices":[{"not_picked":["Turbo","Hologram","Stack"],"picked":"SKIP","floor":1.0},{"not_picked":["Reinforced Body","Multi-Cast"],"picked":"Ball Lightning","floor":7.0},{"not_picked":["Chaos","Amplify"],"picked":"White Noise","floor":8.0},{"not_picked":["Streamline","Gash"],"picked":"Leap","floor":11.0},{"not_picked":["Rip and Tear","Skim","Turbo"],"picked":"SKIP","floor":12.0},{"not_picked":["Leap","Core Surge"],"picked":"Chill","floor":13.0},{"not_picked":["Streamline","Sweeping Beam"],"picked":"Hologram","floor":14.0},{"not_picked":["Fission","Thunder Strike"],"picked":"Buffer","floor":16.0},{"not_picked":["Redo","Beam Cell+1"],"picked":"Barrage","floor":18.0},{"not_picked":["FTL","Turbo","Beam Cell+1"],"picked":"SKIP","floor":20.0},{"not_picked":["Streamline","Blizzard"],"picked":"Go for the Eyes","floor":24.0},{"not_picked":["Rip and Tear","Redo","Gash"],"picked":"SKIP","floor":25.0},{"not_picked":["Reprogram","Chaos","Stack"],"picked":"SKIP","floor":27.0},{"not_picked":["Turbo","Barrage+1"],"picked":"Cold Snap+1","floor":28.0},{"not_picked":["Sweeping Beam+1","Auto Shields"],"picked":"Conserve Battery+1","floor":29.0},{"not_picked":["Hologram","Sweeping Beam+1"],"picked":"Recycle","floor":30.0},{"not_picked":["Streamline+1","Force Field"],"picked":"Tempest","floor":31.0},{"not_picked":["Core Surge+1","Reboot"],"picked":"Electrodynamics","floor":33.0},{"not_picked":["Compile Driver+1","Rebound+1"],"picked":"Skim","floor":35.0},{"not_picked":["Lockon+1","Cold Snap+1"],"picked":"Storm+1","floor":36.0},{"not_picked":["Compile Driver+1","Leap","Genetic Algorithm"],"picked":"SKIP","floor":39},{"not_picked":["Machine Learning","FTL+1","Capacitor"],"picked":"SKIP","floor":41},{"not_picked":["Reprogram","Steam Power"],"picked":"Core Surge+1","floor":44},{"not_picked":["Fusion","Gash+1","Storm"],"picked":"SKIP","floor":45},{"not_picked":["Reboot","Turbo+1"],"picked":"Aggregate+1","floor":46}],"player_experience":229518,"relics_obtained":[{"floor":8.0,"key":"Smiling Mask"},{"floor":9.0,"key":"Bird Faced Urn"},{"floor":11.0,"key":"Oddly Smooth Stone"},{"floor":13.0,"key":"Bag of Marbles"},{"floor":24.0,"key":"MawBank"},{"floor":26.0,"key":"Molten Egg 2"},{"floor":28.0,"key":"Bottled Lightning"},{"floor":30.0,"key":"Red Mask"},{"floor":41,"key":"DataDisk"},{"floor":43,"key":"War Paint"},{"floor":44,"key":"Lantern"},{"floor":46,"key":"Pen Nib"},{"floor":47,"key":"Juzu Bracelet"}],"event_choices":[{"damage_healed":0.0,"max_hp_gain":0.0,"max_hp_loss":0.0,"gold_gain":275.0,"event_name":"Golden Shrine","player_choice":"Desecrate","floor":2.0,"gold_loss":0.0,"damage_taken":0.0,"cards_obtained":["Regret"]},{"cards_removed":["Strike_B"],"damage_healed":0.0,"max_hp_gain":0.0,"max_hp_loss":0.0,"gold_gain":0.0,"event_name":"Golden Wing","player_choice":"Card Removal","floor":4.0,"gold_loss":0.0,"damage_taken":7.0},{"damage_healed":0.0,"max_hp_gain":0.0,"max_hp_loss":0.0,"gold_gain":0.0,"event_name":"Golden Idol","player_choice":"Take Damage","floor":5.0,"gold_loss":0.0,"damage_taken":18.0,"relics_obtained":["Golden Idol"]},{"damage_healed":25.0,"max_hp_gain":0.0,"max_hp_loss":0.0,"gold_gain":0.0,"event_name":"The Library","player_choice":"Heal","floor":21.0,"gold_loss":0.0,"damage_taken":0.0},{"damage_healed":0.0,"max_hp_gain":0.0,"max_hp_loss":0.0,"gold_gain":0.0,"event_name":"Lab","player_choice":"Got Potions","floor":22.0,"gold_loss":0.0,"damage_taken":0.0},{"damage_healed":0.0,"max_hp_gain":0.0,"max_hp_loss":0.0,"gold_gain":0.0,"event_name":"Masked Bandits","player_choice":"Fought Bandits","floor":30.0,"gold_loss":0.0,"damage_taken":0.0},{"damage_healed":0.0,"max_hp_gain":0.0,"max_hp_loss":0.0,"gold_gain":0.0,"event_name":"Mysterious Sphere","player_choice":"Ignored","floor":38.0,"gold_loss":0.0,"damage_taken":0.0}],"is_beta":false,"boss_relics":[{"not_picked":["Velvet Choker","Fusion Hammer"],"picked":"Runic Pyramid"},{"not_picked":["Runic Dome","Calling Bell"],"picked":"Pandora\u0027s Box"}],"items_purged_floors":[3,19,37,48],"is_endless":false,"potions_floor_spawned":[7,8,12,20,28,30,31,35,39,46],"ascension_level":3}