{"gold_per_floor":[109,120,295,295,309,309,344,37,37,68,68,92,92,92,92,92],"floor_reached":16,"playtime":854,"items_purged":["Doubt"],"score":108,"play_id":"f40a96f5-394f-4c46-84c4-ceab9703c8b4","local_time":"20181204200152","is_ascension_mode":false,"campfire_choices":[{"data":"Zap","floor":6.0,"key":"SMITH"},{"floor":13.0,"key":"REST"},{"data":"Redo","floor":15.0,"key":"SMITH"}],"neow_cost":"NONE","seed_source_timestamp":0,"circlet_count":0,"master_deck":["Strike_B","Strike_B","Defend_B","Defend_B","Defend_B","Defend_B","Zap+1","Dualcast","Steam","Redo+1","Biased Cognition","Capacitor","Impatience","Hologram+1","Amplify+1"],"special_seed":0,"relics":["Cracked Core","Orichalcum","Golden Idol","WingedGreaves","Regal Pillow","Ginger","Toxic Egg 2"],"potions_floor_usage":[16],"damage_taken":[{"damage":1.0,"enemies":"Jaw Worm","floor":1.0,"turns":3.0},{"damage":0.0,"enemies":"2 Louse","floor":2.0,"turns":2.0},{"damage":2.0,"enemies":"Small Slimes","floor":5.0,"turns":4.0},{"damage":36.0,"enemies":"Gremlin Nob","floor":7.0,"turns":5.0},{"damage":19.0,"enemies":"Lagavulin","floor":10.0,"turns":6.0},{"damage":4.0,"enemies":"Looter","floor":12.0,"turns":3.0},{"damage":41,"enemies":"Slime Boss","floor":16,"turns":9}],"seed_played":"7557573279273119255","potions_obtained":[{"floor":7.0,"key":"SpeedPotion"}],"is_trial":false,"path_per_floor":["M","M","?","?","M","R","E","$","T","E","?","M","R","?","R","B"],"character_chosen":"DEFECT","items_purchased":["Impatience","Regal Pillow"],"campfire_rested":1,"item_purchase_floors":[8,8],"current_hp_per_floor":[74,74,74,69,67,67,31,31,31,12,5,1,36,36,36,0],"gold":92,"neow_bonus":"RANDOM_COMMON_RELIC","is_prod":false,"is_daily":false,"chose_seed":false,"campfire_upgraded":2,"win_rate":0.0,"timestamp":1543975312,"path_taken":["M","M","?","?","M","R","E","$","T","E","?","M","R","?","R","BOSS"],"build_version":"2018-11-15","purchased_purges":1,"victory":false,"max_hp_per_floor":[75,75,75,69,69,69,69,69,69,69,69,69,69,69,69,69],"card_choices":[{"not_picked":["Ball Lightning","Stack"],"picked":"Steam","floor":1.0},{"not_picked":["Sweeping Beam","Beam Cell"],"picked":"Redo","floor":2.0},{"not_picked":["Sweeping Beam","White Noise"],"picked":"Biased Cognition","floor":5.0},{"not_picked":["Conserve Battery","Cold Snap"],"picked":"Capacitor","floor":7.0},{"not_picked":["Rebound","Blizzard","Steam"],"picked":"SKIP","floor":10.0},{"not_picked":["Beam Cell","FTL"],"picked":"Hologram+1","floor":12.0}],"player_experience":287678,"relics_obtained":[{"floor":7.0,"key":"WingedGreaves"},{"floor":9.0,"key":"Ginger"},{"floor":10.0,"key":"Toxic Egg 2"}],"event_choices":[{"damage_healed":0.0,"max_hp_gain":0.0,"max_hp_loss":0.0,"gold_gain":175.0,"event_name":"Liars Game","player_choice":"AGREE","floor":3.0,"gold_loss":0.0,"damage_taken":0.0,"cards_obtained":["Doubt"]},{"damage_healed":0.0,"max_hp_gain":0.0,"max_hp_loss":6.0,"gold_gain":0.0,"event_name":"Golden Idol","player_choice":"Lose Max HP","floor":4.0,"gold_loss":0.0,"damage_taken":0.0,"relics_obtained":["Golden Idol"]},{"cards_removed":["Strike_B"],"damage_healed":0.0,"max_hp_gain":0.0,"max_hp_loss":0.0,"gold_gain":0.0,"event_name":"Golden Wing","player_choice":"Card Removal","floor":11.0,"gold_loss":0.0,"damage_taken":7.0},{"damage_healed":0.0,"max_hp_gain":0.0,"max_hp_loss":0.0,"gold_gain":0.0,"cards_transformed":["Strike_B"],"event_name":"Transmorgrifier","player_choice":"Transformed","floor":14.0,"gold_loss":0.0,"damage_taken":0.0,"cards_obtained":["Amplify"]}],"is_beta":false,"boss_relics":[],"items_purged_floors":[8],"is_endless":false,"potions_floor_spawned":[7],"killed_by":"Slime Boss","ascension_level":0}