{"gold_per_floor":[119,119,136,185,285,285,299,328,354,373,387,412,412,47,47,150,150,161,175,61,61,75,75,103,103,172,172,272,332,346,378,378,475,475,492,592,610,659,659,688,701,736,736,736,770,118,118,166,166,166,166,166,19,46,46],"floor_reached":56,"playtime":3888,"items_purged":["Strike_B","Strike_B"],"score":1669,"play_id":"44708a08-5f8b-4c4d-a84a-17e8b216c01f","local_time":"20181204161732","is_ascension_mode":true,"campfire_choices":[{"data":"Zap","floor":6,"key":"SMITH"},{"data":"Storm","floor":13,"key":"SMITH"},{"data":"Defragment","floor":15,"key":"SMITH"},{"data":"Biased Cognition","floor":23,"key":"SMITH"},{"data":"Seek","floor":25,"key":"SMITH"},{"data":"Coolheaded","floor":27,"key":"SMITH"},{"data":"Capacitor","floor":32,"key":"SMITH"},{"floor":44,"key":"RECALL"},{"data":"Defragment","floor":49,"key":"SMITH"},{"data":"Machine Learning","floor":52,"key":"SMITH"}],"neow_cost":"NONE","seed_source_timestamp":902567273846163,"circlet_count":0,"master_deck":["Strike_B","Defend_B","Defend_B","Defend_B","Defend_B","Zap+1","Dualcast","Go for the Eyes","Glacier","Storm+1","Go for the Eyes","Chill","Tempest","Capacitor+1","Defragment+1","Ball Lightning","Leap","Biased Cognition+1","Conserve Battery+1","Hello World","Auto Shields","Coolheaded+1","Seek+1","Steam Power+1","Barrage","Conserve Battery+1","Storm","Machine Learning+1","Cold Snap","Stack+1","Steam+1","Coolheaded+1","Discovery+1","Defragment+1","White Noise+1","Skim+1","Chill+1","Apotheosis+1","Storm","Conserve Battery+1","Coolheaded+1"],"relics":["Cracked Core","Ornamental Fan","Lantern","Turnip","Ancient Tea Set","Juzu Bracelet","Bag of Preparation","Inserter","Nilry\u0027s Codex","Oddly Smooth Stone","Toxic Egg 2","Nunchaku","Meat on the Bone","Tiny Chest","Art of War","Velvet Choker","Unceasing Top","Mango","Question Card","Bottled Lightning","FossilizedHelix","OrangePellets","Smiling Mask","Boot"],"potions_floor_usage":[12,28,33,55,55,55],"damage_taken":[{"damage":5,"enemies":"Small Slimes","floor":1,"turns":3},{"damage":0,"enemies":"Jaw Worm","floor":3,"turns":3},{"damage":0,"enemies":"Cultist","floor":7,"turns":3},{"damage":1,"enemies":"Lagavulin","floor":8,"turns":9},{"damage":5,"enemies":"Blue Slaver","floor":10,"turns":3},{"damage":0,"enemies":"2 Fungi Beasts","floor":11,"turns":3},{"damage":25,"enemies":"3 Sentries","floor":12,"turns":16},{"damage":0,"enemies":"The Guardian","floor":16,"turns":9},{"damage":0,"enemies":"Chosen","floor":18,"turns":3},{"damage":0,"enemies":"Spheric Guardian","floor":19,"turns":3},{"damage":0,"enemies":"3 Cultists","floor":22,"turns":5},{"damage":3,"enemies":"Book of Stabbing","floor":24,"turns":4},{"damage":9,"enemies":"Colosseum Slavers","floor":28,"turns":3},{"damage":5,"enemies":"Colosseum Nobs","floor":28,"turns":4},{"damage":4,"enemies":"Gremlin Leader","floor":29,"turns":5},{"damage":0,"enemies":"Snake Plant","floor":30,"turns":3},{"damage":0,"enemies":"Book of Stabbing","floor":31,"turns":5},{"damage":0,"enemies":"Champ","floor":33,"turns":6},{"damage":0,"enemies":"3 Shapes","floor":35,"turns":3},{"damage":0,"enemies":"Mind Bloom Boss Battle","floor":36,"turns":4},{"damage":6,"enemies":"3 Darklings","floor":37,"turns":5},{"damage":2,"enemies":"2 Orb Walkers","floor":38,"turns":4},{"damage":10,"enemies":"Nemesis","floor":40,"turns":5},{"damage":0,"enemies":"Writhing Mass","floor":41,"turns":3},{"damage":0,"enemies":"Giant Head","floor":42,"turns":9},{"damage":0,"enemies":"Reptomancer","floor":45,"turns":5},{"damage":0,"enemies":"Time Eater","floor":50,"turns":6},{"damage":0,"enemies":"Shield and Spear","floor":54,"turns":6},{"damage":27,"enemies":"The Heart","floor":55,"turns":8}],"seed_played":"-5527154773882786455","potions_obtained":[{"floor":3,"key":"Ancient Potion"},{"floor":8,"key":"Energy Potion"},{"floor":18,"key":"Fire Potion"},{"floor":19,"key":"SmokeBomb"},{"floor":29,"key":"FocusPotion"},{"floor":31,"key":"Poison Potion"},{"floor":37,"key":"Fire Potion"},{"floor":38,"key":"Ancient Potion"},{"floor":40,"key":"SkillPotion"}],"is_trial":false,"path_per_floor":["M","?","M","T","?","R","M","E","T","M","M","E","R","$","R","B",null,"M","M","$","?","M","R","E","R","T","R","?","E","M","E","R","B",null,"M","?","M","?","?","E","M","E","T","R","E","$","?","T","R","B",null,"R","$","E","B",null],"character_chosen":"DEFECT","items_purchased":["Defragment","Ball Lightning","Bag of Preparation","Leap","Hello World","Auto Shields","FocusPotion","OrangePellets","Chill+1","Apotheosis+1","Storm","Conserve Battery+1","Coolheaded+1","Weak Potion"],"campfire_rested":0,"item_purchase_floors":[14,14,14,14,20,20,46,46,46,46,46,46,53,53],"current_hp_per_floor":[70,52,52,52,52,52,52,51,51,46,46,21,21,21,21,21,75,75,75,75,59,59,59,56,56,56,56,42,38,38,38,38,38,75,75,75,69,81,81,71,71,71,71,71,71,71,71,71,71,71,89,89,89,89,62],"gold":46,"neow_bonus":"REMOVE_CARD","is_prod":false,"is_daily":false,"chose_seed":false,"campfire_upgraded":9,"win_rate":0,"timestamp":1543958252,"path_taken":["M","?","M","?","?","R","M","E","T","M","M","E","R","$","R","BOSS","M","M","$","?","M","R","E","R","T","R","?","E","M","E","R","BOSS","M","?","M","?","?","E","M","E","T","R","E","$","?","?","R","BOSS","R","$","E","BOSS"],"build_version":"2018-12-4","purchased_purges":2,"victory":true,"max_hp_per_floor":[75,75,75,75,75,75,75,75,75,75,75,75,75,75,75,75,75,75,75,75,75,75,75,75,75,75,75,75,75,75,75,75,75,75,75,75,75,89,89,89,89,89,89,89,89,89,89,89,89,89,89,89,89,89,89],"card_choices":[{"not_picked":["Barrage","Leap"],"picked":"Go for the Eyes","floor":1},{"not_picked":["Beam Cell","Lockon"],"picked":"Glacier","floor":3},{"not_picked":["Hologram","Steam"],"picked":"Storm","floor":7},{"not_picked":["Reprogram","Steam"],"picked":"Go for the Eyes","floor":8},{"not_picked":["Chaos","BootSequence"],"picked":"Chill","floor":10},{"not_picked":["Beam Cell","Conserve Battery"],"picked":"Tempest","floor":11},{"not_picked":["Gash","Fission"],"picked":"Capacitor","floor":12},{"not_picked":["Multi-Cast","Seek"],"picked":"Biased Cognition","floor":16},{"not_picked":["Rebound","Sunder+1"],"picked":"Conserve Battery+1","floor":18},{"not_picked":["Gash+1","Streamline","Beam Cell"],"picked":"SKIP","floor":19},{"not_picked":["Sweeping Beam","Chaos"],"picked":"Coolheaded","floor":22},{"not_picked":["Recycle","Beam Cell"],"picked":"Seek","floor":24},{"not_picked":["Scrape+1","Beam Cell+1"],"picked":"Steam Power+1","floor":28},{"not_picked":["Auto Shields+1","Gash+1"],"picked":"Barrage","floor":29},{"not_picked":["Sweeping Beam","Reprogram+1"],"picked":"Conserve Battery+1","floor":30},{"not_picked":["Sunder","Turbo+1"],"picked":"Storm","floor":31},{"not_picked":["Multi-Cast+1","All For One"],"picked":"Machine Learning","floor":33},{"not_picked":["Melter","Gash+1"],"picked":"Cold Snap","floor":35},{"not_picked":["Cold Snap","Leap+1"],"picked":"Stack+1","floor":36},{"not_picked":["Turbo+1","Double Energy+1"],"picked":"Steam+1","floor":37},{"not_picked":["Scrape","BootSequence+1"],"picked":"Coolheaded+1","floor":38},{"not_picked":["Secret Weapon+1","Flash of Steel"],"picked":"Discovery+1","floor":39},{"not_picked":["Buffer","Rebound+1"],"picked":"Defragment","floor":40},{"not_picked":["Go for the Eyes+1","FTL","Turbo+1"],"picked":"White Noise+1","floor":41},{"not_picked":["Fusion+1","Compile Driver","Gash+1"],"picked":"Skim+1","floor":42},{"not_picked":["Fusion+1","Scrape","Recycle+1","Double Energy+1"],"picked":"SKIP","floor":45},{"not_picked":["Fusion+1","Scrape","Recycle+1","Double Energy+1"],"picked":"SKIP","floor":45},{"not_picked":["Chill+1","Sunder+1","Fusion+1","Reprogram+1"],"picked":"SKIP","floor":54}],"player_experience":3658549,"relics_obtained":[{"floor":4,"key":"Lantern"},{"floor":8,"key":"Turnip"},{"floor":9,"key":"Ancient Tea Set"},{"floor":12,"key":"Juzu Bracelet"},{"floor":21,"key":"Nilry\u0027s Codex"},{"floor":24,"key":"Oddly Smooth Stone"},{"floor":26,"key":"Toxic Egg 2"},{"floor":28,"key":"Nunchaku"},{"floor":28,"key":"Meat on the Bone"},{"floor":29,"key":"Tiny Chest"},{"floor":31,"key":"Art of War"},{"floor":36,"key":"Unceasing Top"},{"floor":38,"key":"Mango"},{"floor":40,"key":"Question Card"},{"floor":42,"key":"Bottled Lightning"},{"floor":45,"key":"FossilizedHelix"},{"floor":48,"key":"Smiling Mask"},{"floor":54,"key":"Boot"}],"event_choices":[{"damage_healed":0,"gold_gain":0,"player_choice":"Success","damage_taken":18,"relics_obtained":["Ornamental Fan"],"max_hp_gain":0,"max_hp_loss":0,"event_name":"Scrap Ooze","floor":2,"gold_loss":0},{"damage_healed":0,"gold_gain":100,"player_choice":"Pray","damage_taken":0,"max_hp_gain":0,"max_hp_loss":0,"event_name":"Golden Shrine","floor":5,"gold_loss":0},{"damage_healed":0,"gold_gain":0,"player_choice":"Obtained Book","damage_taken":16,"max_hp_gain":0,"max_hp_loss":0,"event_name":"Cursed Tome","floor":21,"gold_loss":0},{"damage_healed":0,"gold_gain":0,"player_choice":"Fight","damage_taken":0,"max_hp_gain":0,"max_hp_loss":0,"event_name":"Colosseum","floor":28,"gold_loss":0},{"damage_healed":0,"gold_gain":0,"player_choice":"Fought Nobs","damage_taken":0,"max_hp_gain":0,"max_hp_loss":0,"event_name":"Colosseum","floor":28,"gold_loss":0},{"damage_healed":0,"gold_gain":0,"player_choice":"Fight","damage_taken":0,"max_hp_gain":0,"max_hp_loss":0,"event_name":"MindBloom","floor":36,"gold_loss":0},{"damage_healed":0,"gold_gain":0,"player_choice":"Fight","damage_taken":0,"max_hp_gain":0,"max_hp_loss":0,"event_name":"Mysterious Sphere","floor":38,"gold_loss":0},{"damage_healed":0,"gold_gain":0,"player_choice":"Memory 1","damage_taken":0,"max_hp_gain":0,"max_hp_loss":0,"event_name":"SensoryStone","floor":39,"gold_loss":0},{"damage_healed":0,"gold_gain":0,"player_choice":"Ignored","damage_taken":0,"max_hp_gain":0,"max_hp_loss":0,"event_name":"Tomb of Lord Red Mask","floor":47,"gold_loss":0}],"is_beta":true,"boss_relics":[{"not_picked":["Philosopher\u0027s Stone","Black Star"],"picked":"Inserter"},{"not_picked":["Orrery","Snecko Eye"],"picked":"Velvet Choker"}],"items_purged_floors":[14,53],"is_endless":false,"potions_floor_spawned":[3,8,18,19,29,31,37,38,40,42],"ascension_level":1}