{"gold_per_floor":[17,17,30,2,19,48,58,58,105,139,139,155,170,200,200,278,278,288,298,17,17,34,34,34,34,81,81,96,131,151,162,162,162],"floor_reached":33,"playtime":1178,"items_purged":[],"score":603,"play_id":"f21f05f8-2fc5-4de6-a583-599be27ef8d3","local_time":"20190222212433","is_ascension_mode":true,"campfire_choices":[{"floor":8.0,"key":"REST"},{"floor":11.0,"key":"REST"},{"data":"Zap","floor":15.0,"key":"SMITH"},{"data":"Consume","floor":23.0,"key":"SMITH"},{"data":"Biased Cognition","floor":25.0,"key":"SMITH"},{"data":"Echo Form","floor":27.0,"key":"SMITH"},{"floor":32.0,"key":"REST"}],"neow_cost":"NO_GOLD","seed_source_timestamp":24973192963500,"circlet_count":0,"master_deck":["AscendersBane","Strike_B","Strike_B","Strike_B","Defend_B","Defend_B","Defend_B","Defend_B","Zap+1","Dualcast","Cold Snap","Ball Lightning","Auto Shields","BootSequence","Echo Form+1","Cold Snap","Biased Cognition+1","Compile Driver","Consume+1","Cold Snap+1","Ball Lightning"],"special_seed":0,"relics":["Cracked Core","Dead Branch","Pear","Art of War","Strawberry","Vajra","Philosopher\u0027s Stone","Runic Capacitor","Bronze Scales","Blood Vial"],"potions_floor_usage":[33,33],"damage_taken":[{"damage":2.0,"enemies":"2 Louse","floor":1.0,"turns":2.0},{"damage":1.0,"enemies":"Cultist","floor":3.0,"turns":3.0},{"damage":5.0,"enemies":"Jaw Worm","floor":5.0,"turns":2.0},{"damage":24.0,"enemies":"Lagavulin","floor":6.0,"turns":6.0},{"damage":9.0,"enemies":"3 Louse","floor":7.0,"turns":2.0},{"damage":21.0,"enemies":"Gremlin Nob","floor":10.0,"turns":4.0},{"damage":7.0,"enemies":"Exordium Thugs","floor":12.0,"turns":4.0},{"damage":0.0,"enemies":"2 Fungi Beasts","floor":13.0,"turns":3.0},{"damage":3.0,"enemies":"Lagavulin","floor":14.0,"turns":6.0},{"damage":49.0,"enemies":"Hexaghost","floor":16.0,"turns":10.0},{"damage":14.0,"enemies":"Shell Parasite","floor":18.0,"turns":4.0},{"damage":12.0,"enemies":"Spheric Guardian","floor":19.0,"turns":4.0},{"damage":13.0,"enemies":"Chosen and Byrds","floor":22.0,"turns":6.0},{"damage":1.0,"enemies":"Cultist and Chosen","floor":28.0,"turns":5.0},{"damage":6.0,"enemies":"Book of Stabbing","floor":29.0,"turns":4.0},{"damage":56.0,"enemies":"Shelled Parasite and Fungi","floor":30.0,"turns":5.0},{"damage":0.0,"enemies":"Centurion and Healer","floor":31.0,"turns":5.0},{"damage":52,"enemies":"Collector","floor":33,"turns":7}],"seed_played":"-8200723428277031069","potions_obtained":[{"floor":1.0,"key":"Fire Potion"},{"floor":10.0,"key":"PowerPotion"},{"floor":12.0,"key":"Fruit Juice"},{"floor":14.0,"key":"Swift Potion"},{"floor":22.0,"key":"Swift Potion"},{"floor":29.0,"key":"AttackPotion"},{"floor":30.0,"key":"LiquidBronze"}],"is_trial":false,"path_per_floor":["M","?","M","$","M","E","M","R","T","E","R","M","M","E","R","B",null,"M","M","$","?","M","R","$","R","T","R","M","E","M","M","R","B"],"character_chosen":"DEFECT","items_purchased":["Ball Lightning","Runic Capacitor","PowerPotion"],"campfire_rested":3,"item_purchase_floors":[4,20,20],"current_hp_per_floor":[62,62,61,61,56,42,33,57,57,43,69,67,67,64,64,15,74,60,48,48,93,80,80,80,80,80,80,79,73,19,21,48,0],"gold":162,"neow_bonus":"ONE_RARE_RELIC","is_prod":false,"is_daily":false,"chose_seed":false,"campfire_upgraded":4,"win_rate":0,"timestamp":1550863473,"path_taken":["M","?","?","?","M","E","M","R","T","E","R","M","M","E","R","BOSS","M","M","$","?","M","R","$","R","T","R","M","E","M","M","R","BOSS"],"build_version":"2019-01-23","purchased_purges":0,"victory":false,"max_hp_per_floor":[71,71,71,71,71,81,81,81,81,88,88,93,93,93,93,93,93,93,93,93,93,93,93,93,93,93,93,93,93,93,93,93,93],"card_choices":[{"not_picked":["Hello World","Rebound"],"picked":"Cold Snap","floor":1.0},{"not_picked":["Rebound","Static Discharge","Redo"],"picked":"SKIP","floor":3.0},{"not_picked":["Rebound","Skim","Leap"],"picked":"SKIP","floor":5.0},{"not_picked":["Fusion","Force Field"],"picked":"Auto Shields","floor":6.0},{"not_picked":["Reprogram","Force Field","Darkness"],"picked":"SKIP","floor":7.0},{"not_picked":["Barrage","FTL"],"picked":"BootSequence","floor":10.0},{"not_picked":["Darkness","Heatsinks","Leap"],"picked":"SKIP","floor":12.0},{"not_picked":["Cold Snap","Rip and Tear"],"picked":"Echo Form","floor":13.0},{"not_picked":["Doom and Gloom","Redo"],"picked":"Cold Snap","floor":14.0},{"not_picked":["Buffer","Thunder Strike"],"picked":"Biased Cognition","floor":16.0},{"not_picked":["Auto Shields","Reinforced Body"],"picked":"Compile Driver","floor":18.0},{"not_picked":["Gash","Blizzard","Rip and Tear"],"picked":"SKIP","floor":19.0},{"not_picked":["Capacitor","Hologram"],"picked":"Consume","floor":22.0},{"not_picked":["Streamline","Go for the Eyes"],"picked":"Cold Snap+1","floor":28.0},{"not_picked":["All For One","Thunder Strike"],"picked":"Ball Lightning","floor":29.0},{"not_picked":["Turbo","Leap","Compile Driver"],"picked":"SKIP","floor":30.0},{"not_picked":["BootSequence+1","Sweeping Beam","Gash"],"picked":"SKIP","floor":31.0}],"player_experience":882295,"relics_obtained":[{"floor":6.0,"key":"Pear"},{"floor":9.0,"key":"Art of War"},{"floor":10.0,"key":"Strawberry"},{"floor":14.0,"key":"Vajra"},{"floor":26.0,"key":"Bronze Scales"},{"floor":29.0,"key":"Blood Vial"}],"event_choices":[{"cards_removed":["Strike_B"],"damage_healed":0.0,"max_hp_gain":0.0,"max_hp_loss":0.0,"gold_gain":0.0,"event_name":"Bonfire Elementals","player_choice":"Offered Basic","floor":2.0,"gold_loss":0.0,"damage_taken":0.0},{"damage_healed":45.0,"max_hp_gain":0.0,"max_hp_loss":0.0,"gold_gain":0.0,"event_name":"Wheel of Change","player_choice":"Full Heal","floor":21.0,"gold_loss":0.0,"damage_taken":0.0}],"is_beta":false,"boss_relics":[{"not_picked":["Inserter","Velvet Choker"],"picked":"Philosopher\u0027s Stone"}],"items_purged_floors":[],"is_endless":false,"potions_floor_spawned":[1,10,12,14,22,29,30],"killed_by":"Collector","ascension_level":20}