{"gold_per_floor":[219,219,233,246,265,265,14,39,39,39,52,71,71,84,84,182,182,201,201,301,301,34,34,47,47,47,65,77,77,139,156,156,257,257,270,297,116,129,149,149,176,176,176,176,186,186,201,527,527,527,527,527,1,30,30],"floor_reached":56,"playtime":9376,"items_purged":["Writhe","Defend_G","Defend_G+1"],"score":1830,"play_id":"28ae8215-7d2a-4d63-b4c4-8aef82185422","local_time":"20190214214457","is_ascension_mode":true,"campfire_choices":[{"data":"Neutralize","floor":6.0,"key":"SMITH"},{"data":"Well Laid Plans","floor":10.0,"key":"SMITH"},{"data":"Backflip","floor":13.0,"key":"SMITH"},{"data":"After Image","floor":15.0,"key":"SMITH"},{"data":"Backflip","floor":23.0,"key":"SMITH"},{"data":"Acrobatics","floor":25.0,"key":"SMITH"},{"data":"Skewer","floor":29.0,"key":"SMITH"},{"data":"Tactician","floor":32.0,"key":"SMITH"},{"data":"Backflip","floor":40.0,"key":"SMITH"},{"data":"Crippling Poison","floor":42.0,"key":"SMITH"},{"floor":49.0,"key":"RECALL"},{"floor":52.0,"key":"REST"}],"neow_cost":"NONE","seed_source_timestamp":1382137874029400,"circlet_count":0,"master_deck":["Defend_G+1","Defend_G+1","Defend_G+1","Strike_G+1","Strike_G+1","Strike_G+1","Strike_G+1","Strike_G+1","Survivor+1","Neutralize+1","Cloak And Dagger+1","Acrobatics+1","Flechettes+1","Well Laid Plans+1","Infinite Blades+1","Backflip+1","Backflip+1","After Image+1","Corpse Explosion+1","Deflect+1","Footwork+1","Deadly Poison+1","Skewer+1","Expertise+1","Tactician+1","Tactician+1","Malaise+1","Backflip+1","Footwork+1","Dagger Throw+1","Leg Sweep+1","Crippling Poison+1","Blur+1","Backflip+1","Acrobatics+1","Expertise+1"],"special_seed":0,"relics":["Ring of the Serpent","Matryoshka","Thread and Needle","Lantern","Bird Faced Urn","HoveringKite","Singing Bowl","Ice Cream","Dodecahedron","Enchiridion","Frozen Eye","Ancient Tea Set","Tiny Chest","Blood Vial","Art of War","Frozen Egg 2","Mark of the Bloom","Old Coin","Calipers","Boot"],"potions_floor_usage":[55],"damage_taken":[{"damage":5.0,"enemies":"Cultist","floor":1.0,"turns":5.0},{"damage":0.0,"enemies":"Small Slimes","floor":3.0,"turns":7.0},{"damage":2.0,"enemies":"2 Louse","floor":4.0,"turns":3.0},{"damage":5.0,"enemies":"Blue Slaver","floor":5.0,"turns":6.0},{"damage":28.0,"enemies":"3 Sentries","floor":8.0,"turns":13.0},{"damage":1.0,"enemies":"Lots of Slimes","floor":11.0,"turns":5.0},{"damage":15.0,"enemies":"Exordium Thugs","floor":12.0,"turns":5.0},{"damage":0.0,"enemies":"3 Louse","floor":14.0,"turns":4.0},{"damage":7.0,"enemies":"The Guardian","floor":16.0,"turns":15.0},{"damage":0.0,"enemies":"Chosen","floor":18.0,"turns":6.0},{"damage":8.0,"enemies":"Colosseum Slavers","floor":20.0,"turns":6.0},{"damage":20.0,"enemies":"Colosseum Nobs","floor":20.0,"turns":6.0},{"damage":0.0,"enemies":"2 Thieves","floor":24.0,"turns":3.0},{"damage":8.0,"enemies":"Chosen and Byrds","floor":27.0,"turns":8.0},{"damage":0.0,"enemies":"Centurion and Healer","floor":28.0,"turns":7.0},{"damage":2.0,"enemies":"Slavers","floor":30.0,"turns":4.0},{"damage":0.0,"enemies":"Shelled Parasite and Fungi","floor":31.0,"turns":4.0},{"damage":0.0,"enemies":"Automaton","floor":33.0,"turns":7.0},{"damage":0.0,"enemies":"3 Shapes","floor":35.0,"turns":2.0},{"damage":0.0,"enemies":"3 Darklings","floor":38.0,"turns":2.0},{"damage":0.0,"enemies":"Spire Growth","floor":39.0,"turns":4.0},{"damage":0.0,"enemies":"Reptomancer","floor":41.0,"turns":6.0},{"damage":0.0,"enemies":"Jaw Worm Horde","floor":45.0,"turns":2.0},{"damage":0.0,"enemies":"Writhing Mass","floor":47.0,"turns":4.0},{"damage":0.0,"enemies":"Nemesis","floor":48.0,"turns":11.0},{"damage":0.0,"enemies":"Time Eater","floor":50.0,"turns":11.0},{"damage":0.0,"enemies":"Shield and Spear","floor":54.0,"turns":5.0},{"damage":0,"enemies":"The Heart","floor":55,"turns":14}],"seed_played":"3735767162661574119","potions_obtained":[{"floor":5.0,"key":"Dexterity Potion"},{"floor":11.0,"key":"Energy Potion"},{"floor":14.0,"key":"Ancient Potion"},{"floor":20.0,"key":"Swift Potion"},{"floor":30.0,"key":"Strength Potion"},{"floor":39.0,"key":"Block Potion"},{"floor":48.0,"key":"Fire Potion"}],"is_trial":false,"path_per_floor":["M","?","M","M","M","R","$","E","T","R","M","M","R","M","R","B",null,"M","?","?","?","$","R","M","R","T","M","M","R","E","M","R","B",null,"M","T","$","M","M","R","E","R","T","?","M","?","M","E","R","B",null,"R","$","E","B",null],"character_chosen":"THE_SILENT","items_purchased":["Matryoshka","Frozen Eye","Footwork","Calipers","Block Potion","PowerPotion"],"campfire_rested":1,"item_purchase_floors":[7,22,37,53,53,53],"current_hp_per_floor":[65,65,65,63,58,58,58,30,30,30,33,22,22,26,26,25,59,65,65,49,33,33,33,41,41,41,43,53,53,59,67,67,70,70,70,70,70,70,70,70,70,70,70,70,70,70,70,70,70,70,70,70,70,70,70],"gold":30,"neow_bonus":"HUNDRED_GOLD","is_prod":false,"is_daily":false,"chose_seed":false,"campfire_upgraded":10,"win_rate":0,"timestamp":1550177097,"path_taken":["M","?","M","M","M","R","$","E","T","R","M","M","R","M","R","BOSS","M","?","?","?","$","R","?","R","T","?","M","R","E","M","R","BOSS","M","?","$","M","M","R","E","R","T","?","M","?","M","E","R","BOSS","R","$","E","BOSS"],"build_version":"2019-01-23","purchased_purges":3,"victory":true,"max_hp_per_floor":[70,70,70,70,70,70,70,70,70,70,70,70,70,70,70,70,70,70,70,70,70,70,70,70,70,70,70,70,70,70,70,70,70,70,70,70,70,70,70,70,70,70,70,70,70,70,70,70,70,70,70,70,70,70,70],"card_choices":[{"not_picked":["Dagger Spray","Deadly Poison"],"picked":"Cloak And Dagger","floor":1.0},{"not_picked":["Accuracy","Poisoned Stab"],"picked":"Acrobatics","floor":3.0},{"not_picked":["Poisoned Stab","Bouncing Flask"],"picked":"Flechettes","floor":4.0},{"not_picked":["Deadly Poison","All Out Attack"],"picked":"Well Laid Plans","floor":5.0},{"not_picked":["Finisher","Predator"],"picked":"Infinite Blades","floor":8.0},{"not_picked":["Dagger Spray","Eviscerate"],"picked":"Backflip","floor":11.0},{"not_picked":["Terror","Deadly Poison"],"picked":"Backflip","floor":12.0},{"not_picked":["Dagger Throw","Well Laid Plans"],"picked":"After Image","floor":14.0},{"not_picked":["Doppelganger","Bullet Time"],"picked":"Corpse Explosion","floor":16.0},{"not_picked":["Quick Slash","Flying Knee"],"picked":"Deflect","floor":18.0},{"not_picked":["Acrobatics","Dagger Spray+1"],"picked":"Footwork+1","floor":20.0},{"not_picked":["Heel Hook","Predator"],"picked":"Deadly Poison+1","floor":24.0},{"not_picked":["Flying Knee","Predator"],"picked":"Skewer","floor":27.0},{"not_picked":["Masterful Stab","Flechettes+1"],"picked":"Expertise+1","floor":28.0},{"not_picked":["Poisoned Stab+1","Quick Slash"],"picked":"Tactician","floor":30.0},{"not_picked":["Heel Hook","Slice"],"picked":"Tactician","floor":31.0},{"not_picked":["Envenom","Phantasmal Killer"],"picked":"Malaise","floor":33.0},{"not_picked":["Dash+1","Poisoned Stab+1"],"picked":"Backflip","floor":35.0},{"not_picked":["Bane","Expertise"],"picked":"Dagger Throw+1","floor":38.0},{"not_picked":["Eviscerate","Deflect"],"picked":"Leg Sweep+1","floor":39.0},{"not_picked":["Cloak And Dagger","Dodge and Roll+1"],"picked":"Crippling Poison","floor":41.0},{"not_picked":["All Out Attack","Expertise"],"picked":"Blur","floor":45.0},{"not_picked":["Choke+1","Die Die Die"],"picked":"Backflip+1","floor":47.0},{"not_picked":["Blade Dance","Quick Slash"],"picked":"Acrobatics+1","floor":48.0},{"not_picked":["Flying Knee+1","Quick Slash"],"picked":"Expertise+1","floor":54.0}],"player_experience":160260,"relics_obtained":[{"floor":8.0,"key":"Thread and Needle"},{"floor":9.0,"key":"Lantern"},{"floor":9.0,"key":"Bird Faced Urn"},{"floor":20.0,"key":"Ice Cream"},{"floor":20.0,"key":"Dodecahedron"},{"floor":21.0,"key":"Enchiridion"},{"floor":26.0,"key":"Ancient Tea Set"},{"floor":30.0,"key":"Tiny Chest"},{"floor":36.0,"key":"Blood Vial"},{"floor":41.0,"key":"Art of War"},{"floor":43.0,"key":"Frozen Egg 2"},{"floor":48.0,"key":"Old Coin"},{"floor":54.0,"key":"Boot"}],"event_choices":[{"damage_healed":0.0,"max_hp_gain":0.0,"max_hp_loss":0.0,"gold_gain":0.0,"event_name":"The Cleric","player_choice":"Leave","floor":2.0,"gold_loss":0.0,"damage_taken":0.0},{"damage_healed":0.0,"max_hp_gain":0.0,"max_hp_loss":0.0,"gold_gain":0.0,"event_name":"The Mausoleum","player_choice":"Opened","floor":19.0,"gold_loss":0.0,"damage_taken":0.0,"relics_obtained":["Singing Bowl"],"cards_obtained":["Writhe"]},{"damage_healed":0.0,"max_hp_gain":0.0,"max_hp_loss":0.0,"gold_gain":0.0,"event_name":"Colosseum","player_choice":"Fight","floor":20.0,"gold_loss":0.0,"damage_taken":0.0},{"damage_healed":0.0,"max_hp_gain":0.0,"max_hp_loss":0.0,"gold_gain":0.0,"event_name":"Colosseum","player_choice":"Fought Nobs","floor":20.0,"gold_loss":0.0,"damage_taken":0.0},{"damage_healed":0.0,"max_hp_gain":0.0,"max_hp_loss":0.0,"gold_gain":0.0,"event_name":"Cursed Tome","player_choice":"Obtained Book","floor":21.0,"gold_loss":0.0,"damage_taken":16.0},{"damage_healed":0.0,"max_hp_gain":0.0,"max_hp_loss":0.0,"gold_gain":0.0,"event_name":"Tomb of Lord Red Mask","player_choice":"Ignored","floor":44.0,"gold_loss":0.0,"damage_taken":0.0},{"damage_healed":0.0,"max_hp_gain":0.0,"max_hp_loss":0.0,"gold_gain":0.0,"event_name":"MindBloom","player_choice":"Upgrade","floor":46.0,"gold_loss":0.0,"damage_taken":0.0,"cards_upgraded":["Defend_G","Defend_G","Defend_G","Defend_G","Strike_G","Strike_G","Strike_G","Strike_G","Strike_G","Survivor","Cloak And Dagger","Flechettes","Infinite Blades","Corpse Explosion","Deflect","Tactician","Malaise","Footwork","Blur"],"relics_obtained":["Mark of the Bloom"]}],"is_beta":false,"boss_relics":[{"not_picked":["Lizard Tail","Orrery"],"picked":"HoveringKite"},{"not_picked":["Black Star","Philosopher\u0027s Stone"],"picked":"Ring of the Serpent"}],"items_purged_floors":[22,37,53],"is_endless":false,"potions_floor_spawned":[5,11,14,20,20,28,30,31,39,48],"ascension_level":5}