{"gold_per_floor":[11,11,27,202,277,308,308,337,384,5,20,33,33,66,66,164,164,164,164,164,164,37,37,37,37,37,37,37,37,37,37,37,37,37,37,37,37,37,37,37,37,37,37,37,37,37,37,37,37,37,37,37,12,12,12],"floor_reached":56,"playtime":4555,"items_purged":["Doubt"],"score":1521,"play_id":"cb694a6c-ea23-4322-9d63-a96c6ec1264a","local_time":"20190213001901","is_ascension_mode":true,"campfire_choices":[{"data":"Defragment","floor":7,"key":"SMITH"},{"floor":13,"key":"REST"},{"data":"Double Energy","floor":15,"key":"SMITH"},{"data":"Creative AI","floor":28,"key":"SMITH"},{"data":"Consume","floor":30,"key":"SMITH"},{"data":"Machine Learning","floor":32,"key":"SMITH"},{"data":"Loop","floor":41,"key":"SMITH"},{"floor":49,"key":"RECALL"},{"data":"Turbo","floor":52,"key":"SMITH"}],"neow_cost":"NO_GOLD","seed_source_timestamp":5053766446975758,"circlet_count":0,"master_deck":["Strike_B","Strike_B","Strike_B","Defend_B","Defend_B+1","Defend_B","Defend_B","Zap","Dualcast","Double Energy+1","Genetic Algorithm","Defragment+1","Ball Lightning","Leap","Self Repair","Coolheaded","Machine Learning+1","Creative AI+1","Steam+1","Coolheaded","BootSequence+1","Cold Snap","Loop+1","Coolheaded+1","Consume+1","Storm","Electrodynamics","Coolheaded","Glacier","Madness","Madness","Conserve Battery+1","Storm+1","Storm","Double Energy+1","Steam Power+1","FTL+1","Turbo+1","Hologram","Cold Snap","Turbo+1"],"relics":["Cracked Core","Unceasing Top","Smiling Mask","Oddly Smooth Stone","Omamori","Thread and Needle","Peace Pipe","Ectoplasm","Dream Catcher","Gambling Chip","Juzu Bracelet","Ancient Tea Set","Runic Dome","Dead Branch","Emotion Chip","War Paint","Bottled Lightning","Du-Vu Doll","Blood Vial","Calipers"],"potions_floor_usage":[6,8,14,16,23,33,50,55,55],"damage_taken":[{"damage":6,"enemies":"2 Louse","floor":1,"turns":2},{"damage":0,"enemies":"Cultist","floor":3,"turns":3},{"damage":18,"enemies":"Gremlin Nob","floor":6,"turns":4},{"damage":21,"enemies":"Lagavulin","floor":8,"turns":8},{"damage":0,"enemies":"Jaw Worm","floor":11,"turns":4},{"damage":6,"enemies":"Lots of Slimes","floor":12,"turns":4},{"damage":4,"enemies":"3 Sentries","floor":14,"turns":9},{"damage":3,"enemies":"Slime Boss","floor":16,"turns":8},{"damage":0,"enemies":"Chosen","floor":18,"turns":4},{"damage":0,"enemies":"Spheric Guardian","floor":19,"turns":7},{"damage":0,"enemies":"Snecko","floor":21,"turns":5},{"damage":29,"enemies":"Book of Stabbing","floor":23,"turns":7},{"damage":5,"enemies":"Slavers","floor":25,"turns":8},{"damage":2,"enemies":"Book of Stabbing","floor":29,"turns":8},{"damage":0,"enemies":"3 Cultists","floor":31,"turns":8},{"damage":0,"enemies":"Automaton","floor":33,"turns":10},{"damage":0,"enemies":"Orb Walker","floor":35,"turns":4},{"damage":0,"enemies":"2 Orb Walkers","floor":36,"turns":4},{"damage":0,"enemies":"Mind Bloom Boss Battle","floor":38,"turns":6},{"damage":0,"enemies":"3 Darklings","floor":39,"turns":6},{"damage":0,"enemies":"Giant Head","floor":40,"turns":11},{"damage":4,"enemies":"Transient","floor":42,"turns":5},{"damage":43,"enemies":"Nemesis","floor":44,"turns":5},{"damage":0,"enemies":"Sphere and 2 Shapes","floor":45,"turns":1},{"damage":0,"enemies":"Spire Growth","floor":46,"turns":4},{"damage":1,"enemies":"Reptomancer","floor":47,"turns":4},{"damage":0,"enemies":"Maw","floor":48,"turns":5},{"damage":46,"enemies":"Awakened One","floor":50,"turns":6},{"damage":0,"enemies":"Shield and Spear","floor":54,"turns":4},{"damage":0,"enemies":"The Heart","floor":55,"turns":8}],"seed_played":"-1175711991622501816","potions_obtained":[{"floor":1,"key":"AttackPotion"},{"floor":3,"key":"FocusPotion"},{"floor":12,"key":"Fire Potion"},{"floor":14,"key":"AttackPotion"},{"floor":18,"key":"FocusPotion"},{"floor":19,"key":"AttackPotion"},{"floor":33,"key":"Swift Potion"},{"floor":35,"key":"EssenceOfSteel"},{"floor":38,"key":"Ancient Potion"},{"floor":46,"key":"Regen Potion"}],"is_trial":false,"path_per_floor":["M","?","M","?","?","E","R","E","T","$","M","M","R","E","R","B",null,"M","M","?","M","$","E","T","E","T","?","R","E","R","M","R","B",null,"M","?","?","?","M","E","R","M","T","E","M","M","E","M","R","B",null,"R","$","E","B",null],"character_chosen":"DEFECT","items_purchased":["Thread and Needle","Leap","Cold Snap","Loop","Cold Snap"],"campfire_rested":1,"item_purchase_floors":[10,10,22,22,53],"current_hp_per_floor":[69,69,69,69,58,40,40,19,19,19,19,20,42,45,45,49,75,75,75,68,75,75,53,53,55,55,55,55,60,60,67,67,74,75,75,75,66,73,75,75,75,75,75,39,46,53,59,68,68,33,75,75,75,75,75],"gold":12,"neow_bonus":"ONE_RARE_RELIC","is_prod":false,"is_daily":false,"chose_seed":false,"campfire_upgraded":7,"win_rate":0,"timestamp":1550035141,"path_taken":["M","?","?","?","?","E","R","E","T","$","M","M","R","E","R","BOSS","M","M","?","?","$","E","?","E","T","?","R","E","R","M","R","BOSS","M","?","?","?","M","E","R","M","T","E","M","M","E","M","R","BOSS","R","$","E","BOSS"],"build_version":"2019-02-06","purchased_purges":1,"victory":true,"max_hp_per_floor":[75,75,75,75,75,75,75,75,75,75,75,75,75,75,75,75,75,75,75,75,75,75,75,75,75,75,75,75,75,75,75,75,75,75,75,75,75,75,75,75,75,75,75,75,75,75,75,75,75,75,75,75,75,75,75],"card_choices":[{"not_picked":["Hologram","Stack"],"picked":"Double Energy","floor":1},{"not_picked":["Beam Cell","Creative AI"],"picked":"Genetic Algorithm","floor":3},{"not_picked":["Fusion","Rebound"],"picked":"Defragment","floor":6},{"not_picked":["Recycle","Reinforced Body"],"picked":"Ball Lightning","floor":8},{"not_picked":["Steam Power","Compile Driver"],"picked":"Self Repair","floor":11},{"not_picked":["Blizzard","Gash"],"picked":"Coolheaded","floor":12},{"not_picked":["Aggregate","Ball Lightning"],"picked":"Machine Learning","floor":14},{"not_picked":["Amplify","Seek"],"picked":"Creative AI","floor":16},{"not_picked":["Sunder","Skim"],"picked":"Steam+1","floor":18},{"not_picked":["Steam Power","Streamline"],"picked":"Coolheaded","floor":19},{"not_picked":["Coolheaded","Reprogram+1"],"picked":"BootSequence+1","floor":21},{"not_picked":["Beam Cell","Rebound+1"],"picked":"Coolheaded","floor":23},{"not_picked":["Buffer","Cold Snap"],"picked":"Consume","floor":25},{"not_picked":["Lockon","Consume","Redo"],"picked":"SKIP","floor":29},{"not_picked":["Coolheaded","Darkness"],"picked":"Storm","floor":31},{"not_picked":["Seek","All For One"],"picked":"Electrodynamics","floor":33},{"not_picked":["Rebound+1","Ball Lightning+1"],"picked":"Coolheaded","floor":35},{"not_picked":["Ball Lightning+1","Streamline"],"picked":"Glacier","floor":36},{"not_picked":["Ball Lightning","Barrage+1"],"picked":"Conserve Battery+1","floor":38},{"not_picked":["Steam","Stack","Beam Cell+1"],"picked":"SKIP","floor":39},{"not_picked":["Reprogram","Rebound+1"],"picked":"Storm+1","floor":40},{"not_picked":["Electrodynamics","Gash"],"picked":"Storm","floor":42},{"not_picked":["Conserve Battery+1","Beam Cell+1"],"picked":"Double Energy+1","floor":44},{"not_picked":["Compile Driver+1","Go for the Eyes"],"picked":"Steam Power+1","floor":45},{"not_picked":["Self Repair+1","Compile Driver+1"],"picked":"FTL+1","floor":46},{"not_picked":["Streamline+1","Electrodynamics"],"picked":"Turbo","floor":47},{"not_picked":["Cold Snap+1","Steam+1"],"picked":"Hologram","floor":48},{"not_picked":["Ball Lightning+1","Beam Cell"],"picked":"Turbo+1","floor":54}],"player_experience":4487478,"relics_obtained":[{"floor":6,"key":"Smiling Mask"},{"floor":8,"key":"Oddly Smooth Stone"},{"floor":9,"key":"Omamori"},{"floor":14,"key":"Peace Pipe"},{"floor":23,"key":"Dream Catcher"},{"floor":25,"key":"Gambling Chip"},{"floor":26,"key":"Juzu Bracelet"},{"floor":29,"key":"Ancient Tea Set"},{"floor":36,"key":"Dead Branch"},{"floor":38,"key":"Emotion Chip"},{"floor":40,"key":"War Paint"},{"floor":43,"key":"Bottled Lightning"},{"floor":44,"key":"Du-Vu Doll"},{"floor":47,"key":"Blood Vial"},{"floor":54,"key":"Calipers"}],"event_choices":[{"cards_removed":["Strike_B"],"damage_healed":0,"gold_gain":0,"player_choice":"Card Removal","damage_taken":0,"max_hp_gain":0,"max_hp_loss":0,"event_name":"Wheel of Change","floor":2,"gold_loss":0},{"damage_healed":0,"gold_gain":175,"player_choice":"AGREE","damage_taken":0,"max_hp_gain":0,"max_hp_loss":0,"event_name":"Liars Game","floor":4,"gold_loss":0,"cards_obtained":["Doubt"]},{"damage_healed":0,"gold_gain":75,"player_choice":"Gather Gold","damage_taken":11,"max_hp_gain":0,"max_hp_loss":0,"event_name":"World of Goop","floor":5,"gold_loss":0},{"damage_healed":0,"gold_gain":0,"player_choice":"Damaged","damage_taken":7,"max_hp_gain":0,"max_hp_loss":0,"event_name":"Wheel of Change","floor":20,"gold_loss":0},{"damage_healed":0,"gold_gain":0,"player_choice":"Leave","damage_taken":0,"max_hp_gain":0,"max_hp_loss":0,"event_name":"FaceTrader","floor":27,"gold_loss":0},{"damage_healed":0,"gold_gain":0,"player_choice":"Fight","damage_taken":0,"max_hp_gain":0,"max_hp_loss":0,"event_name":"Mysterious Sphere","floor":36,"gold_loss":0},{"damage_healed":0,"gold_gain":0,"player_choice":"Embrace Madness","damage_taken":9,"max_hp_gain":0,"max_hp_loss":0,"event_name":"Winding Halls","floor":37,"gold_loss":0,"cards_obtained":["Madness","Madness"]},{"damage_healed":0,"gold_gain":0,"player_choice":"Fight","damage_taken":0,"max_hp_gain":0,"max_hp_loss":0,"event_name":"MindBloom","floor":38,"gold_loss":0}],"is_beta":true,"boss_relics":[{"not_picked":["Black Star","Busted Crown"],"picked":"Ectoplasm"},{"not_picked":["FrozenCore","Orrery"],"picked":"Runic Dome"}],"items_purged_floors":[10],"is_endless":false,"potions_floor_spawned":[1,3,12,14,18,19,33,35,38,42,45,46,47],"ascension_level":1}