{"gold_per_floor":[111,111,123,28,42,42,61,94,94,94,110,140,140,164,176,287,299,329,360,387,412,424,462,474,486,522,559,587,619,14,42,42,143,143,161,161,176,186,234,259,259,259,283,308,67,67,93,106,106,106,106,106,17,51,51],"floor_reached":56,"playtime":3312,"items_purged":["Finesse"],"score":1520,"play_id":"a68c8935-adbc-4282-bf71-f5a7c31ff0a9","local_time":"20181126084734","is_ascension_mode":true,"campfire_choices":[{"data":"Armaments","floor":6,"key":"SMITH"},{"data":"Perfected Strike","floor":10,"key":"SMITH"},{"data":"Perfected Strike","floor":15,"key":"SMITH"},{"data":"Shockwave","floor":24,"key":"SMITH"},{"data":"Bludgeon","floor":32,"key":"SMITH"},{"floor":42,"key":"RECALL"},{"data":"1","floor":46,"key":"LIFT"},{"data":"2","floor":49,"key":"LIFT"},{"data":"3","floor":52,"key":"LIFT"}],"neow_cost":"TEN_PERCENT_HP_LOSS","seed_source_timestamp":185227295431249,"circlet_count":0,"master_deck":["Strike_R","Strike_R","Strike_R","Strike_R","Strike_R","Defend_R","Defend_R","Defend_R","Defend_R","Bash","Forethought","Perfected Strike+1","Impervious","Bandage Up","Perfected Strike+1","Headbutt","Armaments+1","Metallicize","Battle Trance","Twin Strike","Metallicize","Power Through","Immolate+1","Whirlwind+1","Pommel Strike+1","Corruption+1","Metallicize","Shockwave+1","Clothesline","Seeing Red","True Grit+1","Double Tap","Bludgeon+1","Impervious","Wild Strike+1","Uppercut+1","Twin Strike+1"],"relics":["Burning Blood","Boot","Bronze Scales","Dodecahedron","MawBank","Snecko Eye","Girya","Strawberry","Shuriken","Potion Belt","Sling","Whetstone","Busted Crown","FossilizedHelix","Molten Egg 2","Art of War","Medical Kit","Darkstone Periapt","Ornamental Fan"],"potions_floor_usage":[55,55,55,55,55],"damage_taken":[{"damage":2,"enemies":"Jaw Worm","floor":1,"turns":4},{"damage":4,"enemies":"Cultist","floor":3,"turns":3},{"damage":7,"enemies":"2 Louse","floor":5,"turns":2},{"damage":9,"enemies":"Gremlin Gang","floor":7,"turns":7},{"damage":26,"enemies":"Lagavulin","floor":8,"turns":8},{"damage":13,"enemies":"Lots of Slimes","floor":11,"turns":4},{"damage":24,"enemies":"Gremlin Nob","floor":12,"turns":4},{"damage":0,"enemies":"2 Fungi Beasts","floor":14,"turns":4},{"damage":10,"enemies":"The Guardian","floor":16,"turns":9},{"damage":0,"enemies":"Shell Parasite","floor":18,"turns":3},{"damage":0,"enemies":"3 Byrds","floor":19,"turns":4},{"damage":2,"enemies":"3 Cultists","floor":20,"turns":3},{"damage":0,"enemies":"Snake Plant","floor":21,"turns":3},{"damage":0,"enemies":"Gremlin Leader","floor":23,"turns":2},{"damage":0,"enemies":"Slavers","floor":27,"turns":2},{"damage":0,"enemies":"Snecko","floor":28,"turns":4},{"damage":0,"enemies":"3 Cultists","floor":29,"turns":3},{"damage":16,"enemies":"Book of Stabbing","floor":31,"turns":3},{"damage":20,"enemies":"Automaton","floor":33,"turns":7},{"damage":0,"enemies":"3 Darklings","floor":35,"turns":2},{"damage":0,"enemies":"3 Shapes","floor":37,"turns":3},{"damage":0,"enemies":"3 Darklings","floor":38,"turns":2},{"damage":0,"enemies":"2 Orb Walkers","floor":39,"turns":3},{"damage":0,"enemies":"Giant Head","floor":40,"turns":5},{"damage":0,"enemies":"Nemesis","floor":44,"turns":5},{"damage":0,"enemies":"Reptomancer","floor":47,"turns":4},{"damage":0,"enemies":"Maw","floor":48,"turns":5},{"damage":56,"enemies":"Awakened One","floor":50,"turns":11},{"damage":0,"enemies":"Shield and Spear","floor":54,"turns":3},{"damage":76,"enemies":"The Heart","floor":55,"turns":10}],"seed_played":"-5912158790654995369","potions_obtained":[{"floor":3,"key":"PowerPotion"},{"floor":11,"key":"SpeedPotion"},{"floor":12,"key":"Weak Potion"},{"floor":16,"key":"PowerPotion"},{"floor":18,"key":"Ancient Potion"},{"floor":35,"key":"FearPotion"}],"is_trial":false,"path_per_floor":["M","?","M","$","M","R","M","E","T","R","M","E","T","M","R","B",null,"M","M","M","M","?","E","R","?","T","E","M","M","$","E","R","B",null,"M","?","M","M","?","E","?","R","T","E","$","R","E","M","R","B",null,"R","$","E","B",null],"character_chosen":"IRONCLAD","items_purchased":["Headbutt","Armaments","Potion Belt","Dexterity Potion","Sling","Double Tap","PowerPotion","Medical Kit","Uppercut+1","Twin Strike+1"],"campfire_rested":0,"item_purchase_floors":[4,4,30,30,30,30,45,45,53,53],"current_hp_per_floor":[72,72,72,72,72,72,72,56,56,56,53,41,41,51,51,53,72,72,72,72,72,72,72,72,72,79,79,79,79,79,69,69,59,79,79,79,79,79,79,79,69,69,69,79,79,79,79,79,79,33,79,79,79,79,9],"gold":51,"neow_bonus":"RANDOM_COLORLESS_2","is_prod":false,"is_daily":false,"chose_seed":false,"campfire_upgraded":5,"win_rate":0,"timestamp":1543240054,"path_taken":["M","?","M","?","?","R","M","E","T","R","M","E","?","M","R","BOSS","M","?","M","M","?","E","R","?","T","E","?","M","?","E","R","BOSS","M","?","M","M","?","E","?","R","T","E","$","R","E","M","R","BOSS","R","$","E","BOSS"],"build_version":"2018-11-15","purchased_purges":1,"victory":true,"max_hp_per_floor":[72,72,72,72,72,72,72,72,72,72,72,72,72,72,72,72,72,72,72,72,72,72,72,72,72,79,79,79,79,79,79,79,79,79,79,79,79,79,79,79,79,79,79,79,79,79,79,79,79,79,79,79,79,79,79],"card_choices":[{"not_picked":["Body Slam","Heavy Blade"],"picked":"Perfected Strike","floor":1},{"not_picked":["Ghostly Armor","Clash"],"picked":"Perfected Strike","floor":3},{"not_picked":["Combust","Heavy Blade","Headbutt"],"picked":"SKIP","floor":5},{"not_picked":["Clash","Fire Breathing"],"picked":"Metallicize","floor":7},{"not_picked":["Infernal Blade","Pommel Strike"],"picked":"Battle Trance","floor":8},{"not_picked":["Second Wind","Warcry"],"picked":"Twin Strike","floor":11},{"not_picked":["Body Slam","Rage"],"picked":"Metallicize","floor":12},{"not_picked":["Reckless Charge","Warcry"],"picked":"Power Through","floor":14},{"not_picked":["Barricade","Reaper"],"picked":"Immolate","floor":16},{"not_picked":["Body Slam","Havoc","Heavy Blade"],"picked":"SKIP","floor":18},{"not_picked":["Armaments+1","Rampage"],"picked":"Whirlwind","floor":19},{"not_picked":["Flex","Feed"],"picked":"Pommel Strike+1","floor":20},{"not_picked":["Clothesline","Reckless Charge"],"picked":"Corruption+1","floor":21},{"not_picked":["Searing Blow","Inflame+1"],"picked":"Shockwave","floor":23},{"not_picked":["Headbutt","Iron Wave"],"picked":"Clothesline","floor":27},{"not_picked":["Sword Boomerang","Heavy Blade"],"picked":"Seeing Red","floor":28},{"not_picked":["Body Slam+1","Heavy Blade"],"picked":"True Grit+1","floor":29},{"not_picked":["Twin Strike","Ghostly Armor"],"picked":"Bludgeon","floor":31},{"not_picked":["Limit Break","Dark Embrace"],"picked":"Impervious","floor":33},{"not_picked":["Thunderclap+1"],"picked":"SKIP","floor":35},{"not_picked":["Anger+1"],"picked":"SKIP","floor":37},{"not_picked":["Heavy Blade"],"picked":"SKIP","floor":38},{"not_picked":["Clash"],"picked":"SKIP","floor":40},{"not_picked":["Warcry"],"picked":"SKIP","floor":44},{"not_picked":[],"picked":"Wild Strike+1","floor":47},{"not_picked":["Warcry"],"picked":"SKIP","floor":48},{"not_picked":["Hemokinesis+1"],"picked":"SKIP","floor":54}],"player_experience":3547089,"relics_obtained":[{"floor":8,"key":"Boot"},{"floor":9,"key":"Bronze Scales"},{"floor":12,"key":"Dodecahedron"},{"floor":13,"key":"MawBank"},{"floor":23,"key":"Girya"},{"floor":26,"key":"Strawberry"},{"floor":27,"key":"Shuriken"},{"floor":31,"key":"Whetstone"},{"floor":39,"key":"FossilizedHelix"},{"floor":40,"key":"Molten Egg 2"},{"floor":44,"key":"Art of War"},{"floor":47,"key":"Darkstone Periapt"},{"floor":54,"key":"Ornamental Fan"}],"event_choices":[{"damage_healed":0,"gold_gain":0,"player_choice":"2 cards matched","damage_taken":0,"max_hp_gain":0,"max_hp_loss":0,"event_name":"Match and Keep!","floor":2,"gold_loss":0,"cards_obtained":["Impervious","Bandage Up"]},{"damage_healed":0,"gold_gain":0,"player_choice":"Read","damage_taken":0,"max_hp_gain":0,"max_hp_loss":0,"event_name":"The Library","floor":22,"gold_loss":0,"cards_obtained":["Metallicize"]},{"damage_healed":0,"gold_gain":0,"player_choice":"0 cards matched","damage_taken":0,"max_hp_gain":0,"max_hp_loss":0,"event_name":"Match and Keep!","floor":25,"gold_loss":0,"cards_obtained":[]},{"damage_healed":0,"gold_gain":0,"player_choice":"Ignored","damage_taken":0,"max_hp_gain":0,"max_hp_loss":0,"event_name":"Tomb of Lord Red Mask","floor":36,"gold_loss":0},{"damage_healed":0,"gold_gain":0,"player_choice":"Fight","damage_taken":0,"max_hp_gain":0,"max_hp_loss":0,"event_name":"Mysterious Sphere","floor":39,"gold_loss":0},{"damage_healed":0,"gold_gain":0,"player_choice":"Memory 3","damage_taken":10,"max_hp_gain":0,"max_hp_loss":0,"event_name":"SensoryStone","floor":41,"gold_loss":0}],"is_beta":true,"boss_relics":[{"not_picked":["Black Blood","Calling Bell"],"picked":"Snecko Eye"},{"not_picked":["Lizard Tail","Astrolabe"],"picked":"Busted Crown"}],"items_purged_floors":[30],"is_endless":false,"potions_floor_spawned":[3,11,12,16,18,21,27,29,35,39,40],"ascension_level":1}