{"gold_per_floor":[118,118,118,135,150,181,233,233],"floor_reached":8,"playtime":332,"items_purged":[],"score":64,"play_id":"c5e0cbc8-ec9c-4b33-bb67-e57343f4e416","local_time":"20190205213622","is_ascension_mode":true,"campfire_choices":[],"neow_cost":"NONE","seed_source_timestamp":774784165534289,"circlet_count":0,"master_deck":["Defend_G","Defend_G","Defend_G","Defend_G","Strike_G","Strike_G","Strike_G","Strike_G","Strike_G+1","Survivor","Neutralize","Phantasmal Killer","Dagger Spray","Outmaneuver+1","Poisoned Stab","All Out Attack","Adrenaline"],"relics":["Ring of the Snake","Mummified Hand"],"potions_floor_usage":[8],"damage_taken":[{"damage":3,"enemies":"Small Slimes","floor":1,"turns":5},{"damage":14,"enemies":"2 Louse","floor":4,"turns":2},{"damage":0,"enemies":"Cultist","floor":5,"turns":2},{"damage":32,"enemies":"3 Sentries","floor":6,"turns":6},{"damage":9,"enemies":"Lagavulin","floor":8,"turns":3}],"seed_played":"1307433142082710245","potions_obtained":[{"floor":5,"key":"SkillPotion"}],"is_trial":false,"path_per_floor":["M","?","?","M","M","E","?","E"],"character_chosen":"THE_SILENT","items_purchased":[],"campfire_rested":0,"item_purchase_floors":[],"current_hp_per_floor":[67,67,53,39,39,7,7,0],"gold":233,"neow_bonus":"ONE_RANDOM_RARE_CARD","is_prod":false,"is_daily":false,"chose_seed":false,"campfire_upgraded":0,"win_rate":0,"timestamp":1549431382,"path_taken":["M","?","?","M","M","E","?","E"],"build_version":"2019-01-23","purchased_purges":0,"victory":false,"max_hp_per_floor":[70,70,70,70,70,70,70,70],"card_choices":[{"not_picked":["Cloak And Dagger","Underhanded Strike"],"picked":"Dagger Spray","floor":1},{"not_picked":["Flying Knee","Choke"],"picked":"Poisoned Stab","floor":4},{"not_picked":["Deflect","Leg Sweep"],"picked":"All Out Attack","floor":5},{"not_picked":["Terror","Blade Dance"],"picked":"Adrenaline","floor":6}],"player_experience":94450,"relics_obtained":[{"floor":6,"key":"Mummified Hand"}],"event_choices":[{"damage_healed":0,"gold_gain":0,"cards_transformed":["Defend_G"],"player_choice":"Change","damage_taken":0,"max_hp_gain":0,"max_hp_loss":0,"event_name":"Living Wall","floor":2,"gold_loss":0,"cards_obtained":["Outmaneuver"]},{"damage_healed":0,"gold_gain":0,"player_choice":"Entered Light","damage_taken":14,"max_hp_gain":0,"max_hp_loss":0,"event_name":"Shining Light","floor":3,"gold_loss":0,"cards_upgraded":["Outmaneuver","Strike_G"]},{"damage_healed":0,"gold_gain":52,"player_choice":"Gained Gold","damage_taken":0,"max_hp_gain":0,"max_hp_loss":0,"event_name":"Golden Wing","floor":7,"gold_loss":0}],"is_beta":false,"boss_relics":[],"items_purged_floors":[],"is_endless":false,"potions_floor_spawned":[5],"killed_by":"Lagavulin","ascension_level":3}