{"gold_per_floor":[118,135,150,100,112,147,147,159,234,12,12,12,0,0,0,100,100,73,73,92,109,138,138,118,118,145,172,172],"floor_reached":28,"playtime":1827,"items_purged":["Strike_G"],"score":236,"play_id":"7378d0c0-c5a8-414f-8181-4d6ee34dbe7e","local_time":"20190213155726","is_ascension_mode":false,"campfire_choices":[{"data":"Wraith Form v2","floor":7,"key":"SMITH"},{"data":"Well Laid Plans","floor":11,"key":"SMITH"},{"data":"Malaise","floor":15,"key":"SMITH"},{"data":"Noxious Fumes","floor":23,"key":"SMITH"},{"floor":25,"key":"REST"}],"neow_cost":"NONE","seed_source_timestamp":145707945135338,"circlet_count":0,"master_deck":["Defend_G","Defend_G","Defend_G","Defend_G","Defend_G","Strike_G","Strike_G","Survivor","Neutralize","Malaise+1","Noxious Fumes+1","Well Laid Plans+1","Dagger Throw","Cloak And Dagger","Wraith Form v2+1","Dodge and Roll","Leg Sweep","Accuracy","Malaise","Bane+1","Necronomicurse","Cloak And Dagger+1","PiercingWail"],"relics":["Ring of the Serpent","Mercury Hourglass","Shuriken","Necronomicon","Red Mask","Centennial Puzzle","Ice Cream"],"potions_floor_usage":[6,16,22,27],"damage_taken":[{"damage":1,"enemies":"2 Louse","floor":1,"turns":3},{"damage":1,"enemies":"Jaw Worm","floor":2,"turns":4},{"damage":0,"enemies":"Cultist","floor":3,"turns":4},{"damage":7,"enemies":"Large Slime","floor":5,"turns":9},{"damage":13,"enemies":"Lagavulin","floor":6,"turns":9},{"damage":2,"enemies":"2 Fungi Beasts","floor":8,"turns":3},{"damage":1,"enemies":"Hexaghost","floor":16,"turns":11},{"damage":9,"enemies":"2 Thieves","floor":18,"turns":5},{"damage":4,"enemies":"Shell Parasite","floor":20,"turns":8},{"damage":6,"enemies":"Snake Plant","floor":21,"turns":8},{"damage":6,"enemies":"Masked Bandits","floor":22,"turns":5},{"damage":29,"enemies":"Gremlin Leader","floor":27,"turns":7},{"damage":24,"enemies":"Cultist and Chosen","floor":28,"turns":4}],"seed_played":"-4493563363500040710","potions_obtained":[{"floor":1,"key":"SkillPotion"},{"floor":5,"key":"FearPotion"},{"floor":6,"key":"PowerPotion"},{"floor":20,"key":"LiquidBronze"},{"floor":22,"key":"SteroidPotion"},{"floor":24,"key":"Poison Potion"}],"is_trial":false,"path_per_floor":["M","M","M","?","M","E","R","M","T","$","R","?","?","$","R","B",null,"M","?","M","M","?","R","?","R","T","E","M"],"character_chosen":"THE_SILENT","items_purchased":["Leg Sweep","Accuracy"],"campfire_rested":1,"item_purchase_floors":[10,10],"current_hp_per_floor":[69,68,68,68,61,48,48,46,46,46,46,39,39,39,39,38,70,61,45,41,35,29,29,29,50,50,21,0],"gold":172,"neow_bonus":"ONE_RANDOM_RARE_CARD","is_prod":false,"is_daily":false,"chose_seed":false,"campfire_upgraded":4,"win_rate":0,"timestamp":1550069846,"path_taken":["M","M","M","?","M","E","R","M","T","$","R","?","?","?","R","BOSS","M","?","M","M","?","R","?","R","T","E","M"],"build_version":"2019-01-23","purchased_purges":1,"victory":false,"max_hp_per_floor":[70,70,70,70,70,70,70,70,70,70,70,70,70,70,70,70,70,70,70,70,70,70,70,70,70,70,70,70],"card_choices":[{"not_picked":["PiercingWail","Sucker Punch"],"picked":"Noxious Fumes","floor":1},{"not_picked":["Reflex","Poisoned Stab"],"picked":"Well Laid Plans","floor":2},{"not_picked":["Concentrate","Blade Dance"],"picked":"Dagger Throw","floor":3},{"not_picked":["Blur","Dash"],"picked":"Cloak And Dagger","floor":5},{"not_picked":["Endless Agony","PiercingWail"],"picked":"Wraith Form v2","floor":6},{"not_picked":["Flying Knee","Quick Slash"],"picked":"Dodge and Roll","floor":8},{"not_picked":["Doppelganger","Bullet Time"],"picked":"Malaise","floor":16},{"not_picked":["Dagger Spray","Poisoned Stab"],"picked":"Bane+1","floor":18},{"not_picked":["Blade Dance","Slice"],"picked":"Cloak And Dagger+1","floor":20},{"not_picked":["Dagger Throw+1","Outmaneuver","Heel Hook"],"picked":"SKIP","floor":21},{"not_picked":["Masterful Stab","Quick Slash"],"picked":"PiercingWail","floor":27}],"player_experience":156858,"relics_obtained":[{"floor":6,"key":"Mercury Hourglass"},{"floor":9,"key":"Shuriken"},{"floor":19,"key":"Necronomicon"},{"floor":22,"key":"Red Mask"},{"floor":26,"key":"Centennial Puzzle"},{"floor":27,"key":"Ice Cream"}],"event_choices":[{"cards_removed":["Strike_G"],"damage_healed":0,"gold_gain":0,"player_choice":"Card Removal","damage_taken":0,"max_hp_gain":0,"max_hp_loss":0,"event_name":"The Cleric","floor":4,"gold_loss":50},{"cards_removed":["Strike_G"],"damage_healed":0,"gold_gain":0,"player_choice":"Card Removal","damage_taken":7,"max_hp_gain":0,"max_hp_loss":0,"event_name":"Golden Wing","floor":12,"gold_loss":0},{"damage_healed":0,"gold_gain":0,"player_choice":"Left Gold","damage_taken":0,"max_hp_gain":0,"max_hp_loss":0,"event_name":"World of Goop","floor":13,"gold_loss":12},{"damage_healed":0,"gold_gain":0,"player_choice":"Obtained Book","damage_taken":16,"max_hp_gain":0,"max_hp_loss":0,"event_name":"Cursed Tome","floor":19,"gold_loss":0},{"damage_healed":0,"gold_gain":0,"player_choice":"Fought Bandits","damage_taken":0,"max_hp_gain":0,"max_hp_loss":0,"event_name":"Masked Bandits","floor":22,"gold_loss":0},{"damage_healed":0,"gold_gain":0,"player_choice":"Bought 1 Potion","damage_taken":0,"max_hp_gain":0,"max_hp_loss":0,"event_name":"The Woman in Blue","floor":24,"gold_loss":0}],"is_beta":false,"boss_relics":[{"not_picked":["Tiny House","Eternal Feather"],"picked":"Ring of the Serpent"}],"items_purged_floors":[10],"is_endless":false,"potions_floor_spawned":[1,5,6,20,22],"killed_by":"Cultist and Chosen","ascension_level":0}