{"gold_per_floor":[116,66,66,86,96,128,128,163,163,163,176,176,176,194,194,298,298,318,5,24,136,159,171,193,205,217,229,270,282,306,331,343,451,463,475],"floor_reached":35,"playtime":1878,"items_purged":["Double Energy"],"score":437,"play_id":"64036182-4b40-4ab9-adc2-48eaf8405144","local_time":"20190207222715","daily_mods":["Draft","Vintage","Heirloom","Time Dilation"],"is_ascension_mode":false,"campfire_choices":[{"floor":7,"key":"DIG"},{"floor":10,"key":"DIG"},{"floor":12,"key":"DIG"},{"floor":15,"key":"DIG"},{"floor":23,"key":"DIG"},{"data":"Barrage","floor":32,"key":"PURGE"}],"neow_cost":"","seed_source_timestamp":0,"circlet_count":0,"master_deck":["Barrage","Glacier","Cold Snap","Conserve Battery","Barrage","Coolheaded","Cold Snap+1","Blizzard","Barrage+1","Compile Driver","Machine Learning","Reprogram+1","Hello World","Blizzard+1"],"relics":["Cracked Core","Shovel","Pen Nib","Dodecahedron","Bronze Scales","Bag of Marbles","Darkstone Periapt","Nunchaku","War Paint","Blue Candle","Bottled Lightning","Regal Pillow","Cables","Juzu Bracelet","Toxic Egg 2","Empty Cage","Dream Catcher","Singing Bowl","MawBank","Calipers","Molten Egg 2","Peace Pipe","Ornamental Fan","Pantograph","Lantern","Whetstone","Centennial Puzzle","Mummified Hand","Cursed Key"],"potions_floor_usage":[16,16,16,21,30,30,33],"damage_taken":[{"damage":5,"enemies":"2 Louse","floor":1,"turns":2},{"damage":6,"enemies":"Small Slimes","floor":4,"turns":2},{"damage":0,"enemies":"Cultist","floor":5,"turns":2},{"damage":4,"enemies":"Lagavulin","floor":6,"turns":6},{"damage":18,"enemies":"Gremlin Nob","floor":8,"turns":4},{"damage":1,"enemies":"Blue Slaver","floor":11,"turns":2},{"damage":0,"enemies":"3 Louse","floor":14,"turns":2},{"damage":19,"enemies":"Hexaghost","floor":16,"turns":6},{"damage":10,"enemies":"3 Byrds","floor":18,"turns":3},{"damage":0,"enemies":"Spheric Guardian","floor":20,"turns":3},{"damage":24,"enemies":"Colosseum Slavers","floor":21,"turns":3},{"damage":19,"enemies":"Colosseum Nobs","floor":21,"turns":3},{"damage":0,"enemies":"Snecko","floor":22,"turns":3},{"damage":12,"enemies":"Snake Plant","floor":24,"turns":4},{"damage":7,"enemies":"Book of Stabbing","floor":28,"turns":6},{"damage":6,"enemies":"Cultist and Chosen","floor":30,"turns":5},{"damage":0,"enemies":"Snecko","floor":31,"turns":3},{"damage":27,"enemies":"Champ","floor":33,"turns":10},{"damage":0,"enemies":"3 Shapes","floor":35,"turns":1}],"seed_played":"-2090009789511520373","potions_obtained":[{"floor":4,"key":"SpeedPotion"},{"floor":6,"key":"FearPotion"},{"floor":8,"key":"Regen Potion"},{"floor":18,"key":"SmokeBomb"},{"floor":20,"key":"Dexterity Potion"},{"floor":24,"key":"Fruit Juice"},{"floor":28,"key":"Strength Potion"},{"floor":29,"key":"Regen Potion"},{"floor":29,"key":"Regen Potion"},{"floor":30,"key":"SteroidPotion"},{"floor":33,"key":"GamblersBrew"}],"is_trial":true,"path_per_floor":["M","?","?","M","M","E","R","E","T","R","M","R","?","M","R","B",null,"M","$","M","?","M","R","M","?","T","?","E","?","M","M","R","B",null,"M"],"character_chosen":"DEFECT","items_purchased":["Singing Bowl"],"campfire_rested":0,"item_purchase_floors":[19],"current_hp_per_floor":[70,70,70,64,64,60,60,42,42,42,41,41,47,47,47,42,81,71,71,71,30,30,30,18,18,18,45,38,38,66,66,66,58,85,85],"gold":475,"neow_bonus":"","is_prod":false,"is_daily":false,"chose_seed":false,"campfire_upgraded":0,"win_rate":0,"timestamp":1549607235,"path_taken":["M","?","?","M","M","E","R","E","T","R","?","R","?","M","R","BOSS","M","$","M","?","M","R","M","?","T","?","E","?","M","M","R","BOSS","M"],"build_version":"2019-01-23","purchased_purges":1,"victory":false,"max_hp_per_floor":[75,75,75,75,75,75,75,75,75,75,75,75,81,81,81,81,81,81,81,81,83,83,83,83,83,83,83,83,83,83,83,83,85,85,85],"card_choices":[{"not_picked":["Go for the Eyes","Force Field"],"picked":"Fusion","floor":0},{"not_picked":["Compile Driver","Rebound"],"picked":"Sweeping Beam","floor":0},{"not_picked":["Undo","Rip and Tear"],"picked":"Barrage","floor":0},{"not_picked":["Leap","Streamline"],"picked":"Barrage","floor":0},{"not_picked":["Conserve Battery","Coolheaded"],"picked":"Glacier","floor":0},{"not_picked":["Go for the Eyes","Consume"],"picked":"Tempest","floor":0},{"not_picked":["Compile Driver","Steam"],"picked":"Cold Snap","floor":0},{"not_picked":["Coolheaded","Self Repair"],"picked":"Double Energy","floor":0},{"not_picked":["Steam","Turbo"],"picked":"Conserve Battery","floor":0},{"not_picked":["Rip and Tear","Stack"],"picked":"Barrage","floor":0},{"not_picked":["Tempest","Genetic Algorithm"],"picked":"Coolheaded","floor":0},{"not_picked":["Turbo","Ball Lightning"],"picked":"Cold Snap","floor":0},{"not_picked":["Heatsinks","Redo"],"picked":"Fusion","floor":0},{"not_picked":["Steam","Redo"],"picked":"Blizzard","floor":0},{"not_picked":["Sunder","Rebound"],"picked":"Tempest","floor":0},{"not_picked":["Turbo","Stack","Sweeping Beam"],"picked":"SKIP","floor":6},{"not_picked":["Turbo","Stack"],"picked":"Compile Driver","floor":8},{"not_picked":["All For One","Meteor Strike"],"picked":"Machine Learning","floor":16},{"not_picked":["Gash","Genetic Algorithm+1","Fusion+1"],"picked":"Singing Bowl","floor":21},{"not_picked":["Fusion+1","Beam Cell+1"],"picked":"Blizzard+1","floor":28},{"not_picked":["Electrodynamics","Core Surge+1","Amplify+1"],"picked":"Singing Bowl","floor":33}],"player_experience":123009,"relics_obtained":[{"floor":1,"key":"Pen Nib"},{"floor":4,"key":"Dodecahedron"},{"floor":5,"key":"Bronze Scales"},{"floor":6,"key":"Bag of Marbles"},{"floor":7,"key":"Darkstone Periapt"},{"floor":8,"key":"Nunchaku"},{"floor":9,"key":"War Paint"},{"floor":10,"key":"Blue Candle"},{"floor":11,"key":"Bottled Lightning"},{"floor":12,"key":"Regal Pillow"},{"floor":14,"key":"Juzu Bracelet"},{"floor":15,"key":"Toxic Egg 2"},{"floor":18,"key":"Dream Catcher"},{"floor":20,"key":"MawBank"},{"floor":21,"key":"Calipers"},{"floor":21,"key":"Molten Egg 2"},{"floor":22,"key":"Peace Pipe"},{"floor":23,"key":"Ornamental Fan"},{"floor":24,"key":"Pantograph"},{"floor":26,"key":"Lantern"},{"floor":28,"key":"Whetstone"},{"floor":30,"key":"Centennial Puzzle"},{"floor":31,"key":"Mummified Hand"}],"event_choices":[{"cards_removed":["Sweeping Beam"],"damage_healed":0,"gold_gain":0,"player_choice":"Card Removal","damage_taken":0,"max_hp_gain":0,"max_hp_loss":0,"event_name":"The Cleric","floor":2,"gold_loss":50},{"damage_healed":0,"gold_gain":0,"cards_transformed":["Tempest"],"player_choice":"Transformed","damage_taken":0,"max_hp_gain":0,"max_hp_loss":0,"event_name":"Transmorgrifier","floor":3,"gold_loss":0,"cards_obtained":["Barrage"]},{"damage_healed":0,"gold_gain":0,"player_choice":"Box","damage_taken":0,"relics_obtained":["Cables"],"max_hp_gain":0,"max_hp_loss":0,"event_name":"Big Fish","floor":13,"gold_loss":0,"cards_obtained":["Regret"]},{"damage_healed":0,"gold_gain":0,"player_choice":"Fight","damage_taken":0,"max_hp_gain":0,"max_hp_loss":0,"event_name":"Colosseum","floor":21,"gold_loss":0},{"damage_healed":0,"gold_gain":0,"player_choice":"Fought Nobs","damage_taken":0,"max_hp_gain":0,"max_hp_loss":0,"event_name":"Colosseum","floor":21,"gold_loss":0},{"damage_healed":0,"gold_gain":0,"cards_transformed":["Fusion","Fusion"],"player_choice":"Became Test Subject","damage_taken":0,"max_hp_gain":0,"max_hp_loss":0,"event_name":"Drug Dealer","floor":25,"gold_loss":0,"cards_obtained":["Reprogram","Hello World"]},{"damage_healed":27,"gold_gain":0,"player_choice":"Heal","damage_taken":0,"max_hp_gain":0,"max_hp_loss":0,"event_name":"The Library","floor":27,"gold_loss":0},{"damage_healed":0,"gold_gain":0,"player_choice":"Got Potions","damage_taken":0,"max_hp_gain":0,"max_hp_loss":0,"event_name":"Lab","floor":29,"gold_loss":0}],"is_beta":false,"boss_relics":[{"not_picked":["White Beast Statue","Black Star"],"picked":"Empty Cage"},{"not_picked":["Coffee Dripper","Runic Pyramid"],"picked":"Cursed Key"}],"items_purged_floors":[19],"is_endless":false,"potions_floor_spawned":[4,6,8,14,18,20,24,28,30,33],"killed_by":"3 Shapes","ascension_level":0}