{"gold_per_floor":[18,18,18,34,34,53,53,53,76,76,76,1,1,25,25,146,146,146],"floor_reached":18,"playtime":1211,"items_purged":["Strike_R"],"score":148,"play_id":"1a342f04-4858-49dd-8c45-4239dbec6cf8","local_time":"20190217232029","is_ascension_mode":false,"campfire_choices":[{"data":"Bash","floor":8,"key":"SMITH"},{"floor":15,"key":"REST"}],"neow_cost":"NO_GOLD","seed_source_timestamp":3170441966597,"circlet_count":0,"master_deck":["Strike_R","Strike_R","Defend_R","Defend_R","Defend_R","Bash+1","Reaper"],"relics":["Burning Blood","Juzu Bracelet","Golden Idol","White Beast Statue"],"potions_floor_usage":[16,16],"damage_taken":[{"damage":6,"enemies":"Jaw Worm","floor":1,"turns":4},{"damage":3,"enemies":"Small Slimes","floor":4,"turns":3},{"damage":6,"enemies":"Cultist","floor":6,"turns":5},{"damage":8,"enemies":"Large Slime","floor":14,"turns":8},{"damage":80,"enemies":"Slime Boss","floor":16,"turns":17},{"damage":85,"enemies":"Spheric Guardian","floor":18,"turns":9}],"seed_played":"-3701196684031302248","potions_obtained":[{"floor":6,"key":"SkillPotion"},{"floor":14,"key":"Fire Potion"}],"is_trial":false,"path_per_floor":["M","?","?","M","$","M","$","R","T","?","?","$","?","M","R","B",null,"M"],"character_chosen":"IRONCLAD","items_purchased":[],"campfire_rested":1,"item_purchase_floors":[],"current_hp_per_floor":[80,85,85,85,85,85,85,85,85,64,64,64,64,62,85,11,85,0],"gold":146,"neow_bonus":"REMOVE_TWO","is_prod":false,"is_daily":false,"chose_seed":false,"campfire_upgraded":1,"win_rate":0.0,"timestamp":1550463629,"path_taken":["M","?","?","M","?","M","$","R","T","?","?","?","?","M","R","BOSS","M"],"build_version":"2019-01-23","purchased_purges":1,"victory":false,"max_hp_per_floor":[80,85,85,85,85,85,85,85,85,85,85,85,85,85,85,85,85,85],"card_choices":[{"not_picked":["Clothesline","Iron Wave","Disarm"],"picked":"SKIP","floor":1},{"not_picked":["Clash","Power Through","Shrug It Off"],"picked":"SKIP","floor":4},{"not_picked":["Carnage","Metallicize","Entrench"],"picked":"SKIP","floor":6},{"not_picked":["Ghostly Armor","Heavy Blade","Body Slam"],"picked":"SKIP","floor":14},{"not_picked":["Limit Break","Impervious"],"picked":"Reaper","floor":16}],"player_experience":78217,"relics_obtained":[{"floor":9,"key":"Juzu Bracelet"}],"event_choices":[{"damage_healed":0,"gold_gain":0,"player_choice":"Donut","damage_taken":0,"max_hp_gain":5,"max_hp_loss":0,"event_name":"Big Fish","floor":2,"gold_loss":0},{"damage_healed":0,"gold_gain":0,"player_choice":"Leave","damage_taken":0,"max_hp_gain":0,"max_hp_loss":0,"event_name":"The Cleric","floor":3,"gold_loss":0},{"damage_healed":0,"gold_gain":0,"player_choice":"Take Damage","damage_taken":21,"relics_obtained":["Golden Idol"],"max_hp_gain":0,"max_hp_loss":0,"event_name":"Golden Idol","floor":10,"gold_loss":0},{"cards_removed":["Defend_R"],"damage_healed":0,"gold_gain":0,"player_choice":"Offered Basic","damage_taken":0,"max_hp_gain":0,"max_hp_loss":0,"event_name":"Bonfire Elementals","floor":11,"gold_loss":0},{"damage_healed":0,"gold_gain":0,"player_choice":"Ignored","damage_taken":0,"max_hp_gain":0,"max_hp_loss":0,"event_name":"Liars Game","floor":13,"gold_loss":0}],"is_beta":false,"boss_relics":[{"not_picked":["Astrolabe","Velvet Choker"],"picked":"White Beast Statue"}],"items_purged_floors":[12],"is_endless":false,"potions_floor_spawned":[6,14],"killed_by":"Spheric Guardian","ascension_level":0}