{"gold_per_floor":[364,25,25,45,55,55,70,70,70,70,88,88,123,123,123,220,220,220,160,85,85,85,85,85,85,85,10,10,10,10,10,10,10,10,10,10,10,10,10,10,10,10,10,10,10,10,10,10,10,10,10,10,10,10,10],"floor_reached":55,"playtime":3698,"items_purged":["Strike_R"],"score":994,"play_id":"c22fe391-b334-4dbd-9caf-971103b05a0e","local_time":"20190105221928","is_ascension_mode":true,"campfire_choices":[{"data":"Searing Blow","floor":6,"key":"SMITH"},{"data":"Searing Blow+1","floor":10,"key":"SMITH"},{"data":"Searing Blow+2","floor":12,"key":"SMITH"},{"data":"Searing Blow+3","floor":15,"key":"SMITH"},{"data":"Searing Blow+4","floor":24,"key":"SMITH"},{"data":"Searing Blow+5","floor":29,"key":"SMITH"},{"data":"Searing Blow+6","floor":32,"key":"SMITH"},{"data":"Searing Blow+7","floor":40,"key":"SMITH"},{"data":"Searing Blow+8","floor":42,"key":"SMITH"},{"floor":49,"key":"RECALL"},{"data":"Berserk","floor":52,"key":"SMITH"}],"neow_cost":"TEN_PERCENT_HP_LOSS","seed_source_timestamp":1764774517963749,"circlet_count":0,"master_deck":["Strike_R","Strike_R","Defend_R","Defend_R","Defend_R","Bash","Ghostly Armor","Armaments+1","Searing Blow+9","Headbutt","Whirlwind","Offering","Warcry+1","Evolve","Entrench+1","Barricade","Shockwave","True Grit+1","Shrug It Off+1","Berserk+1","Sentinel+1"],"relics":["Burning Blood","Thread and Needle","Kunai","Ectoplasm","MutagenicStrength","Calipers","Darkstone Periapt","Blood Vial","Snecko Eye","Smiling Mask","Molten Egg 2","Toxic Egg 2","PreservedInsect","Orichalcum"],"potions_floor_usage":[16,31,48,48,55,55,55],"damage_taken":[{"damage":1,"enemies":"Cultist","floor":1,"turns":3},{"damage":0,"enemies":"Jaw Worm","floor":4,"turns":4},{"damage":0,"enemies":"2 Louse","floor":5,"turns":3},{"damage":0,"enemies":"2 Fungi Beasts","floor":7,"turns":4},{"damage":0,"enemies":"3 Louse","floor":11,"turns":4},{"damage":2,"enemies":"Gremlin Nob","floor":13,"turns":3},{"damage":0,"enemies":"Slime Boss","floor":16,"turns":7},{"damage":6,"enemies":"Shell Parasite","floor":18,"turns":4},{"damage":7,"enemies":"2 Thieves","floor":19,"turns":3},{"damage":6,"enemies":"Book of Stabbing","floor":23,"turns":4},{"damage":6,"enemies":"Sentry and Sphere","floor":25,"turns":3},{"damage":0,"enemies":"Snecko","floor":28,"turns":4},{"damage":6,"enemies":"Cultist and Chosen","floor":30,"turns":3},{"damage":20,"enemies":"Gremlin Leader","floor":31,"turns":5},{"damage":6,"enemies":"Automaton","floor":33,"turns":16},{"damage":1,"enemies":"Orb Walker","floor":35,"turns":2},{"damage":5,"enemies":"3 Shapes","floor":38,"turns":3},{"damage":0,"enemies":"Maw","floor":39,"turns":6},{"damage":6,"enemies":"Giant Head","floor":41,"turns":5},{"damage":6,"enemies":"Nemesis","floor":44,"turns":7},{"damage":0,"enemies":"3 Darklings","floor":45,"turns":7},{"damage":6,"enemies":"Transient","floor":46,"turns":5},{"damage":0,"enemies":"Jaw Worm Horde","floor":47,"turns":3},{"damage":44,"enemies":"Reptomancer","floor":48,"turns":8},{"damage":18,"enemies":"Time Eater","floor":50,"turns":13},{"damage":28,"enemies":"Shield and Spear","floor":54,"turns":5},{"damage":63,"enemies":"The Heart","floor":55,"turns":8}],"seed_played":"9010344046162628445","potions_obtained":[{"floor":4,"key":"BloodPotion"},{"floor":7,"key":"Strength Potion"},{"floor":11,"key":"FairyPotion"},{"floor":16,"key":"Fruit Juice"},{"floor":19,"key":"Poison Potion"},{"floor":23,"key":"Ancient Potion"},{"floor":28,"key":"Regen Potion"},{"floor":38,"key":"Poison Potion"},{"floor":48,"key":"SteroidPotion"},{"floor":54,"key":"AttackPotion"}],"is_trial":false,"path_per_floor":["M","$","?","M","M","R","M","?","T","R","M","R","E","?","R","B",null,"M","M","$","?","?","E","R","M","T","?","M","R","M","E","R","B",null,"M","?","$","M","M","R","E","R","T","E","M","M","M","E","R","B",null,"R","$","E","B"],"character_chosen":"IRONCLAD","items_purchased":["Thread and Needle","Armaments"],"campfire_rested":0,"item_purchase_floors":[2,2],"current_hp_per_floor":[72,72,72,72,72,72,72,77,77,77,77,77,77,77,77,82,82,82,81,81,81,81,81,81,81,81,81,82,82,82,68,68,70,82,82,82,82,82,82,82,82,82,82,82,82,82,82,59,59,49,82,82,82,60,0],"gold":10,"neow_bonus":"TWO_FIFTY_GOLD","is_prod":false,"is_daily":false,"chose_seed":false,"campfire_upgraded":10,"win_rate":0,"timestamp":1546744768,"path_taken":["M","?","?","M","M","R","?","?","T","R","M","R","E","?","R","BOSS","M","M","$","?","?","E","R","?","T","?","M","R","M","E","R","BOSS","M","?","?","?","M","R","E","R","T","E","M","M","M","E","R","BOSS","R","$","E","BOSS"],"build_version":"2019-01-03v4","purchased_purges":1,"victory":false,"max_hp_per_floor":[72,72,72,72,72,72,72,77,77,77,77,77,77,77,77,82,82,82,82,82,82,82,82,82,82,82,82,82,82,82,82,82,82,82,82,82,82,82,82,82,82,82,82,82,82,82,82,82,82,82,82,82,82,82,82],"card_choices":[{"not_picked":["Wild Strike","Rupture"],"picked":"Ghostly Armor","floor":1},{"not_picked":["Perfected Strike","Intimidate"],"picked":"Searing Blow","floor":4},{"not_picked":["Cleave","Twin Strike","Body Slam"],"picked":"SKIP","floor":5},{"not_picked":["Rupture","Shrug It Off"],"picked":"Headbutt","floor":7},{"not_picked":["Blood for Blood","Feel No Pain","Warcry"],"picked":"SKIP","floor":11},{"not_picked":["Sentinel","Searing Blow"],"picked":"Whirlwind","floor":13},{"not_picked":["Exhume","Barricade"],"picked":"Offering","floor":16},{"not_picked":["Body Slam","Combust","Clothesline+1"],"picked":"SKIP","floor":18},{"not_picked":["Entrench","Armaments"],"picked":"Warcry+1","floor":19},{"not_picked":["Sentinel","Warcry"],"picked":"Evolve","floor":23},{"not_picked":["Havoc+1","Pommel Strike","Wild Strike+1"],"picked":"SKIP","floor":25},{"not_picked":["Havoc","Searing Blow+1","Reaper"],"picked":"SKIP","floor":28},{"not_picked":["Rupture","Heavy Blade+1","Pommel Strike+1"],"picked":"SKIP","floor":30},{"not_picked":["Dual Wield","Pommel Strike"],"picked":"Entrench+1","floor":31},{"not_picked":["Bludgeon","Immolate"],"picked":"Barricade","floor":33},{"not_picked":["Feel No Pain","Iron Wave","Carnage"],"picked":"SKIP","floor":35},{"not_picked":["Heavy Blade","Perfected Strike+1"],"picked":"Shockwave","floor":38},{"not_picked":["Hemokinesis","Headbutt+1","Sever Soul+1"],"picked":"SKIP","floor":39},{"not_picked":["Rage","Havoc+1","Seeing Red"],"picked":"SKIP","floor":41},{"not_picked":["Uppercut+1","Shockwave+1"],"picked":"True Grit","floor":44},{"not_picked":["Body Slam+1","Flex+1"],"picked":"Shrug It Off+1","floor":45},{"not_picked":["Iron Wave+1","Fire Breathing","Clash+1"],"picked":"SKIP","floor":46},{"not_picked":["Perfected Strike+1","Clash+1"],"picked":"Berserk","floor":47},{"not_picked":["Bloodletting+1","Second Wind+1"],"picked":"Sentinel+1","floor":48},{"not_picked":["Limit Break+1","Iron Wave+1","Spot Weakness+1"],"picked":"SKIP","floor":54}],"player_experience":3993846,"relics_obtained":[{"floor":13,"key":"Kunai"},{"floor":23,"key":"Calipers"},{"floor":26,"key":"Darkstone Periapt"},{"floor":31,"key":"Blood Vial"},{"floor":41,"key":"Smiling Mask"},{"floor":43,"key":"Molten Egg 2"},{"floor":44,"key":"Toxic Egg 2"},{"floor":48,"key":"PreservedInsect"},{"floor":54,"key":"Orichalcum"}],"event_choices":[{"damage_healed":0,"gold_gain":0,"player_choice":"Upgraded","damage_taken":0,"max_hp_gain":0,"max_hp_loss":0,"event_name":"Upgrade Shrine","floor":3,"gold_loss":0,"cards_upgraded":["Armaments"]},{"damage_healed":0,"gold_gain":0,"player_choice":"Donut","damage_taken":0,"max_hp_gain":5,"max_hp_loss":0,"event_name":"Big Fish","floor":8,"gold_loss":0},{"cards_removed":["Strike_R"],"damage_healed":0,"gold_gain":0,"player_choice":"Forget","damage_taken":0,"max_hp_gain":0,"max_hp_loss":0,"event_name":"Living Wall","floor":14,"gold_loss":0},{"damage_healed":0,"gold_gain":0,"player_choice":"Inject Mutagens","damage_taken":0,"relics_obtained":["MutagenicStrength"],"max_hp_gain":0,"max_hp_loss":0,"event_name":"Drug Dealer","floor":21,"gold_loss":0},{"cards_removed":["Strike_R"],"damage_healed":0,"gold_gain":0,"player_choice":"Offered Basic","damage_taken":0,"max_hp_gain":0,"max_hp_loss":0,"event_name":"Bonfire Elementals","floor":22,"gold_loss":0},{"cards_removed":["Defend_R"],"damage_healed":0,"gold_gain":0,"player_choice":"Gave Gold","damage_taken":0,"max_hp_gain":0,"max_hp_loss":0,"event_name":"Beggar","floor":27,"gold_loss":75},{"damage_healed":0,"gold_gain":0,"player_choice":"Ignored","damage_taken":0,"max_hp_gain":0,"max_hp_loss":0,"event_name":"SecretPortal","floor":36,"gold_loss":0}],"is_beta":true,"boss_relics":[{"not_picked":["Tiny House","Runic Cube"],"picked":"Ectoplasm"},{"not_picked":["Velvet Choker","White Beast Statue"],"picked":"Snecko Eye"}],"items_purged_floors":[20],"is_endless":false,"potions_floor_spawned":[4,7,11,16,19,23,25,28,38,39,41,48,54],"killed_by":"The Heart","ascension_level":1}