{"gold_per_floor":[119,138,19,19,31,31,41,41,41,41,41,67,86,115,115,219,219,239,2,2,15,31,64,163,176,247,8,37,49,81,93,93,188,188,208,208,226,243,261,296,313,341,364,393,393,403,403,303,303,303,303,303,106,134,134],"floor_reached":56,"playtime":2784,"items_purged":["Strike_R","Strike_R"],"score":1466,"play_id":"f2c480f4-1fbf-4291-bec7-49e1d07a6cac","local_time":"20190108081812","is_ascension_mode":true,"campfire_choices":[{"data":"True Grit","floor":6,"key":"SMITH"},{"data":"Whirlwind","floor":8,"key":"SMITH"},{"data":"Spot Weakness","floor":15,"key":"SMITH"},{"data":"1","floor":32,"key":"LIFT"},{"data":"2","floor":45,"key":"LIFT"},{"data":"3","floor":47,"key":"LIFT"},{"floor":49,"key":"RECALL"},{"data":"Limit Break","floor":52,"key":"SMITH"}],"neow_cost":"NONE","seed_source_timestamp":1974365606817407,"circlet_count":0,"master_deck":["Strike_R+1","Strike_R","Defend_R+1","Defend_R","Defend_R+1","Defend_R","Bash","Wild Strike","Clothesline","True Grit+1","Whirlwind+1","Cleave","Battle Trance+1","Spot Weakness+1","Power Through","Limit Break+1","Iron Wave+1","Reaper","Necronomicurse","Metallicize+1","Heavy Blade","Shockwave","Reaper","Headbutt","Inflame+1","Uppercut","Immolate","Inflame+1","Rage+1","Double Tap","True Grit+1","Pummel+1","Shrug It Off+1","Offering"],"relics":["Burning Blood","War Paint","CultistMask","Mercury Hourglass","Frozen Egg 2","Vajra","Coffee Dripper","Necronomicon","Bag of Marbles","Kunai","Strange Spoon","Red Skull","Girya","Sozu","Question Card","Centennial Puzzle","Oddly Smooth Stone","ClockworkSouvenir","StoneCalendar"],"potions_floor_usage":[12,16,16,23,55,55,55],"damage_taken":[{"damage":6,"enemies":"Cultist","floor":1,"turns":3},{"damage":0,"enemies":"Jaw Worm","floor":2,"turns":3},{"damage":0,"enemies":"2 Louse","floor":5,"turns":1},{"damage":6,"enemies":"Large Slime","floor":7,"turns":5},{"damage":21,"enemies":"Lagavulin","floor":12,"turns":7},{"damage":2,"enemies":"Looter","floor":13,"turns":3},{"damage":9,"enemies":"3 Sentries","floor":14,"turns":3},{"damage":0,"enemies":"Slime Boss","floor":16,"turns":8},{"damage":0,"enemies":"Chosen","floor":18,"turns":3},{"damage":13,"enemies":"2 Thieves","floor":21,"turns":3},{"damage":0,"enemies":"3 Cultists","floor":22,"turns":1},{"damage":6,"enemies":"Slavers","floor":23,"turns":3},{"damage":0,"enemies":"Centurion and Healer","floor":25,"turns":4},{"damage":0,"enemies":"Gremlin Leader","floor":28,"turns":3},{"damage":23,"enemies":"Snake Plant","floor":29,"turns":4},{"damage":24,"enemies":"Slavers","floor":30,"turns":4},{"damage":2,"enemies":"Cultist and Chosen","floor":31,"turns":3},{"damage":29,"enemies":"Automaton","floor":33,"turns":7},{"damage":0,"enemies":"3 Shapes","floor":35,"turns":1},{"damage":0,"enemies":"3 Darklings","floor":37,"turns":1},{"damage":0,"enemies":"Jaw Worm Horde","floor":38,"turns":3},{"damage":10,"enemies":"Sphere and 2 Shapes","floor":39,"turns":4},{"damage":0,"enemies":"Reptomancer","floor":40,"turns":3},{"damage":0,"enemies":"4 Shapes","floor":41,"turns":4},{"damage":18,"enemies":"Nemesis","floor":42,"turns":3},{"damage":0,"enemies":"Reptomancer","floor":44,"turns":2},{"damage":0,"enemies":"3 Darklings","floor":46,"turns":1},{"damage":10,"enemies":"Donu and Deca","floor":50,"turns":6},{"damage":13,"enemies":"Shield and Spear","floor":54,"turns":3},{"damage":61,"enemies":"The Heart","floor":55,"turns":6}],"seed_played":"-2237772098169698978","potions_obtained":[{"floor":2,"key":"Strength Potion"},{"floor":5,"key":"Ancient Potion"},{"floor":12,"key":"SpeedPotion"},{"floor":14,"key":"EssenceOfSteel"},{"floor":16,"key":"EssenceOfSteel"},{"floor":21,"key":"Block Potion"},{"floor":23,"key":"Swift Potion"},{"floor":31,"key":"Block Potion"}],"is_trial":false,"path_per_floor":["M","M","$","?","M","R","M","R","T","?","?","E","M","E","R","B",null,"M","$","?","M","M","E","?","M","T","$","E","M","E","M","R","B",null,"M","?","M","M","M","E","M","E","T","E","R","M","R","$","R","B",null,"R","$","E","B",null],"character_chosen":"IRONCLAD","items_purchased":["True Grit","Whirlwind","Reaper","Strange Spoon","Shockwave","ClockworkSouvenir"],"campfire_rested":0,"item_purchase_floors":[3,3,19,27,27,53],"current_hp_per_floor":[80,80,80,80,80,80,80,80,80,64,57,42,46,43,43,49,80,80,80,64,73,79,79,79,80,80,80,80,63,80,80,80,57,80,80,80,80,80,76,80,80,68,68,80,80,80,80,80,80,76,80,80,80,80,45],"gold":134,"neow_bonus":"RANDOM_COMMON_RELIC","is_prod":false,"is_daily":false,"chose_seed":false,"campfire_upgraded":4,"win_rate":0,"timestamp":1546953492,"path_taken":["M","M","?","?","M","R","?","R","T","?","?","E","M","E","R","BOSS","M","$","?","M","M","E","?","M","T","$","E","M","E","M","R","BOSS","M","?","M","?","M","E","M","E","T","E","R","M","R","$","R","BOSS","R","$","E","BOSS"],"build_version":"2019-01-07","purchased_purges":2,"victory":true,"max_hp_per_floor":[80,80,80,80,80,80,80,80,80,80,80,80,80,80,80,80,80,80,80,80,80,80,80,80,80,80,80,80,80,80,80,80,80,80,80,80,80,80,80,80,80,80,80,80,80,80,80,80,80,80,80,80,80,80,80],"card_choices":[{"not_picked":["Fire Breathing","Flex"],"picked":"Wild Strike","floor":1},{"not_picked":["Havoc","Sword Boomerang"],"picked":"Clothesline","floor":2},{"not_picked":["Blood for Blood","Body Slam"],"picked":"Cleave","floor":5},{"not_picked":["Pommel Strike","Clash"],"picked":"Battle Trance","floor":7},{"not_picked":["Perfected Strike","Metallicize"],"picked":"Spot Weakness","floor":12},{"not_picked":["Sword Boomerang","Dual Wield"],"picked":"Power Through","floor":13},{"not_picked":["Brutality+1","Cleave","Flame Barrier"],"picked":"SKIP","floor":14},{"not_picked":["Juggernaut+1","Berserk+1"],"picked":"Limit Break","floor":16},{"not_picked":["Headbutt","True Grit"],"picked":"Iron Wave+1","floor":18},{"not_picked":["Anger","Thunderclap"],"picked":"Metallicize+1","floor":21},{"not_picked":["Rage","Clash"],"picked":"Heavy Blade","floor":22},{"not_picked":["True Grit","Entrench+1","Heavy Blade"],"picked":"SKIP","floor":23},{"not_picked":["Juggernaut+1","Burning Pact","Perfected Strike+1"],"picked":"SKIP","floor":25},{"not_picked":["Corruption+1","Headbutt"],"picked":"Reaper","floor":28},{"not_picked":["Iron Wave","True Grit+1"],"picked":"Headbutt","floor":29},{"not_picked":["Metallicize+1","Headbutt"],"picked":"Inflame+1","floor":30},{"not_picked":["Searing Blow","Infernal Blade+1"],"picked":"Uppercut","floor":31},{"not_picked":["Barricade+1","Double Tap"],"picked":"Immolate","floor":33},{"not_picked":["Seeing Red+1","Flame Barrier+1"],"picked":"Inflame+1","floor":35},{"not_picked":["Rampage","Headbutt","Havoc"],"picked":"SKIP","floor":37},{"not_picked":["Flex","Clash+1"],"picked":"Rage+1","floor":38},{"not_picked":["Body Slam+1","Uppercut+1","Clothesline"],"picked":"SKIP","floor":39},{"not_picked":["Anger","Clothesline+1","Warcry"],"picked":"SKIP","floor":40},{"not_picked":["Perfected Strike","Bloodletting","Body Slam"],"picked":"Double Tap","floor":41},{"not_picked":["Heavy Blade","Flex","Twin Strike"],"picked":"True Grit+1","floor":42},{"not_picked":["Berserk+1","Spot Weakness+1","Warcry+1"],"picked":"Pummel+1","floor":44},{"not_picked":["Fire Breathing+1","Shockwave+1","Clothesline"],"picked":"Shrug It Off+1","floor":46},{"not_picked":["Clash","Clothesline+1","Havoc"],"picked":"Offering","floor":54}],"player_experience":4013081,"relics_obtained":[{"floor":9,"key":"Mercury Hourglass"},{"floor":12,"key":"Frozen Egg 2"},{"floor":14,"key":"Vajra"},{"floor":20,"key":"Necronomicon"},{"floor":23,"key":"Bag of Marbles"},{"floor":26,"key":"Kunai"},{"floor":28,"key":"Red Skull"},{"floor":30,"key":"Girya"},{"floor":40,"key":"Question Card"},{"floor":42,"key":"Centennial Puzzle"},{"floor":44,"key":"Oddly Smooth Stone"},{"floor":54,"key":"StoneCalendar"}],"event_choices":[{"damage_healed":0,"gold_gain":0,"player_choice":"Trade","damage_taken":0,"relics_obtained":["CultistMask"],"max_hp_gain":0,"max_hp_loss":0,"event_name":"FaceTrader","floor":4,"gold_loss":0},{"damage_healed":0,"gold_gain":0,"player_choice":"Entered Light","damage_taken":16,"max_hp_gain":0,"max_hp_loss":0,"event_name":"Shining Light","floor":10,"gold_loss":0,"cards_upgraded":["Strike_R","Battle Trance"]},{"cards_removed":["Strike_R"],"damage_healed":0,"gold_gain":0,"player_choice":"Card Removal","damage_taken":7,"max_hp_gain":0,"max_hp_loss":0,"event_name":"Golden Wing","floor":11,"gold_loss":0},{"damage_healed":0,"gold_gain":0,"player_choice":"Obtained Book","damage_taken":16,"max_hp_gain":0,"max_hp_loss":0,"event_name":"Cursed Tome","floor":20,"gold_loss":0},{"damage_healed":0,"gold_gain":99,"player_choice":"Stole From Cult","damage_taken":0,"max_hp_gain":0,"max_hp_loss":0,"event_name":"Nest","floor":24,"gold_loss":0},{"damage_healed":0,"gold_gain":0,"player_choice":"Bought 0 Potions","damage_taken":0,"max_hp_gain":0,"max_hp_loss":0,"event_name":"The Woman in Blue","floor":36,"gold_loss":0}],"is_beta":true,"boss_relics":[{"not_picked":["Black Blood","Lizard Tail"],"picked":"Coffee Dripper"},{"not_picked":["Eternal Feather","Calling Bell"],"picked":"Sozu"}],"items_purged_floors":[19,48],"is_endless":false,"potions_floor_spawned":[2,5,12,14,16,21,22,23,31,33,37,40,42,44],"ascension_level":1}