{"gold_per_floor":[119,119,119,45,45,45,80,27,27,45,45,76,76,87,87,161,161,175,175],"floor_reached":19,"playtime":809,"items_purged":[],"score":346,"play_id":"bb3b2ffd-4aa7-4445-9a11-32c5e45ff869","local_time":"20190201093627","is_ascension_mode":true,"campfire_choices":[{"data":"Poisoned Stab","floor":6,"key":"SMITH"},{"floor":11,"key":"REST"},{"data":"Night Terror","floor":13,"key":"SMITH"},{"data":"Crippling Poison","floor":15,"key":"SMITH"}],"neow_cost":"TEN_PERCENT_HP_LOSS","seed_source_timestamp":1901951923408567,"circlet_count":0,"master_deck":["AscendersBane","Defend_G","Defend_G","Defend_G","Defend_G","Defend_G","Strike_G","Strike_G","Strike_G","Strike_G","Strike_G","Survivor","Neutralize","After Image+1","Poisoned Stab+1","Footwork","Well Laid Plans","Dagger Spray","Night Terror+1","Infinite Blades","Crippling Poison+1","Die Die Die","Backflip"],"relics":["Ring of the Snake","Regal Pillow","Orichalcum","Du-Vu Doll","Snecko Eye"],"potions_floor_usage":[7],"damage_taken":[{"damage":3,"enemies":"2 Louse","floor":1,"turns":4},{"damage":31,"enemies":"Gremlin Nob","floor":7,"turns":5},{"damage":3,"enemies":"Small Slimes","floor":10,"turns":2},{"damage":15,"enemies":"Lagavulin","floor":12,"turns":9},{"damage":1,"enemies":"Jaw Worm","floor":14,"turns":5},{"damage":14,"enemies":"Slime Boss","floor":16,"turns":16},{"damage":50,"enemies":"2 Thieves","floor":18,"turns":5},{"damage":14,"enemies":"Spheric Guardian","floor":19,"turns":5}],"seed_played":"-2145186006031774763","potions_obtained":[{"floor":1,"key":"AttackPotion"},{"floor":12,"key":"Dexterity Potion"}],"is_trial":false,"path_per_floor":["M","?","?","$","?","R","E","$","T","M","R","E","R","M","R","B",null,"M","M"],"character_chosen":"THE_SILENT","items_purchased":["Footwork","Dagger Spray"],"campfire_rested":1,"item_purchase_floors":[4,8],"current_hp_per_floor":[56,56,61,61,61,61,30,30,30,27,61,46,46,45,45,31,57,7,0],"gold":175,"neow_bonus":"THREE_RARE_CARDS","is_prod":false,"is_daily":false,"chose_seed":false,"campfire_upgraded":3,"win_rate":0,"timestamp":1549031787,"path_taken":["M","?","?","$","?","R","E","?","T","?","R","E","R","M","R","BOSS","M","M"],"build_version":"2019-01-23","purchased_purges":0,"victory":false,"max_hp_per_floor":[60,60,65,65,65,65,65,65,65,65,65,65,65,65,65,65,65,65,65],"card_choices":[{"not_picked":["Grand Finale","Phantasmal Killer"],"picked":"After Image","floor":0},{"not_picked":["Eviscerate","Bane"],"picked":"Poisoned Stab","floor":1},{"not_picked":["Flying Knee","Prepared"],"picked":"Well Laid Plans","floor":7},{"not_picked":["Dagger Throw","Heel Hook"],"picked":"Night Terror","floor":10},{"not_picked":["Setup","Slice"],"picked":"Infinite Blades","floor":12},{"not_picked":["Heel Hook","Reflex"],"picked":"Crippling Poison","floor":14},{"not_picked":["Burst","Glass Knife"],"picked":"Die Die Die","floor":16},{"not_picked":["Sucker Punch","Catalyst"],"picked":"Backflip","floor":18}],"player_experience":850427,"relics_obtained":[{"floor":7,"key":"Regal Pillow"},{"floor":9,"key":"Orichalcum"},{"floor":12,"key":"Du-Vu Doll"}],"event_choices":[{"damage_healed":0,"gold_gain":0,"player_choice":"Grow","damage_taken":0,"max_hp_gain":0,"max_hp_loss":0,"event_name":"Living Wall","floor":2,"gold_loss":0,"cards_upgraded":["After Image"]},{"damage_healed":0,"gold_gain":0,"player_choice":"Donut","damage_taken":0,"max_hp_gain":5,"max_hp_loss":0,"event_name":"Big Fish","floor":3,"gold_loss":0},{"damage_healed":0,"gold_gain":0,"player_choice":"Leave","damage_taken":0,"max_hp_gain":0,"max_hp_loss":0,"event_name":"The Cleric","floor":5,"gold_loss":0}],"is_beta":false,"boss_relics":[{"not_picked":["Velvet Choker","White Beast Statue"],"picked":"Snecko Eye"}],"items_purged_floors":[],"is_endless":false,"potions_floor_spawned":[1,12],"killed_by":"Spheric Guardian","ascension_level":20}