{"gold_per_floor":[115,135,8,8,18,49,49,77,104,137,155,155,165,165,165,286,286,301,316,359,46,46,46,46,89,112,112,130,151,151,175,175,304,304,318,318,374,19,19,53,94,130,203,239,262,305,305,305,305,305,305,305,28,59,59],"floor_reached":56,"playtime":4321,"items_purged":[],"score":1614,"play_id":"95ed0522-274b-44ff-805e-0f128eefad13","local_time":"20190126154915","is_ascension_mode":true,"campfire_choices":[{"data":"Defragment","floor":7,"key":"SMITH"},{"data":"Machine Learning","floor":12,"key":"SMITH"},{"data":"Zap","floor":15,"key":"SMITH"},{"data":"Turbo","floor":23,"key":"SMITH"},{"floor":27,"key":"REST"},{"data":"Go for the Eyes","floor":32,"key":"SMITH"},{"floor":47,"key":"RECALL"},{"floor":49,"key":"REST"},{"floor":52,"key":"REST"}],"neow_cost":"NONE","seed_source_timestamp":3554825510274181,"circlet_count":0,"master_deck":["Zap+1","Dualcast+1","Coolheaded+1","Gash+1","Leap+1","Scrape+1","Defragment+1","Machine Learning+1","Cold Snap+1","Streamline+1","Turbo+1","Conserve Battery+1","All For One+1","Rainbow+1","Chaos+1","Multi-Cast+1","Rainbow+1","Rebound+1","Reprogram+1","Barrage+1","Core Surge+1","Conserve Battery+1","Gash+1","Steam Power+1","Gash+1","Necronomicurse","Stack+1","FTL+1","Gash+1","Ghostly+1","Ghostly+1","Ghostly+1","Ghostly+1","Ghostly+1","Go for the Eyes+1","Seek+1","Reinforced Body+1","Master of Strategy+1","Panache+1","Hologram+1","Auto Shields+1","Sunder+1","Fission+1","Sweeping Beam+1","Fission+1","Undo+1","Coolheaded","Compile Driver+1","Coolheaded+1"],"relics":["Cracked Core","Happy Flower","Potion Belt","Bag of Marbles","War Paint","Bronze Scales","Golden Idol","Pandora\u0027s Box","Red Mask","Ice Cream","Necronomicon","Question Card","PreservedInsect","Fusion Hammer","WingedGreaves","Incense Burner","Molten Egg 2","Centennial Puzzle","Lantern","Oddly Smooth Stone","Pen Nib","Mark of the Bloom","Runic Capacitor","DataDisk"],"potions_floor_usage":[8,16,18,20,25,33,33,55,55,55,55,55],"damage_taken":[{"damage":0,"enemies":"Small Slimes","floor":1,"turns":4},{"damage":0,"enemies":"Cultist","floor":2,"turns":3},{"damage":0,"enemies":"2 Louse","floor":5,"turns":2},{"damage":27,"enemies":"3 Sentries","floor":6,"turns":11},{"damage":17,"enemies":"Gremlin Nob","floor":8,"turns":4},{"damage":0,"enemies":"Lagavulin","floor":10,"turns":7},{"damage":0,"enemies":"2 Fungi Beasts","floor":11,"turns":3},{"damage":0,"enemies":"3 Louse","floor":13,"turns":2},{"damage":9,"enemies":"The Guardian","floor":16,"turns":8},{"damage":10,"enemies":"2 Thieves","floor":18,"turns":2},{"damage":0,"enemies":"Spheric Guardian","floor":19,"turns":3},{"damage":0,"enemies":"Masked Bandits","floor":20,"turns":3},{"damage":11,"enemies":"Book of Stabbing","floor":25,"turns":4},{"damage":0,"enemies":"3 Cultists","floor":28,"turns":4},{"damage":0,"enemies":"Shelled Parasite and Fungi","floor":29,"turns":3},{"damage":0,"enemies":"Centurion and Healer","floor":31,"turns":5},{"damage":16,"enemies":"Collector","floor":33,"turns":8},{"damage":1,"enemies":"3 Shapes","floor":35,"turns":3},{"damage":1,"enemies":"2 Orb Walkers","floor":37,"turns":5},{"damage":0,"enemies":"Giant Head","floor":40,"turns":5},{"damage":0,"enemies":"Nemesis","floor":41,"turns":3},{"damage":0,"enemies":"Giant Head","floor":42,"turns":3},{"damage":0,"enemies":"Reptomancer","floor":44,"turns":4},{"damage":0,"enemies":"3 Darklings","floor":45,"turns":3},{"damage":0,"enemies":"Giant Head","floor":46,"turns":3},{"damage":1,"enemies":"Awakened One","floor":50,"turns":7},{"damage":0,"enemies":"Shield and Spear","floor":54,"turns":3},{"damage":8,"enemies":"The Heart","floor":55,"turns":6}],"seed_played":"5001258854616943765","potions_obtained":[{"floor":6,"key":"Swift Potion"},{"floor":8,"key":"Strength Potion"},{"floor":11,"key":"PowerPotion"},{"floor":16,"key":"Explosive Potion"},{"floor":18,"key":"SkillPotion"},{"floor":19,"key":"Weak Potion"},{"floor":25,"key":"SneckoOil"},{"floor":33,"key":"AttackPotion"},{"floor":40,"key":"Poison Potion"},{"floor":42,"key":"Strength Potion"},{"floor":46,"key":"LiquidBronze"},{"floor":54,"key":"Dexterity Potion"}],"is_trial":false,"path_per_floor":["M","M","$","?","M","E","R","E","T","E","M","R","M","?","R","B",null,"M","M","?","$","?","R","?","E","T","R","M","M","?","M","R","B",null,"M","?","?","$","?","E","E","E","T","E","M","E","R","?","R","B",null,"R","$","E","B",null],"character_chosen":"DEFECT","items_purchased":["Go for the Eyes","Scrape","Ice Cream","Incense Burner","Weak Potion","Runic Capacitor","Coolheaded","Compile Driver+1"],"campfire_rested":3,"item_purchase_floors":[3,3,21,38,38,53,53,53],"current_hp_per_floor":[75,75,75,75,75,48,48,31,31,31,31,31,31,31,31,22,69,59,59,59,59,59,59,43,32,32,52,52,52,34,34,34,18,34,33,23,22,22,22,22,22,22,22,22,22,22,22,22,22,21,21,21,21,21,13],"gold":59,"neow_bonus":"THREE_CARDS","is_prod":false,"is_daily":false,"chose_seed":false,"campfire_upgraded":5,"win_rate":0,"timestamp":1548535755,"path_taken":["M","M","$","?","M","E","R","E","T","E","M","R","?","?","R","BOSS","M","M","?","$","?","R","?","E","T","R","?","M","?","M","R","BOSS","M","?","?","$","?","E","E","E","T","E","?","E","R","?","R","BOSS","R","$","E","BOSS"],"build_version":"2019-01-23","purchased_purges":0,"victory":true,"max_hp_per_floor":[75,75,75,75,75,75,75,75,75,75,75,75,75,69,69,69,69,69,69,69,69,69,69,69,69,69,69,69,69,34,34,34,34,34,34,34,34,34,34,34,34,34,34,34,34,34,34,34,34,34,34,34,34,34,34],"card_choices":[{"not_picked":["Leap","Steam"],"picked":"Coolheaded","floor":0},{"not_picked":["Conserve Battery","Stack"],"picked":"Gash","floor":1},{"not_picked":["Heatsinks","Reinforced Body"],"picked":"Leap","floor":2},{"not_picked":["Beam Cell","Auto Shields"],"picked":"Defragment","floor":5},{"not_picked":["Aggregate","Go for the Eyes"],"picked":"Machine Learning","floor":6},{"not_picked":["Streamline","Compile Driver"],"picked":"Cold Snap","floor":8},{"not_picked":["Sweeping Beam","Force Field"],"picked":"Streamline","floor":10},{"not_picked":["Undo","Redo"],"picked":"Turbo","floor":11},{"not_picked":["Compile Driver","Stack"],"picked":"Conserve Battery","floor":13},{"not_picked":["Electrodynamics","Fission"],"picked":"All For One","floor":16},{"not_picked":["Rip and Tear","Turbo"],"picked":"Conserve Battery+1","floor":18},{"not_picked":["Fusion","Consume"],"picked":"Gash","floor":19},{"not_picked":["Turbo","Skim"],"picked":"Steam Power","floor":20},{"not_picked":["Coolheaded","Lockon"],"picked":"Stack+1","floor":25},{"not_picked":["Hologram","Consume","Leap"],"picked":"FTL","floor":28},{"not_picked":["Compile Driver","Steam","Go for the Eyes"],"picked":"Gash","floor":29},{"not_picked":["Sweeping Beam","Redo","Reprogram"],"picked":"Go for the Eyes","floor":31},{"not_picked":["Rainbow","Buffer","Core Surge"],"picked":"Seek","floor":33},{"not_picked":["Chaos+1","Rebound+1","Ball Lightning+1"],"picked":"Reinforced Body","floor":35},{"not_picked":["Enlightenment","Secret Weapon","Finesse"],"picked":"Master of Strategy","floor":36},{"not_picked":["Panacea","Bandage Up","Thinking Ahead"],"picked":"Panache","floor":36},{"not_picked":["Loop+1","Rebound","Go for the Eyes+1"],"picked":"Hologram+1","floor":37},{"not_picked":["Leap","Fusion","Conserve Battery"],"picked":"Sunder+1","floor":40},{"not_picked":["Recycle","Heatsinks","Compile Driver+1"],"picked":"Fission","floor":41},{"not_picked":["Creative AI","Consume+1","Ball Lightning+1"],"picked":"Sweeping Beam+1","floor":42},{"not_picked":["Undo","Aggregate","Hyperbeam+1"],"picked":"Fission","floor":44},{"not_picked":["Redo","Aggregate","Defragment"],"picked":"Undo+1","floor":45},{"not_picked":["Reinforced Body","Compile Driver+1","Turbo","Cold Snap+1"],"picked":"SKIP","floor":46},{"not_picked":["Turbo+1","Ball Lightning+1","Rebound+1"],"picked":"Coolheaded+1","floor":54}],"player_experience":4219067,"relics_obtained":[{"floor":6,"key":"Potion Belt"},{"floor":8,"key":"Bag of Marbles"},{"floor":9,"key":"War Paint"},{"floor":10,"key":"Bronze Scales"},{"floor":20,"key":"Red Mask"},{"floor":24,"key":"Necronomicon"},{"floor":25,"key":"Question Card"},{"floor":26,"key":"PreservedInsect"},{"floor":37,"key":"WingedGreaves"},{"floor":40,"key":"Molten Egg 2"},{"floor":41,"key":"Centennial Puzzle"},{"floor":42,"key":"Lantern"},{"floor":44,"key":"Oddly Smooth Stone"},{"floor":46,"key":"Pen Nib"},{"floor":54,"key":"DataDisk"}],"event_choices":[{"cards_removed":["Go for the Eyes"],"damage_healed":0,"gold_gain":0,"player_choice":"Gave Card","damage_taken":0,"relics_obtained":["Happy Flower"],"max_hp_gain":0,"max_hp_loss":0,"event_name":"WeMeetAgain","floor":4,"gold_loss":0},{"damage_healed":0,"gold_gain":0,"player_choice":"Lose Max HP","damage_taken":0,"relics_obtained":["Golden Idol"],"max_hp_gain":0,"max_hp_loss":6,"event_name":"Golden Idol","floor":14,"gold_loss":0},{"damage_healed":0,"gold_gain":0,"player_choice":"Fought Bandits","damage_taken":0,"max_hp_gain":0,"max_hp_loss":0,"event_name":"Masked Bandits","floor":20,"gold_loss":0},{"damage_healed":0,"gold_gain":0,"player_choice":"Read","damage_taken":0,"max_hp_gain":0,"max_hp_loss":0,"event_name":"The Library","floor":22,"gold_loss":0,"cards_obtained":["Gash"]},{"damage_healed":0,"gold_gain":0,"player_choice":"Obtained Book","damage_taken":16,"max_hp_gain":0,"max_hp_loss":0,"event_name":"Cursed Tome","floor":24,"gold_loss":0},{"damage_healed":0,"gold_gain":0,"player_choice":"Became a Ghost","damage_taken":0,"max_hp_gain":0,"max_hp_loss":35,"event_name":"Ghosts","floor":30,"gold_loss":0,"cards_obtained":["Ghostly","Ghostly","Ghostly","Ghostly","Ghostly"]},{"damage_healed":0,"gold_gain":0,"player_choice":"Memory 3","damage_taken":10,"max_hp_gain":0,"max_hp_loss":0,"event_name":"SensoryStone","floor":36,"gold_loss":0},{"damage_healed":0,"gold_gain":0,"player_choice":"Fight","damage_taken":0,"max_hp_gain":0,"max_hp_loss":0,"event_name":"Mysterious Sphere","floor":37,"gold_loss":0},{"damage_healed":0,"gold_gain":0,"player_choice":"1 cards matched","damage_taken":0,"max_hp_gain":0,"max_hp_loss":0,"event_name":"Match and Keep!","floor":39,"gold_loss":0,"cards_obtained":["Auto Shields"]},{"damage_healed":0,"gold_gain":0,"player_choice":"Upgrade","damage_taken":0,"relics_obtained":["Mark of the Bloom"],"max_hp_gain":0,"max_hp_loss":0,"event_name":"MindBloom","floor":48,"gold_loss":0,"cards_upgraded":["Dualcast","Coolheaded","Gash","Scrape","Cold Snap","Streamline","Conserve Battery","All For One","Rainbow","Chaos","Multi-Cast","Rainbow","Rebound","Reprogram","Barrage","Core Surge","Gash","Steam Power","Gash","FTL","Gash","Ghostly","Ghostly","Ghostly","Ghostly","Ghostly","Seek","Reinforced Body","Master of Strategy","Panache","Auto Shields","Fission","Fission"]}],"is_beta":true,"boss_relics":[{"not_picked":["Black Star","White Beast Statue"],"picked":"Pandora\u0027s Box"},{"not_picked":["Velvet Choker","Empty Cage"],"picked":"Fusion Hammer"}],"items_purged_floors":[],"is_endless":false,"potions_floor_spawned":[6,8,11,16,18,19,25,33,40,42,46,54],"ascension_level":1}