{"gold_per_floor":[112,112,131,150,160,193,206,206,206,206,217,227,252,252,252,252],"floor_reached":16,"playtime":511,"items_purged":[],"score":160,"play_id":"467c2516-8f2d-42c1-b6ac-f24a02e23d6b","local_time":"20190219141734","is_ascension_mode":true,"campfire_choices":[{"floor":8,"key":"REST"},{"floor":10,"key":"REST"},{"data":"Warcry","floor":15,"key":"SMITH"}],"neow_cost":"NONE","seed_source_timestamp":326964491770405,"circlet_count":0,"master_deck":["Strike_R","Strike_R","Strike_R","Strike_R","Strike_R","Defend_R","Defend_R","Defend_R","Bash","Cleave","Thunderclap","Pain","True Grit","Thunderclap","Warcry+1","Warcry","Ghostly Armor","Pommel Strike","Parasite"],"relics":["Burning Blood","WarpedTongs","Shuriken","Question Card","Toxic Egg 2"],"potions_floor_usage":[6,16],"damage_taken":[{"damage":7,"enemies":"Jaw Worm","floor":1,"turns":3},{"damage":4,"enemies":"Cultist","floor":3,"turns":3},{"damage":7,"enemies":"Small Slimes","floor":4,"turns":2},{"damage":11,"enemies":"2 Fungi Beasts","floor":5,"turns":2},{"damage":31,"enemies":"Lagavulin","floor":6,"turns":5},{"damage":29,"enemies":"Exordium Wildlife","floor":7,"turns":4},{"damage":14,"enemies":"Looter","floor":11,"turns":2},{"damage":23,"enemies":"Large Slime","floor":12,"turns":4},{"damage":38,"enemies":"Gremlin Nob","floor":13,"turns":5},{"damage":31,"enemies":"The Guardian","floor":16,"turns":8}],"seed_played":"-7064229808110403348","potions_obtained":[{"floor":4,"key":"SteroidPotion"},{"floor":6,"key":"PowerPotion"},{"floor":13,"key":"Strength Potion"}],"is_trial":false,"path_per_floor":["M","?","M","M","M","E","M","R","T","R","M","M","E","?","R","B"],"character_chosen":"IRONCLAD","items_purchased":[],"campfire_rested":2,"item_purchase_floors":[],"current_hp_per_floor":[71,71,73,72,67,42,19,43,43,67,59,42,10,30,30,0],"gold":252,"neow_bonus":"TRANSFORM_CARD","is_prod":false,"is_daily":false,"chose_seed":false,"campfire_upgraded":1,"win_rate":0,"timestamp":1550564254,"path_taken":["M","?","?","M","M","E","M","R","T","R","M","M","E","?","R","BOSS"],"build_version":"2019-01-23","purchased_purges":0,"victory":false,"max_hp_per_floor":[80,80,80,80,80,80,80,80,80,80,80,80,80,80,80,80],"card_choices":[{"not_picked":["Anger","Reckless Charge"],"picked":"Thunderclap","floor":1},{"not_picked":["Power Through","Ghostly Armor"],"picked":"True Grit","floor":3},{"not_picked":["Clash","Sword Boomerang"],"picked":"Thunderclap","floor":4},{"not_picked":["Anger","Uppercut","Havoc"],"picked":"SKIP","floor":5},{"not_picked":["Anger","Uppercut","Havoc"],"picked":"SKIP","floor":5},{"not_picked":["Cleave","Thunderclap","Second Wind"],"picked":"SKIP","floor":6},{"not_picked":["Sword Boomerang","Berserk"],"picked":"Warcry","floor":7},{"not_picked":["Inflame","Armaments","Shrug It Off"],"picked":"Warcry","floor":11},{"not_picked":["Twin Strike","Wild Strike","Pommel Strike"],"picked":"Ghostly Armor","floor":12},{"not_picked":["Limit Break","Burning Pact","Perfected Strike"],"picked":"Pommel Strike","floor":13}],"player_experience":833454,"relics_obtained":[{"floor":6,"key":"Shuriken"},{"floor":9,"key":"Question Card"},{"floor":13,"key":"Toxic Egg 2"}],"event_choices":[{"damage_healed":0,"gold_gain":0,"player_choice":"Rummage","damage_taken":0,"relics_obtained":["WarpedTongs"],"max_hp_gain":0,"max_hp_loss":0,"event_name":"Accursed Blacksmith","floor":2,"gold_loss":0,"cards_obtained":["Pain"]},{"damage_healed":20,"gold_gain":0,"player_choice":"Healed and dodged fight","damage_taken":0,"max_hp_gain":0,"max_hp_loss":0,"event_name":"Mushrooms","floor":14,"gold_loss":0,"cards_obtained":["Parasite"]}],"is_beta":false,"boss_relics":[],"items_purged_floors":[],"is_endless":false,"potions_floor_spawned":[4,6,13],"killed_by":"The Guardian","ascension_level":8}