{"gold_per_floor":[117,117,134,151,168,168,195,205,205,238,256,256,268,280,280,379,379,391,316,334,334,348,379,389,389,415,415,425,425,443,462,462,564,564,578,678,678,678,731,731,750,783,783,477,477,487,487,507,507,507],"floor_reached":50,"playtime":5825,"items_purged":["Defend_R","Defend_R"],"score":583,"play_id":"65636f43-1713-4cc1-898d-1c3db018c267","local_time":"20190216133626","is_ascension_mode":false,"campfire_choices":[{"data":"Whirlwind","floor":6,"key":"SMITH"},{"floor":12,"key":"REST"},{"floor":15,"key":"REST"},{"floor":27,"key":"REST"},{"data":"Clash","floor":32,"key":"SMITH"},{"data":"Brutality","floor":40,"key":"SMITH"},{"data":"1","floor":45,"key":"LIFT"},{"data":"Clash","floor":49,"key":"SMITH"}],"neow_cost":"NONE","seed_source_timestamp":469944691699374,"circlet_count":0,"master_deck":["Strike_R","Strike_R","Strike_R","Strike_R","Strike_R","Defend_R","Defend_R","Bash+1","Twin Strike","Bash","Whirlwind+1","Perfected Strike","Twin Strike","Thunderclap","Cleave","Feed","Clash+1","Thunderclap","Flex","Reaper","Twin Strike+1","Twin Strike+1","Rage","Clash+1","Iron Wave+1","Anger+1","Clash","Pummel+1","Brutality+1","Warcry","Warcry","Flex","Impervious","Pummel+1","Blood for Blood","Anger+1","Swift Strike","Bandage Up","Warcry","True Grit+1","Flex+1","Anger"],"relics":["Black Blood","Bag of Marbles","Shuriken","Self Forming Clay","NlothsMask","Dodecahedron","Regal Pillow","Orrery","Champion Belt","Peace Pipe","Lantern","Girya","Lee\u0027s Waffle"],"potions_floor_usage":[10,16,18,30,31,33,33,39,46,50],"damage_taken":[{"damage":5,"enemies":"2 Louse","floor":1,"turns":4},{"damage":15,"enemies":"Cultist","floor":3,"turns":4},{"damage":0,"enemies":"Small Slimes","floor":4,"turns":2},{"damage":28,"enemies":"Exordium Thugs","floor":5,"turns":3},{"damage":18,"enemies":"3 Sentries","floor":7,"turns":5},{"damage":11,"enemies":"Exordium Wildlife","floor":8,"turns":2},{"damage":36,"enemies":"Lagavulin","floor":10,"turns":4},{"damage":0,"enemies":"2 Fungi Beasts","floor":11,"turns":1},{"damage":1,"enemies":"3 Louse","floor":13,"turns":3},{"damage":10,"enemies":"Looter","floor":14,"turns":2},{"damage":51,"enemies":"The Guardian","floor":16,"turns":8},{"damage":20,"enemies":"3 Byrds","floor":18,"turns":5},{"damage":10,"enemies":"Chosen","floor":20,"turns":3},{"damage":8,"enemies":"Snecko","floor":22,"turns":3},{"damage":44,"enemies":"Slavers","floor":23,"turns":4},{"damage":21,"enemies":"Snake Plant","floor":24,"turns":2},{"damage":40,"enemies":"Shelled Parasite and Fungi","floor":28,"turns":5},{"damage":9,"enemies":"3 Cultists","floor":30,"turns":4},{"damage":10,"enemies":"Sentry and Sphere","floor":31,"turns":3},{"damage":39,"enemies":"Champ","floor":33,"turns":8},{"damage":38,"enemies":"3 Darklings","floor":35,"turns":5},{"damage":0,"enemies":"Mind Bloom Boss Battle","floor":36,"turns":4},{"damage":38,"enemies":"2 Orb Walkers","floor":39,"turns":5},{"damage":8,"enemies":"Orb Walker","floor":41,"turns":2},{"damage":69,"enemies":"Reptomancer","floor":42,"turns":5},{"damage":42,"enemies":"3 Darklings","floor":46,"turns":5},{"damage":17,"enemies":"Spire Growth","floor":48,"turns":3},{"damage":110,"enemies":"Awakened One","floor":50,"turns":12}],"seed_played":"7271176593841898","potions_obtained":[{"floor":3,"key":"BloodPotion"},{"floor":4,"key":"GamblersBrew"},{"floor":11,"key":"EssenceOfSteel"},{"floor":14,"key":"Dexterity Potion"},{"floor":16,"key":"SteroidPotion"},{"floor":28,"key":"SkillPotion"},{"floor":30,"key":"SteroidPotion"},{"floor":31,"key":"Swift Potion"},{"floor":36,"key":"EssenceOfSteel"},{"floor":42,"key":"Fire Potion"},{"floor":46,"key":"Fruit Juice"},{"floor":48,"key":"Explosive Potion"}],"is_trial":false,"path_per_floor":["M","?","M","M","M","R","E","M","T","E","M","R","M","M","R","B",null,"M","$","M","?","M","E","M","T","T","R","M","?","M","M","R","B",null,"M","?","?","?","?","R","M","E","T","$","R","M","?","M","R","B"],"character_chosen":"IRONCLAD","items_purchased":["Lee\u0027s Waffle"],"campfire_rested":3,"item_purchase_floors":[44],"current_hp_per_floor":[80,80,71,77,55,55,43,38,38,16,22,46,54,50,74,29,83,73,73,82,82,83,52,44,44,44,84,60,60,74,74,74,45,89,61,81,71,71,63,63,77,27,27,99,99,76,104,101,101,0],"gold":507,"neow_bonus":"UPGRADE_CARD","is_prod":false,"is_daily":false,"chose_seed":false,"campfire_upgraded":4,"win_rate":0.0,"timestamp":1550342186,"path_taken":["M","?","M","M","M","R","E","M","T","E","?","R","M","?","R","BOSS","M","?","M","?","?","E","M","?","T","R","M","?","M","M","R","BOSS","M","?","?","?","?","R","M","E","T","$","R","?","?","M","R","BOSS"],"build_version":"2019-01-23","purchased_purges":2,"victory":false,"max_hp_per_floor":[80,80,80,80,80,80,80,80,80,80,80,80,83,83,83,83,83,83,83,83,83,83,83,86,86,86,86,86,86,89,89,89,89,89,89,89,89,89,89,89,92,92,92,99,99,104,104,104,104,104],"card_choices":[{"not_picked":["Clothesline","Pommel Strike"],"picked":"Twin Strike","floor":1},{"not_picked":["Clash","Sword Boomerang"],"picked":"Whirlwind","floor":3},{"not_picked":["Seeing Red","Anger"],"picked":"Perfected Strike","floor":4},{"not_picked":["Ghostly Armor","Infernal Blade"],"picked":"Twin Strike","floor":5},{"not_picked":["Carnage","Armaments"],"picked":"Thunderclap","floor":7},{"not_picked":["Iron Wave","Sword Boomerang"],"picked":"Cleave","floor":8},{"not_picked":["Shrug It Off","Body Slam"],"picked":"Feed","floor":10},{"not_picked":["Rupture","Perfected Strike"],"picked":"Clash","floor":11},{"not_picked":["Fire Breathing","Shrug It Off"],"picked":"Thunderclap","floor":13},{"not_picked":["Body Slam","Brutality"],"picked":"Flex","floor":14},{"not_picked":["Offering","Limit Break"],"picked":"Reaper","floor":16},{"not_picked":["Perfected Strike","Battle Trance"],"picked":"Twin Strike+1","floor":18},{"not_picked":["Flame Barrier","Intimidate+1"],"picked":"Twin Strike+1","floor":20},{"not_picked":["Perfected Strike","Flame Barrier+1"],"picked":"Rage","floor":22},{"not_picked":["Metallicize","Blood for Blood"],"picked":"Clash","floor":23},{"not_picked":["Flex","Seeing Red+1"],"picked":"Iron Wave+1","floor":24},{"not_picked":["Offering","Clothesline"],"picked":"Anger+1","floor":28},{"not_picked":["Ghostly Armor","Iron Wave"],"picked":"Shrug It Off+1","floor":30},{"not_picked":["Thunderclap+1","Armaments"],"picked":"Pummel+1","floor":31},{"not_picked":["Offering","Bludgeon"],"picked":"Brutality","floor":33},{"not_picked":["Clothesline+1","Heavy Blade"],"picked":"Warcry","floor":34},{"not_picked":["Sever Soul+1","Disarm+1"],"picked":"Warcry","floor":34},{"not_picked":["Dropkick+1","Iron Wave"],"picked":"Flex","floor":34},{"not_picked":["Armaments","Second Wind"],"picked":"Impervious","floor":34},{"not_picked":["Cleave","Iron Wave"],"picked":"Pummel+1","floor":34},{"not_picked":["Clothesline+1","Shrug It Off+1"],"picked":"Blood for Blood","floor":35},{"not_picked":["Whirlwind","Rampage+1"],"picked":"Anger+1","floor":36},{"not_picked":["Finesse","Jack Of All Trades"],"picked":"Swift Strike","floor":37},{"not_picked":["The Bomb","PanicButton"],"picked":"Panacea","floor":37},{"not_picked":["Purity","Violence"],"picked":"Bandage Up","floor":37},{"not_picked":["Twin Strike","True Grit"],"picked":"Warcry","floor":39},{"not_picked":["Dual Wield","Disarm+1","Flex"],"picked":"SKIP","floor":41},{"not_picked":["Clothesline+1","Intimidate"],"picked":"True Grit+1","floor":42},{"not_picked":["Entrench+1","Hemokinesis"],"picked":"Flex+1","floor":46},{"not_picked":["Feel No Pain","Shockwave"],"picked":"Anger","floor":48}],"player_experience":25381,"relics_obtained":[{"floor":7,"key":"Bag of Marbles"},{"floor":9,"key":"Shuriken"},{"floor":10,"key":"Self Forming Clay"},{"floor":23,"key":"Dodecahedron"},{"floor":26,"key":"Regal Pillow"},{"floor":36,"key":"Champion Belt"},{"floor":39,"key":"Peace Pipe"},{"floor":42,"key":"Lantern"},{"floor":43,"key":"Girya"}],"event_choices":[{"damage_healed":0,"gold_gain":0,"player_choice":"1 cards matched","damage_taken":0,"max_hp_gain":0,"max_hp_loss":0,"event_name":"Match and Keep!","floor":2,"gold_loss":0,"cards_obtained":["Bash"]},{"damage_healed":0,"gold_gain":0,"player_choice":"Trade","damage_taken":0,"relics_obtained":["NlothsMask"],"max_hp_gain":0,"max_hp_loss":0,"event_name":"FaceTrader","floor":21,"gold_loss":0},{"damage_healed":0,"gold_gain":0,"player_choice":"Read","damage_taken":0,"max_hp_gain":0,"max_hp_loss":0,"event_name":"The Library","floor":29,"gold_loss":0,"cards_obtained":["Clash"]},{"damage_healed":0,"gold_gain":0,"player_choice":"Fight","damage_taken":0,"max_hp_gain":0,"max_hp_loss":0,"event_name":"MindBloom","floor":36,"gold_loss":0},{"damage_healed":0,"gold_gain":0,"player_choice":"Memory 3","damage_taken":10,"max_hp_gain":0,"max_hp_loss":0,"event_name":"SensoryStone","floor":37,"gold_loss":0},{"cards_removed":["Shrug It Off"],"damage_healed":0,"gold_gain":0,"player_choice":"Removed Skill","damage_taken":0,"max_hp_gain":0,"max_hp_loss":0,"event_name":"Falling","floor":38,"gold_loss":0},{"damage_healed":0,"gold_gain":0,"player_choice":"Fight","damage_taken":0,"max_hp_gain":0,"max_hp_loss":0,"event_name":"Mysterious Sphere","floor":39,"gold_loss":0},{"cards_removed":["Panacea"],"damage_healed":28,"gold_gain":0,"player_choice":"Offered Uncommon","damage_taken":0,"max_hp_gain":0,"max_hp_loss":0,"event_name":"Bonfire Elementals","floor":47,"gold_loss":0}],"is_beta":false,"boss_relics":[{"not_picked":["Velvet Choker","Calling Bell"],"picked":"Black Blood"},{"not_picked":["Black Star","Sozu"],"picked":"Orrery"}],"items_purged_floors":[19,44],"is_endless":false,"potions_floor_spawned":[3,4,11,14,16,28,30,31,36,42,46,48],"killed_by":"Awakened One","ascension_level":0}