{"gold_per_floor":[117,134,134,134,147,147,173,173,173,173,199,199,199,229,229,306,306,322,336,336,336,355,355,372,399,399,399],"floor_reached":27,"playtime":680,"items_purged":[],"score":486,"play_id":"199644a7-ed35-4e74-9bd3-8156c7acecbf","local_time":"20190222194741","is_ascension_mode":true,"campfire_choices":[{"data":"Defragment","floor":6.0,"key":"SMITH"},{"floor":8.0,"key":"REST"},{"floor":12.0,"key":"REST"},{"floor":15.0,"key":"REST"},{"floor":23,"key":"REST"}],"neow_cost":"NONE","seed_source_timestamp":19765098871300,"circlet_count":0,"master_deck":["AscendersBane","Strike_B","Strike_B","Strike_B+1","Defend_B","Defend_B","Defend_B","Zap","Dualcast+1","Static Discharge","Redo","Defragment+1","Biased Cognition","Ball Lightning","White Noise","Beam Cell+1","Defragment","Self Repair","Electrodynamics","Auto Shields","Steam+1","Sweeping Beam+1","Conserve Battery"],"special_seed":0,"relics":["Cracked Core","Mummified Hand","Molten Egg 2","Pen Nib","Unceasing Top","Sozu","Ice Cream","Sundial"],"potions_floor_usage":[],"damage_taken":[{"damage":1.0,"enemies":"2 Louse","floor":1.0,"turns":2.0},{"damage":12.0,"enemies":"Small Slimes","floor":2.0,"turns":2.0},{"damage":0.0,"enemies":"Cultist","floor":5.0,"turns":3.0},{"damage":25.0,"enemies":"3 Sentries","floor":7.0,"turns":5.0},{"damage":17.0,"enemies":"Lagavulin","floor":11.0,"turns":4.0},{"damage":20.0,"enemies":"3 Sentries","floor":14.0,"turns":4.0},{"damage":16.0,"enemies":"Slime Boss","floor":16.0,"turns":6.0},{"damage":17,"enemies":"2 Thieves","floor":18,"turns":3},{"damage":13,"enemies":"Chosen","floor":19,"turns":4},{"damage":18,"enemies":"Snecko","floor":22,"turns":4},{"damage":18,"enemies":"Centurion and Healer","floor":24,"turns":2},{"damage":40,"enemies":"Book of Stabbing","floor":25,"turns":4},{"damage":11,"enemies":"Sentry and Sphere","floor":27,"turns":2}],"seed_played":"6530781727639326206","potions_obtained":[{"floor":2.0,"key":"AttackPotion"},{"floor":5.0,"key":"FocusPotion"},{"floor":11.0,"key":"FairyPotion"}],"is_trial":false,"path_per_floor":["M","M","?","?","M","R","E","R","T","?","E","R","?","E","R","B",null,"M","M","?","?","M","R","M","E","T","M"],"character_chosen":"DEFECT","items_purchased":[],"campfire_rested":4,"item_purchase_floors":[],"current_hp_per_floor":[63,51,56,56,56,56,31,53,53,30,13,35,35,15,37,28,64,47,41,41,41,30,52,34,7,7,0],"gold":399,"neow_bonus":"REMOVE_CARD","is_prod":false,"is_daily":false,"chose_seed":false,"campfire_upgraded":1,"win_rate":0,"timestamp":1550857661,"path_taken":["M","M","?","?","?","R","E","R","T","?","E","R","?","E","R","BOSS","M","?","?","?","M","R","M","E","T","M"],"build_version":"2019-01-23","purchased_purges":0,"victory":false,"max_hp_per_floor":[71,71,76,76,76,76,76,76,76,76,76,76,76,76,76,76,76,76,76,76,76,76,76,76,76,76,76],"card_choices":[{"not_picked":["Turbo","Storm","Reprogram"],"picked":"SKIP","floor":1.0},{"not_picked":["Go for the Eyes","Redo"],"picked":"Static Discharge","floor":2.0},{"not_picked":["Go for the Eyes","Barrage"],"picked":"Ball Lightning","floor":5.0},{"not_picked":["Storm","Loop"],"picked":"White Noise","floor":7.0},{"not_picked":["Reinforced Body","Glacier"],"picked":"Beam Cell+1","floor":11.0},{"not_picked":["Force Field","Static Discharge"],"picked":"Self Repair","floor":14.0},{"not_picked":["Rainbow","Reboot"],"picked":"Electrodynamics","floor":16.0},{"not_picked":["Stack","Coolheaded"],"picked":"Auto Shields","floor":18},{"not_picked":["Blizzard+1","Gash+1","Turbo"],"picked":"SKIP","floor":19},{"not_picked":["Turbo","Rip and Tear+1"],"picked":"Steam+1","floor":22},{"not_picked":["Skim","Loop"],"picked":"Sweeping Beam+1","floor":24},{"not_picked":["Beam Cell+1","Coolheaded"],"picked":"Conserve Battery","floor":25}],"player_experience":877295,"relics_obtained":[{"floor":7.0,"key":"Mummified Hand"},{"floor":9.0,"key":"Molten Egg 2"},{"floor":11.0,"key":"Pen Nib"},{"floor":14.0,"key":"Unceasing Top"},{"floor":25,"key":"Ice Cream"},{"floor":26,"key":"Sundial"}],"event_choices":[{"damage_healed":0.0,"max_hp_gain":5.0,"max_hp_loss":0.0,"gold_gain":0.0,"event_name":"Big Fish","player_choice":"Donut","floor":3.0,"gold_loss":0.0,"damage_taken":0.0},{"damage_healed":0.0,"max_hp_gain":0.0,"max_hp_loss":0.0,"gold_gain":0.0,"event_name":"Match and Keep!","player_choice":"3 cards matched","floor":4.0,"gold_loss":0.0,"damage_taken":0.0,"cards_obtained":["Redo","Defragment","Biased Cognition"]},{"damage_healed":0.0,"max_hp_gain":0.0,"max_hp_loss":0.0,"gold_gain":0.0,"event_name":"Shining Light","player_choice":"Entered Light","floor":10.0,"gold_loss":0.0,"damage_taken":23.0,"cards_upgraded":["Strike_B","Dualcast"]},{"damage_healed":0.0,"max_hp_gain":0.0,"max_hp_loss":0.0,"gold_gain":0.0,"cards_transformed":["Strike_B"],"event_name":"Transmorgrifier","player_choice":"Transformed","floor":13.0,"gold_loss":0.0,"damage_taken":0.0,"cards_obtained":["Defragment"]},{"damage_healed":0,"gold_gain":0,"player_choice":"Ignored","damage_taken":0,"max_hp_gain":0,"max_hp_loss":0,"event_name":"Vampires","floor":20,"gold_loss":0},{"damage_healed":0,"gold_gain":0,"player_choice":"Ignored","damage_taken":0,"max_hp_gain":0,"max_hp_loss":0,"event_name":"Ghosts","floor":21,"gold_loss":0}],"is_beta":false,"boss_relics":[{"not_picked":["Coffee Dripper","Snecko Eye"],"picked":"Sozu"}],"items_purged_floors":[],"is_endless":false,"potions_floor_spawned":[2,5,11,19,24,25],"killed_by":"Sentry and Sphere","ascension_level":19}