{"gold_per_floor":[116,116,23,39,51,51,86,34,61,93,93,109,109,128,128,202,202,221,241,16,16,16,16,51,51,51,82,98,98,111,111,111,182,182,200,211,30,30,43,43,60,60,60,77,91,38,54,54,54,54,54],"floor_reached":51,"playtime":2646,"items_purged":["Strike_B+1"],"score":1444,"play_id":"b3002b4c-6e0d-47a6-bbf5-ebe2e716e081","local_time":"20190120130005","is_ascension_mode":true,"campfire_choices":[{"floor":6.0,"key":"REST"},{"data":"FTL","floor":11.0,"key":"SMITH"},{"data":"FTL","floor":15.0,"key":"SMITH"},{"data":"Go for the Eyes","floor":23.0,"key":"SMITH"},{"floor":25.0,"key":"REST"},{"floor":32.0,"key":"REST"},{"floor":40.0,"key":"REST"},{"floor":49.0,"key":"REST"}],"neow_cost":"NONE","seed_source_timestamp":875135062211402,"circlet_count":0,"master_deck":["AscendersBane","Strike_B+1","Strike_B+1","Defend_B+1","Defend_B+1","Defend_B+1","Defend_B+1","Zap","Dualcast+1","Go for the Eyes","FTL+1","Coolheaded+1","Ball Lightning","Gash","Sweeping Beam+1","Go for the Eyes+1","All For One","Coolheaded+1","FTL+1","Seek+1","Gash","Gash","Go for the Eyes","Beam Cell+1","Hologram","Conserve Battery","Gash","Hologram+1","Beam Cell","Gash","Compile Driver","Finesse","Dark Shackles","Swift Strike","Glacier+1","Sweeping Beam","Undo+1"],"special_seed":0,"relics":["Cracked Core","Bag of Marbles","Vajra","Boot","Black Star","War Paint","Pear","Blue Candle","Whetstone","Oddly Smooth Stone","Nloth\u0027s Gift","Fusion Hammer","Omamori"],"potions_floor_usage":[],"damage_taken":[{"damage":4.0,"enemies":"2 Louse","floor":1.0,"turns":3.0},{"damage":2.0,"enemies":"Jaw Worm","floor":4.0,"turns":4.0},{"damage":1.0,"enemies":"Cultist","floor":5.0,"turns":3.0},{"damage":8.0,"enemies":"Gremlin Nob","floor":7.0,"turns":3.0},{"damage":12.0,"enemies":"3 Sentries","floor":10.0,"turns":6.0},{"damage":2.0,"enemies":"3 Louse","floor":12.0,"turns":2.0},{"damage":6.0,"enemies":"Red Slaver","floor":14.0,"turns":2.0},{"damage":0.0,"enemies":"Slime Boss","floor":16.0,"turns":6.0},{"damage":1.0,"enemies":"Shell Parasite","floor":18.0,"turns":3.0},{"damage":10.0,"enemies":"3 Byrds","floor":19.0,"turns":5.0},{"damage":30.0,"enemies":"Book of Stabbing","floor":24.0,"turns":4.0},{"damage":42.0,"enemies":"Slavers","floor":27.0,"turns":5.0},{"damage":0.0,"enemies":"Shelled Parasite and Fungi","floor":28.0,"turns":2.0},{"damage":7.0,"enemies":"Centurion and Healer","floor":30.0,"turns":4.0},{"damage":33.0,"enemies":"Automaton","floor":33.0,"turns":9.0},{"damage":0.0,"enemies":"3 Shapes","floor":35.0,"turns":3.0},{"damage":0.0,"enemies":"3 Darklings","floor":36.0,"turns":3.0},{"damage":14.0,"enemies":"Writhing Mass","floor":39.0,"turns":6.0},{"damage":13.0,"enemies":"Sphere and 2 Shapes","floor":41.0,"turns":4.0},{"damage":0.0,"enemies":"Maw","floor":44.0,"turns":4.0},{"damage":17.0,"enemies":"Jaw Worm Horde","floor":45.0,"turns":3.0},{"damage":0.0,"enemies":"4 Shapes","floor":47.0,"turns":9.0},{"damage":21.0,"enemies":"Donu and Deca","floor":50.0,"turns":9.0},{"damage":45,"enemies":"Time Eater","floor":51,"turns":9}],"seed_played":"-4526378122689053820","potions_obtained":[{"floor":4.0,"key":"Swift Potion"},{"floor":5.0,"key":"Weak Potion"},{"floor":7.0,"key":"SpeedPotion"},{"floor":10.0,"key":"Poison Potion"},{"floor":19.0,"key":"Weak Potion"},{"floor":24.0,"key":"Ancient Potion"},{"floor":28.0,"key":"SpeedPotion"},{"floor":30.0,"key":"Explosive Potion"},{"floor":36.0,"key":"Energy Potion"},{"floor":47.0,"key":"Poison Potion"}],"is_trial":false,"path_per_floor":["M","?","$","M","M","R","E","$","T","E","R","M","?","M","R","B",null,"M","M","$","?","$","R","E","R","T","E","M","?","M","?","R","B",null,"M","M","$","?","M","R","M","?","T","M","M","$","M","?","R","B","B"],"character_chosen":"DEFECT","items_purchased":["FTL","Coolheaded","Go for the Eyes","War Paint","Go for the Eyes","Gash","Compile Driver","PowerPotion"],"campfire_rested":5,"item_purchase_floors":[3,3,8,20,20,37,37,46],"current_hp_per_floor":[67,44,44,42,41,64,56,56,56,44,44,42,42,36,36,36,68,67,57,57,57,57,57,37,63,63,21,21,21,14,14,40,7,68,68,68,68,58,44,70,57,57,57,57,40,40,40,40,65,44,0],"gold":54,"neow_bonus":"TEN_PERCENT_HP_BONUS","is_prod":false,"is_daily":false,"chose_seed":false,"campfire_upgraded":3,"win_rate":0,"timestamp":1548007205,"path_taken":["M","?","$","M","M","R","E","$","T","E","R","M","?","M","R","BOSS","M","M","$","?","$","R","E","R","T","E","M","?","M","?","R","BOSS","M","M","$","?","M","R","M","?","T","M","M","$","M","?","R","BOSS","BOSS"],"build_version":"2019-01-19","purchased_purges":1,"victory":false,"max_hp_per_floor":[78,78,78,78,78,78,78,78,78,78,78,78,78,78,78,78,78,78,78,78,78,78,78,88,88,88,88,88,88,88,88,88,88,88,88,88,88,88,88,88,88,84,84,84,84,84,84,84,84,84,84],"card_choices":[{"not_picked":["Fusion","Loop"],"picked":"Go for the Eyes","floor":1.0},{"not_picked":["Capacitor","Force Field"],"picked":"Ball Lightning","floor":4.0},{"not_picked":["Chaos","Aggregate"],"picked":"Gash","floor":5.0},{"not_picked":["Core Surge","Reboot"],"picked":"Sweeping Beam","floor":7.0},{"not_picked":["Coolheaded","Redo"],"picked":"All For One","floor":10.0},{"not_picked":["Hello World","Barrage"],"picked":"Coolheaded","floor":12.0},{"not_picked":["Leap","Genetic Algorithm"],"picked":"FTL","floor":14.0},{"not_picked":["Multi-Cast","Reboot"],"picked":"Seek","floor":16.0},{"not_picked":["Sweeping Beam","Ball Lightning"],"picked":"Gash","floor":18.0},{"not_picked":["Ball Lightning","BootSequence+1"],"picked":"Gash","floor":19.0},{"not_picked":["Darkness","Conserve Battery"],"picked":"Beam Cell","floor":24.0},{"not_picked":["Turbo","Rip and Tear"],"picked":"Hologram","floor":27.0},{"not_picked":["Steam","Biased Cognition"],"picked":"Conserve Battery","floor":28.0},{"not_picked":["Reinforced Body","Compile Driver"],"picked":"Gash","floor":30.0},{"not_picked":["Turbo","Force Field"],"picked":"Hologram+1","floor":35.0},{"not_picked":["Static Discharge","Streamline"],"picked":"Beam Cell","floor":36.0},{"not_picked":["Mind Blast","Dramatic Entrance"],"picked":"Finesse","floor":38.0},{"not_picked":["Dramatic Entrance","Metamorphosis"],"picked":"Dark Shackles","floor":38.0},{"not_picked":["Purity","Sadistic Nature"],"picked":"Swift Strike","floor":38.0},{"not_picked":["Chaos","Static Discharge"],"picked":"Glacier+1","floor":39.0},{"not_picked":["Gash","Double Energy","Melter"],"picked":"SKIP","floor":41.0},{"not_picked":["Reprogram","Defragment"],"picked":"Sweeping Beam","floor":44.0},{"not_picked":["Barrage+1","Stack+1","Redo"],"picked":"SKIP","floor":45.0},{"not_picked":["Creative AI","Beam Cell"],"picked":"Undo+1","floor":47.0}],"player_experience":791229,"relics_obtained":[{"floor":7.0,"key":"Bag of Marbles"},{"floor":9.0,"key":"Vajra"},{"floor":10.0,"key":"Boot"},{"floor":24.0,"key":"Pear"},{"floor":24.0,"key":"Juzu Bracelet"},{"floor":26.0,"key":"Blue Candle"},{"floor":27.0,"key":"Whetstone"},{"floor":27.0,"key":"Oddly Smooth Stone"},{"floor":43.0,"key":"Omamori"}],"event_choices":[{"damage_healed":0.0,"max_hp_gain":0.0,"max_hp_loss":0.0,"gold_gain":0.0,"event_name":"Shining Light","player_choice":"Entered Light","floor":2.0,"gold_loss":0.0,"damage_taken":23.0,"cards_upgraded":["Defend_B","Dualcast"]},{"damage_healed":0.0,"max_hp_gain":0.0,"max_hp_loss":0.0,"gold_gain":0.0,"event_name":"Living Wall","player_choice":"Grow","floor":13.0,"gold_loss":0.0,"damage_taken":0.0,"cards_upgraded":["Coolheaded"]},{"damage_healed":0.0,"max_hp_gain":0.0,"max_hp_loss":0.0,"gold_gain":0.0,"event_name":"The Mausoleum","player_choice":"Ignored","floor":21.0,"gold_loss":0.0,"damage_taken":0.0},{"damage_healed":0.0,"max_hp_gain":0.0,"max_hp_loss":0.0,"gold_gain":0.0,"event_name":"Back to Basics","player_choice":"Simplicity","floor":29.0,"gold_loss":0.0,"damage_taken":0.0,"cards_upgraded":["Strike_B","Strike_B","Strike_B","Strike_B","Defend_B","Defend_B","Defend_B"]},{"damage_healed":0.0,"max_hp_gain":0.0,"max_hp_loss":0.0,"gold_gain":0.0,"event_name":"N\u0027loth","player_choice":"Traded Relic","floor":31.0,"relics_lost":["Juzu Bracelet"],"gold_loss":0.0,"damage_taken":0.0,"relics_obtained":["Nloth\u0027s Gift"]},{"damage_healed":0.0,"max_hp_gain":0.0,"max_hp_loss":0.0,"gold_gain":0.0,"event_name":"SensoryStone","player_choice":"Memory 3","floor":38.0,"gold_loss":0.0,"damage_taken":10.0},{"damage_healed":0.0,"max_hp_gain":0.0,"max_hp_loss":4.0,"gold_gain":0.0,"event_name":"Winding Halls","player_choice":"Max HP","floor":42.0,"gold_loss":0.0,"damage_taken":0.0},{"cards_removed":["Strike_B"],"damage_healed":0.0,"max_hp_gain":0.0,"max_hp_loss":0.0,"gold_gain":0.0,"event_name":"Purifier","player_choice":"Purged","floor":48.0,"gold_loss":0.0,"damage_taken":0.0}],"is_beta":true,"boss_relics":[{"not_picked":["Calling Bell","Pandora\u0027s Box"],"picked":"Black Star"},{"not_picked":["Coffee Dripper","Snecko Eye"],"picked":"Fusion Hammer"}],"items_purged_floors":[37],"is_endless":false,"potions_floor_spawned":[4,5,7,10,19,24,28,30,36,39,47],"killed_by":"Time Eater","ascension_level":20}