{"gold_per_floor":[116,134,206,206,267,267,286,286,331,331,73,89,89,45,45,122,122,136,156,206,216,266,266,316],"floor_reached":24,"playtime":587,"items_purged":["Defend_B"],"score":372,"play_id":"cc92a48f-ccda-4102-8dbc-753daeb0dac2","local_time":"20190223034510","is_ascension_mode":true,"campfire_choices":[{"data":"Zap","floor":6,"key":"SMITH"},{"data":"Self Repair","floor":8,"key":"SMITH"},{"data":"Dualcast","floor":10,"key":"SMITH"},{"data":"Defragment","floor":13,"key":"SMITH"},{"data":"Loop","floor":15,"key":"SMITH"},{"floor":23,"key":"REST"}],"neow_cost":"NONE","seed_source_timestamp":48546526255100,"circlet_count":0,"master_deck":["AscendersBane","Strike_B","Strike_B","Strike_B","Strike_B","Zap+1","Dualcast+1","BootSequence","Steam+1","Self Repair+1","Defragment+1","Ball Lightning","Auto Shields+1","Conserve Battery+1","Loop+1","Echo Form","Darkness+1","Hologram+1","Recycle+1","Core Surge","White Noise+1"],"relics":["Cracked Core","NeowsBlessing","Toxic Egg 2","SsserpentHead","Art of War","Sozu"],"potions_floor_usage":[16,21],"damage_taken":[{"damage":0,"enemies":"Cultist","floor":1,"turns":1},{"damage":0,"enemies":"Small Slimes","floor":2,"turns":1},{"damage":0,"enemies":"Jaw Worm","floor":5,"turns":1},{"damage":2,"enemies":"3 Louse","floor":7,"turns":4},{"damage":0,"enemies":"Red Slaver","floor":12,"turns":4},{"damage":28,"enemies":"Hexaghost","floor":16,"turns":9},{"damage":11,"enemies":"Shell Parasite","floor":18,"turns":4},{"damage":24,"enemies":"3 Byrds","floor":19,"turns":5},{"damage":21,"enemies":"Sentry and Sphere","floor":21,"turns":4},{"damage":33,"enemies":"Snake Plant","floor":24,"turns":3}],"seed_played":"-3257059230415275059","potions_obtained":[{"floor":2,"key":"GamblersBrew"},{"floor":7,"key":"Swift Potion"},{"floor":12,"key":"SpeedPotion"}],"is_trial":false,"path_per_floor":["M","M","T","?","M","R","M","R","T","R","$","M","R","$","R","B",null,"M","M","?","M","?","R","M"],"character_chosen":"DEFECT","items_purchased":["Defragment","Ball Lightning","Auto Shields+1","Conserve Battery+1","Loop"],"campfire_rested":1,"item_purchase_floors":[11,11,11,14,14],"current_hp_per_floor":[64,64,64,64,64,64,62,62,62,62,62,71,71,71,71,53,67,56,32,32,11,11,32,0],"gold":316,"neow_bonus":"THREE_ENEMY_KILL","is_prod":false,"is_daily":false,"chose_seed":false,"campfire_upgraded":5,"win_rate":0,"timestamp":1550886310,"path_taken":["M","M","?","?","?","R","M","R","T","R","$","M","R","?","R","BOSS","M","M","?","M","?","R","?"],"build_version":"2019-01-23","purchased_purges":1,"victory":false,"max_hp_per_floor":[71,71,71,71,71,71,71,71,71,71,71,71,71,71,71,71,71,71,71,71,71,71,71,71],"card_choices":[{"not_picked":["Hologram","Beam Cell","Rebound"],"picked":"SKIP","floor":1},{"not_picked":["Hologram","Gash"],"picked":"BootSequence","floor":2},{"not_picked":["Redo+1","Lockon"],"picked":"Steam+1","floor":5},{"not_picked":["Beam Cell","Chaos+1"],"picked":"Self Repair","floor":7},{"not_picked":["Compile Driver","Leap+1","Go for the Eyes"],"picked":"SKIP","floor":12},{"not_picked":["All For One","Amplify+1"],"picked":"Echo Form","floor":16},{"not_picked":["Barrage","Consume+1"],"picked":"Darkness+1","floor":18},{"not_picked":["Stack+1","Go for the Eyes"],"picked":"Hologram+1","floor":19},{"not_picked":["Sweeping Beam","Turbo+1"],"picked":"White Noise+1","floor":21}],"player_experience":903942,"relics_obtained":[{"floor":3,"key":"Toxic Egg 2"},{"floor":9,"key":"Art of War"}],"event_choices":[{"damage_healed":0,"gold_gain":0,"player_choice":"Trade","damage_taken":0,"relics_obtained":["SsserpentHead"],"max_hp_gain":0,"max_hp_loss":0,"event_name":"FaceTrader","floor":4,"gold_loss":0},{"damage_healed":0,"gold_gain":0,"cards_transformed":["Defend_B","Defend_B"],"player_choice":"Became Test Subject","damage_taken":0,"max_hp_gain":0,"max_hp_loss":0,"event_name":"Drug Dealer","floor":20,"gold_loss":0,"cards_obtained":["Recycle","Core Surge"]},{"cards_removed":["Defend_B"],"damage_healed":0,"gold_gain":0,"player_choice":"Card Removal","damage_taken":0,"max_hp_gain":0,"max_hp_loss":0,"event_name":"Wheel of Change","floor":22,"gold_loss":0}],"is_beta":false,"boss_relics":[{"not_picked":["Velvet Choker","Cursed Key"],"picked":"Sozu"}],"items_purged_floors":[11],"is_endless":false,"potions_floor_spawned":[2,7,12,21],"killed_by":"Snake Plant","ascension_level":20}