{"gold_per_floor":[117,136,136,286,19,19,49,49,49,7,41,41,51,51,51,126,126,139,2,13,26,26,26,26],"floor_reached":24,"playtime":944,"items_purged":["Doubt"],"score":454,"play_id":"4862aedd-1710-46e7-95f7-1c182515f39f","local_time":"20190108144038","is_ascension_mode":true,"campfire_choices":[{"data":"Deadly Poison","floor":6,"key":"SMITH"},{"floor":8,"key":"REST"},{"data":"Catalyst","floor":15,"key":"SMITH"},{"data":"Strike_G","floor":23,"key":"PURGE"}],"neow_cost":"NONE","seed_source_timestamp":102142159626158,"circlet_count":0,"master_deck":["AscendersBane","Defend_G+1","Defend_G","Defend_G","Defend_G","Defend_G","Strike_G+1","Strike_G","Strike_G","Strike_G","Survivor","Neutralize","Cloak And Dagger","Deadly Poison+1","Well Laid Plans","Bouncing Flask","Well Laid Plans","Backflip","Catalyst+1","Night Terror","Cloak And Dagger","Die Die Die","Dash","Footwork","Cloak And Dagger","Deflect","Writhe"],"relics":["Ring of the Snake","Snake Skull","Peace Pipe","Strawberry","Coffee Dripper","Bird Faced Urn"],"potions_floor_usage":[11,18,24,24],"damage_taken":[{"damage":1,"enemies":"2 Louse","floor":1,"turns":6},{"damage":4,"enemies":"Cultist","floor":2,"turns":4},{"damage":21,"enemies":"Gremlin Nob","floor":7,"turns":4},{"damage":2,"enemies":"Lagavulin","floor":11,"turns":6},{"damage":0,"enemies":"Small Slimes","floor":13,"turns":3},{"damage":13,"enemies":"The Guardian","floor":16,"turns":9},{"damage":29,"enemies":"2 Thieves","floor":18,"turns":5},{"damage":6,"enemies":"Chosen","floor":20,"turns":4},{"damage":8,"enemies":"Centurion and Healer","floor":21,"turns":8},{"damage":34,"enemies":"Slavers","floor":24,"turns":4}],"seed_played":"4195111982794076611","potions_obtained":[{"floor":7,"key":"Block Potion"},{"floor":16,"key":"Ancient Potion"},{"floor":20,"key":"Weak Potion"}],"is_trial":false,"path_per_floor":["M","M","?","?","$","R","E","R","T","$","E","?","M","?","R","B",null,"M","$","M","M","?","R","E"],"character_chosen":"THE_SILENT","items_purchased":["Deadly Poison","Well Laid Plans","Dexterity Potion","Well Laid Plans","Footwork","Cloak And Dagger"],"campfire_rested":1,"item_purchase_floors":[5,5,5,10,19,19],"current_hp_per_floor":[64,60,38,38,38,38,17,38,38,38,43,48,48,48,48,35,68,39,39,33,25,25,25,0],"gold":26,"neow_bonus":"TEN_PERCENT_HP_BONUS","is_prod":false,"is_daily":false,"chose_seed":false,"campfire_upgraded":2,"win_rate":0,"timestamp":1546976438,"path_taken":["M","M","?","?","$","R","E","R","T","$","E","?","?","?","R","BOSS","M","$","M","M","?","R","E"],"build_version":"2019-01-07","purchased_purges":1,"victory":false,"max_hp_per_floor":[72,72,72,72,72,72,72,72,72,72,79,79,79,79,79,79,79,79,79,79,79,79,79,79],"card_choices":[{"not_picked":["Prepared","Bane"],"picked":"Dagger Throw","floor":1},{"not_picked":["Expertise","Heel Hook"],"picked":"Cloak And Dagger","floor":2},{"not_picked":["Infinite Blades","Backflip"],"picked":"Bouncing Flask","floor":7},{"not_picked":["Dagger Throw","Poisoned Stab"],"picked":"Backflip","floor":11},{"not_picked":["Cloak And Dagger","Prepared"],"picked":"Catalyst","floor":13},{"not_picked":["Phantasmal Killer","Burst"],"picked":"Die Die Die","floor":16},{"not_picked":["Reflex","Poisoned Stab"],"picked":"Dash","floor":18},{"not_picked":["Underhanded Strike","Distraction"],"picked":"Deflect","floor":20},{"not_picked":["Underhanded Strike+1","Slice+1","Finisher"],"picked":"SKIP","floor":21}],"player_experience":725271,"relics_obtained":[{"floor":7,"key":"Snake Skull"},{"floor":9,"key":"Peace Pipe"},{"floor":11,"key":"Strawberry"}],"event_choices":[{"damage_healed":0,"gold_gain":0,"player_choice":"Entered Light","damage_taken":22,"max_hp_gain":0,"max_hp_loss":0,"event_name":"Shining Light","floor":3,"gold_loss":0,"cards_upgraded":["Defend_G","Strike_G"]},{"damage_healed":0,"gold_gain":150,"player_choice":"AGREE","damage_taken":0,"max_hp_gain":0,"max_hp_loss":0,"event_name":"Liars Game","floor":4,"gold_loss":0,"cards_obtained":["Doubt"]},{"cards_removed":["Dagger Throw"],"damage_healed":5,"gold_gain":0,"player_choice":"Offered Common","damage_taken":0,"max_hp_gain":0,"max_hp_loss":0,"event_name":"Bonfire Elementals","floor":12,"gold_loss":0},{"cards_removed":["Dagger Throw"],"damage_healed":5,"gold_gain":0,"player_choice":"Offered Special","damage_taken":0,"max_hp_gain":0,"max_hp_loss":0,"event_name":"Bonfire Elementals","floor":12,"gold_loss":0},{"damage_healed":0,"gold_gain":0,"player_choice":"2 cards matched","damage_taken":0,"max_hp_gain":0,"max_hp_loss":0,"event_name":"Match and Keep!","floor":14,"gold_loss":0,"cards_obtained":["Night Terror","Cloak And Dagger"]},{"damage_healed":0,"gold_gain":0,"player_choice":"Opened","damage_taken":0,"relics_obtained":["Bird Faced Urn"],"max_hp_gain":0,"max_hp_loss":0,"event_name":"The Mausoleum","floor":22,"gold_loss":0,"cards_obtained":["Writhe"]}],"is_beta":true,"boss_relics":[{"not_picked":["Astrolabe","Ring of the Serpent"],"picked":"Coffee Dripper"}],"items_purged_floors":[5],"is_endless":false,"potions_floor_spawned":[7,16,20],"killed_by":"Slavers","ascension_level":20}