{"gold_per_floor":[110,130,140,11,11,11,45,72,155,167,206,218,253,265,277,289],"floor_reached":16,"playtime":821,"items_purged":["Strike_G"],"score":173,"play_id":"7f113d98-5e9b-4f09-91a5-60865dea8920","local_time":"20190217181629","is_ascension_mode":true,"campfire_choices":[{"data":"Malaise","floor":6,"key":"SMITH"},{"floor":10,"key":"REST"},{"floor":12,"key":"REST"},{"floor":15,"key":"REST"}],"neow_cost":"NONE","seed_source_timestamp":25200987853445,"circlet_count":0,"master_deck":["AscendersBane","Defend_G","Defend_G","Defend_G","Defend_G","Defend_G","Strike_G","Strike_G","Strike_G","Strike_G","Survivor","Neutralize","Malaise+1","Dagger Throw","Escape Plan","Sucker Punch","Regret","Doppelganger","Quick Slash","Crippling Poison+1","Calculated Gamble+1"],"relics":["Ring of the Snake","Calipers","MawBank","Toxic Egg 2","Peace Pipe","Odd Mushroom","Orichalcum"],"potions_floor_usage":[3,11],"damage_taken":[{"damage":0,"enemies":"Cultist","floor":1,"turns":5},{"damage":0,"enemies":"Small Slimes","floor":2,"turns":3},{"damage":0,"enemies":"Jaw Worm","floor":3,"turns":5},{"damage":39,"enemies":"Lagavulin","floor":7,"turns":12},{"damage":7,"enemies":"Large Slime","floor":8,"turns":8},{"damage":34,"enemies":"3 Sentries","floor":11,"turns":13},{"damage":26,"enemies":"The Mushroom Lair","floor":13,"turns":5},{"damage":47,"enemies":"The Guardian","floor":16,"turns":12}],"seed_played":"-7984533176397129541","potions_obtained":[{"floor":2,"key":"Block Potion"},{"floor":3,"key":"Fruit Juice"},{"floor":13,"key":"SpeedPotion"}],"is_trial":false,"path_per_floor":["M","M","M","$","?","R","E","M","T","R","E","R","?","T","R","B"],"character_chosen":"THE_SILENT","items_purchased":["Sucker Punch"],"campfire_rested":3,"item_purchase_floors":[4],"current_hp_per_floor":[63,63,68,68,68,68,29,22,22,44,10,32,6,6,28,0],"gold":289,"neow_bonus":"ONE_RANDOM_RARE_CARD","is_prod":false,"is_daily":false,"chose_seed":false,"campfire_upgraded":1,"win_rate":0,"timestamp":1550456189,"path_taken":["M","M","?","$","?","R","E","M","T","R","E","R","?","?","R","BOSS"],"build_version":"2019-01-23","purchased_purges":1,"victory":false,"max_hp_per_floor":[70,70,75,75,75,75,75,75,75,75,75,75,75,75,75,75],"card_choices":[{"not_picked":["Endless Agony","Accuracy"],"picked":"Dagger Throw","floor":1},{"not_picked":["Underhanded Strike","Flechettes","Deflect"],"picked":"SKIP","floor":2},{"not_picked":["Underhanded Strike","Accuracy"],"picked":"Escape Plan","floor":3},{"not_picked":["Deflect","Leg Sweep"],"picked":"Doppelganger","floor":7},{"not_picked":["Dash","Cloak And Dagger"],"picked":"Quick Slash","floor":8},{"not_picked":["Underhanded Strike","Finisher"],"picked":"Crippling Poison+1","floor":11},{"not_picked":["Flying Knee","Endless Agony"],"picked":"Calculated Gamble+1","floor":13}],"player_experience":193464,"relics_obtained":[{"floor":7,"key":"MawBank"},{"floor":9,"key":"Toxic Egg 2"},{"floor":11,"key":"Peace Pipe"},{"floor":13,"key":"Odd Mushroom"},{"floor":14,"key":"Orichalcum"}],"event_choices":[{"damage_healed":0,"gold_gain":0,"player_choice":"Box","damage_taken":0,"relics_obtained":["Calipers"],"max_hp_gain":0,"max_hp_loss":0,"event_name":"Big Fish","floor":5,"gold_loss":0,"cards_obtained":["Regret"]},{"damage_healed":0,"gold_gain":0,"player_choice":"Fought Mushrooms","damage_taken":0,"max_hp_gain":0,"max_hp_loss":0,"event_name":"Mushrooms","floor":13,"gold_loss":0}],"is_beta":false,"boss_relics":[],"items_purged_floors":[4],"is_endless":false,"potions_floor_spawned":[2,3,13],"killed_by":"The Guardian","ascension_level":12}