{"gold_per_floor":[119,129,204,214,232,232,260,260],"floor_reached":8,"playtime":214,"items_purged":[],"score":99,"play_id":"05890ffa-5114-453f-bbc2-f346029be353","local_time":"20181205150112","is_ascension_mode":true,"campfire_choices":[{"data":"Zap","floor":6,"key":"SMITH"}],"neow_cost":"NONE","seed_source_timestamp":122225719234972,"circlet_count":0,"master_deck":["AscendersBane","Strike_B","Strike_B","Strike_B","Strike_B","Defend_B","Defend_B","Defend_B","Defend_B","Zap+1","Dualcast","White Noise","Self Repair","Conserve Battery","Streamline","Electrodynamics"],"relics":["Cracked Core","Dodecahedron","GremlinMask"],"potions_floor_usage":[],"damage_taken":[{"damage":5,"enemies":"2 Louse","floor":1,"turns":3},{"damage":1,"enemies":"Cultist","floor":2,"turns":3},{"damage":2,"enemies":"Jaw Worm","floor":4,"turns":3},{"damage":11,"enemies":"Large Slime","floor":5,"turns":8},{"damage":13,"enemies":"3 Sentries","floor":7,"turns":4}],"seed_played":"-3755507453699754098","potions_obtained":[{"floor":4,"key":"Poison Potion"}],"is_trial":false,"path_per_floor":["M","M","?","M","M","R","E","?"],"character_chosen":"DEFECT","items_purchased":[],"campfire_rested":0,"item_purchase_floors":[],"current_hp_per_floor":[66,65,54,59,55,55,42,42],"gold":260,"neow_bonus":"TEN_PERCENT_HP_BONUS","is_prod":false,"is_daily":false,"chose_seed":false,"campfire_upgraded":1,"win_rate":0,"timestamp":1543989672,"path_taken":["M","M","?","M","M","R","E","?"],"build_version":"2018-11-15","purchased_purges":0,"victory":false,"max_hp_per_floor":[78,78,78,78,78,78,78,78],"card_choices":[{"not_picked":["Sweeping Beam","Rebound"],"picked":"White Noise","floor":1},{"not_picked":["Beam Cell","Coolheaded"],"picked":"Self Repair","floor":2},{"not_picked":["Consume","Hologram"],"picked":"Conserve Battery","floor":4},{"not_picked":["Turbo","Sweeping Beam"],"picked":"Streamline","floor":5},{"not_picked":["Sunder","Seek"],"picked":"Electrodynamics","floor":7}],"player_experience":934037,"relics_obtained":[{"floor":7,"key":"Dodecahedron"}],"event_choices":[{"damage_healed":0,"gold_gain":75,"player_choice":"Gather Gold","damage_taken":11,"max_hp_gain":0,"max_hp_loss":0,"event_name":"World of Goop","floor":3,"gold_loss":0},{"damage_healed":0,"gold_gain":0,"player_choice":"Trade","damage_taken":0,"relics_obtained":["GremlinMask"],"max_hp_gain":0,"max_hp_loss":0,"event_name":"FaceTrader","floor":8,"gold_loss":0}],"is_beta":false,"boss_relics":[],"items_purged_floors":[],"is_endless":false,"potions_floor_spawned":[4],"ascension_level":14}