{"gold_per_floor":[114,114,18,28,28,28,54,54,54,71,83,98,98,116,116,219,219,236,161,161,161,177,206,34,34,34,52,65,77,104,124,124,220,220,235,254,129,147,162,162,180,180,262,262,112,129,141,141,141,141],"floor_reached":51,"playtime":10472,"items_purged":["Defend_R","Strike_R","Spot Weakness+1","Normality"],"score":718,"play_id":"fb7d1b7f-a42f-40a2-9ef5-6e1a654a82d8","local_time":"20190219192455","is_ascension_mode":false,"campfire_choices":[{"data":"Shrug It Off","floor":6,"key":"SMITH"},{"data":"Ghostly Armor","floor":8,"key":"SMITH"},{"floor":15,"key":"REST"},{"data":"Body Slam","floor":25,"key":"SMITH"},{"floor":32,"key":"REST"},{"floor":40,"key":"REST"},{"floor":42,"key":"REST"},{"floor":49,"key":"REST"}],"neow_cost":"TEN_PERCENT_HP_LOSS","seed_source_timestamp":58510297597328,"circlet_count":0,"master_deck":["Strike_R+1","Defend_R","Body Slam+1","Shrug It Off+1","Brutality+1","Ghostly Armor+1","Shrug It Off","Offering","Barricade","Warcry+1","Body Slam","Juggernaut","Entrench","Body Slam","Juggernaut","Evolve+1","Berserk+1","Shrug It Off"],"relics":["Burning Blood","Bottled Tornado","Philosopher\u0027s Stone","Nloth\u0027s Gift","Bottled Lightning","Thread and Needle","Anchor","Astrolabe","Shuriken"],"potions_floor_usage":[10,14,16,23,30,30,35,46,47],"damage_taken":[{"damage":4,"enemies":"2 Louse","floor":1,"turns":4},{"damage":0,"enemies":"Jaw Worm","floor":4,"turns":3},{"damage":65,"enemies":"Lagavulin","floor":7,"turns":11},{"damage":3,"enemies":"Cultist","floor":10,"turns":4},{"damage":7,"enemies":"Looter","floor":11,"turns":3},{"damage":6,"enemies":"Large Slime","floor":12,"turns":7},{"damage":5,"enemies":"Exordium Wildlife","floor":14,"turns":6},{"damage":40,"enemies":"The Guardian","floor":16,"turns":16},{"damage":17,"enemies":"2 Thieves","floor":18,"turns":5},{"damage":3,"enemies":"Spheric Guardian","floor":22,"turns":4},{"damage":27,"enemies":"Book of Stabbing","floor":23,"turns":7},{"damage":8,"enemies":"Centurion and Healer","floor":27,"turns":3},{"damage":16,"enemies":"Snake Plant","floor":28,"turns":4},{"damage":18,"enemies":"Shelled Parasite and Fungi","floor":29,"turns":3},{"damage":12,"enemies":"Gremlin Leader","floor":30,"turns":4},{"damage":10,"enemies":"Snecko","floor":31,"turns":4},{"damage":6,"enemies":"Collector","floor":33,"turns":7},{"damage":2,"enemies":"3 Shapes","floor":35,"turns":3},{"damage":34,"enemies":"Orb Walker","floor":36,"turns":4},{"damage":32,"enemies":"Spire Growth","floor":38,"turns":4},{"damage":4,"enemies":"Maw","floor":39,"turns":5},{"damage":10,"enemies":"Writhing Mass","floor":41,"turns":5},{"damage":16,"enemies":"Transient","floor":46,"turns":5},{"damage":9,"enemies":"Jaw Worm Horde","floor":47,"turns":4},{"damage":50,"enemies":"Donu and Deca","floor":50,"turns":7}],"seed_played":"4361967131939037935","potions_obtained":[{"floor":7,"key":"Regen Potion"},{"floor":10,"key":"Poison Potion"},{"floor":12,"key":"Regen Potion"},{"floor":18,"key":"Weak Potion"},{"floor":23,"key":"Dexterity Potion"},{"floor":28,"key":"GamblersBrew"},{"floor":29,"key":"Explosive Potion"},{"floor":39,"key":"Fire Potion"},{"floor":46,"key":"SkillPotion"}],"is_trial":false,"path_per_floor":["M","?","$","M","?","R","E","R","T","M","M","M","?","M","R","B",null,"M","$","?","?","M","E","$","R","T","M","M","M","E","M","R","B",null,"M","M","$","M","M","R","M","R","T","?","$","M","M","$","R","B",null],"character_chosen":"IRONCLAD","items_purchased":["Body Slam","Shrug It Off","Entrench"],"campfire_rested":5,"item_purchase_floors":[3,3,24],"current_hp_per_floor":[72,77,77,77,77,77,18,18,18,33,32,32,17,32,55,21,77,66,66,66,66,69,48,48,48,48,46,36,24,18,14,37,37,77,77,49,49,23,25,48,44,67,67,67,67,57,54,54,74,30],"gold":141,"neow_bonus":"REMOVE_TWO","is_prod":false,"is_daily":false,"chose_seed":false,"campfire_upgraded":3,"win_rate":0.0,"timestamp":1550622295,"path_taken":["M","?","$","M","?","R","E","R","T","?","M","M","?","M","R","BOSS","M","$","?","?","M","E","$","R","T","?","M","M","E","M","R","BOSS","M","M","$","M","M","R","M","R","T","?","$","M","M","$","R","BOSS"],"build_version":"2019-01-23","purchased_purges":4,"victory":true,"max_hp_per_floor":[72,77,77,77,77,77,77,77,77,77,77,77,77,77,77,77,77,77,77,77,77,77,77,77,77,77,77,77,77,77,77,77,77,77,77,77,77,77,77,77,77,77,77,74,74,74,74,74,74,74],"card_choices":[{"not_picked":["Clash","Clothesline","Sword Boomerang"],"picked":"SKIP","floor":1},{"not_picked":["Thunderclap","Feel No Pain","Whirlwind"],"picked":"SKIP","floor":4},{"not_picked":["Wild Strike","Warcry"],"picked":"Ghostly Armor","floor":7},{"not_picked":["Fiend Fire","Havoc","Headbutt"],"picked":"SKIP","floor":10},{"not_picked":["Intimidate","Sword Boomerang"],"picked":"Shrug It Off","floor":11},{"not_picked":["Havoc","Combust"],"picked":"Offering","floor":12},{"not_picked":["Heavy Blade","Sword Boomerang","Havoc"],"picked":"SKIP","floor":14},{"not_picked":["Bludgeon","Double Tap"],"picked":"Barricade","floor":16},{"not_picked":["Headbutt","True Grit"],"picked":"Warcry+1","floor":18},{"not_picked":["Cleave","Heavy Blade+1"],"picked":"Body Slam","floor":22},{"not_picked":["Pommel Strike","Havoc"],"picked":"Juggernaut","floor":23},{"not_picked":["Armaments","Thunderclap+1","Havoc+1"],"picked":"SKIP","floor":27},{"not_picked":["Thunderclap","Flex","True Grit"],"picked":"SKIP","floor":28},{"not_picked":["Feed","Flex","Dropkick"],"picked":"SKIP","floor":29},{"not_picked":["Reaper","Iron Wave+1"],"picked":"Body Slam","floor":30},{"not_picked":["Sword Boomerang+1","Corruption+1","Wild Strike"],"picked":"SKIP","floor":31},{"not_picked":["Double Tap","Feed"],"picked":"Juggernaut","floor":33},{"not_picked":["Clothesline+1","Bloodletting+1","Wild Strike+1"],"picked":"SKIP","floor":35},{"not_picked":["Clothesline+1","Fire Breathing","Flex"],"picked":"SKIP","floor":36},{"not_picked":["Thunderclap","Perfected Strike+1"],"picked":"Shrug It Off","floor":38},{"not_picked":["Sword Boomerang","Bloodletting+1","Fiend Fire"],"picked":"SKIP","floor":39},{"not_picked":["Headbutt","Armaments","Disarm+1"],"picked":"SKIP","floor":41},{"not_picked":["Clash+1","Power Through+1","Bludgeon"],"picked":"SKIP","floor":46},{"not_picked":["Second Wind","Clothesline+1","Twin Strike"],"picked":"SKIP","floor":47}],"player_experience":98242,"relics_obtained":[{"floor":7,"key":"Omamori"},{"floor":9,"key":"Bottled Tornado"},{"floor":23,"key":"Bottled Lightning"},{"floor":26,"key":"Thread and Needle"},{"floor":30,"key":"Anchor"},{"floor":43,"key":"Shuriken"}],"event_choices":[{"damage_healed":0,"gold_gain":0,"player_choice":"Donut","damage_taken":0,"max_hp_gain":5,"max_hp_loss":0,"event_name":"Big Fish","floor":2,"gold_loss":0},{"damage_healed":0,"gold_gain":0,"player_choice":"1 cards matched","damage_taken":0,"max_hp_gain":0,"max_hp_loss":0,"event_name":"Match and Keep!","floor":5,"gold_loss":0,"cards_obtained":["Brutality"]},{"damage_healed":0,"gold_gain":0,"player_choice":"Entered Light","damage_taken":15,"max_hp_gain":0,"max_hp_loss":0,"event_name":"Shining Light","floor":13,"gold_loss":0,"cards_upgraded":["Brutality","Strike_R"]},{"cards_removed":["Defend_R"],"damage_healed":0,"gold_gain":0,"player_choice":"Elegance","damage_taken":0,"max_hp_gain":0,"max_hp_loss":0,"event_name":"Back to Basics","floor":20,"gold_loss":0},{"damage_healed":0,"gold_gain":0,"player_choice":"Traded Relic","damage_taken":0,"relics_obtained":["Nloth\u0027s Gift"],"max_hp_gain":0,"max_hp_loss":0,"event_name":"N\u0027loth","floor":21,"relics_lost":["Omamori"],"gold_loss":0},{"damage_healed":0,"gold_gain":0,"cards_transformed":["Parasite"],"player_choice":"Transformed","damage_taken":0,"max_hp_gain":0,"max_hp_loss":0,"event_name":"Transmorgrifier","floor":44,"gold_loss":0,"cards_obtained":["Normality"]}],"is_beta":false,"boss_relics":[{"not_picked":["Mark of Pain","Snecko Eye"],"picked":"Philosopher\u0027s Stone"},{"not_picked":["Cursed Key","Fusion Hammer"],"picked":"Astrolabe"}],"items_purged_floors":[19,24,37,45],"is_endless":false,"potions_floor_spawned":[7,10,12,18,23,28,29,39,46],"ascension_level":0}