{"gold_per_floor":[117,132,132,144,162,162,162,191,217,235,235,235,235,246,246,347,347,366,386,311,30,130,163,163,163,186,186,186,213,213,213,213,310,310,326,326,60,60,76,133,133,233,233,262,280,313,330,37,37,37],"floor_reached":51,"playtime":5407,"items_purged":[],"score":781,"play_id":"e0a5522b-548e-49f4-95d6-6e258e7a2328","local_time":"20181204003715","is_ascension_mode":true,"campfire_choices":[{"data":"Neutralize","floor":6.0,"key":"SMITH"},{"floor":15.0,"key":"REST"},{"floor":24.0,"key":"REST"},{"data":"Prepared","floor":27.0,"key":"SMITH"},{"data":"Noxious Fumes","floor":30.0,"key":"SMITH"},{"floor":32.0,"key":"REST"},{"data":"Tools of the Trade","floor":41.0,"key":"SMITH"},{"floor":49,"key":"REST"}],"neow_cost":"NONE","seed_source_timestamp":0,"circlet_count":0,"master_deck":["Defend_G+1","Defend_G","Defend_G","Defend_G","Strike_G","Strike_G","Survivor+1","Neutralize+1","Flying Knee","Skewer+1","Acrobatics","Noxious Fumes+1","Tools of the Trade+1","Underhanded Strike+1","Tools of the Trade","Dodge and Roll","Dagger Throw+1","Leg Sweep","Prepared+1","Writhe","Malaise","Outmaneuver","Tactician","Backflip+1","Venomology","Skewer+1","Concentrate","Well Laid Plans+1"],"special_seed":0,"relics":["Ring of the Snake","NeowsBlessing","Molten Egg 2","Tough Bandages","Bag of Preparation","Oddly Smooth Stone","Empty Cage","Happy Flower","Thread and Needle","Frozen Egg 2","Art of War","Juzu Bracelet","MutagenicStrength","War Paint","Ginger","Sozu","TheAbacus","Tiny Chest","Tingsha","Meat on the Bone","Prayer Wheel","Smiling Mask","Calipers"],"potions_floor_usage":[],"damage_taken":[{"damage":0.0,"enemies":"Small Slimes","floor":1.0,"turns":1.0},{"damage":0.0,"enemies":"Cultist","floor":2.0,"turns":1.0},{"damage":0.0,"enemies":"2 Louse","floor":4.0,"turns":1.0},{"damage":12.0,"enemies":"Blue Slaver","floor":5.0,"turns":3.0},{"damage":23.0,"enemies":"Gremlin Nob","floor":8.0,"turns":5.0},{"damage":6.0,"enemies":"3 Louse","floor":10.0,"turns":4.0},{"damage":0.0,"enemies":"Exordium Wildlife","floor":14.0,"turns":3.0},{"damage":27.0,"enemies":"Hexaghost","floor":16.0,"turns":10.0},{"damage":0.0,"enemies":"Chosen","floor":18.0,"turns":5.0},{"damage":2.0,"enemies":"Shell Parasite","floor":19.0,"turns":5.0},{"damage":19.0,"enemies":"Colosseum Slavers","floor":22.0,"turns":4.0},{"damage":25.0,"enemies":"Colosseum Nobs","floor":22.0,"turns":5.0},{"damage":8.0,"enemies":"Gremlin Leader","floor":23.0,"turns":6.0},{"damage":9.0,"enemies":"Slavers","floor":29.0,"turns":6.0},{"damage":10.0,"enemies":"Champ","floor":33.0,"turns":13.0},{"damage":0.0,"enemies":"Orb Walker","floor":35.0,"turns":4.0},{"damage":7.0,"enemies":"3 Darklings","floor":39.0,"turns":7.0},{"damage":7.0,"enemies":"Giant Head","floor":40.0,"turns":11.0},{"damage":5.0,"enemies":"Mind Bloom Boss Battle","floor":42.0,"turns":6.0},{"damage":20.0,"enemies":"Reptomancer","floor":44.0,"turns":6.0},{"damage":0.0,"enemies":"Jaw Worm Horde","floor":45.0,"turns":6.0},{"damage":0,"enemies":"Nemesis","floor":46,"turns":8},{"damage":4,"enemies":"Writhing Mass","floor":47,"turns":5},{"damage":30,"enemies":"Awakened One","floor":50,"turns":17}],"seed_played":"5708987569218907587","potions_obtained":[{"floor":1.0,"key":"PowerPotion"},{"floor":2.0,"key":"Ancient Potion"},{"floor":8.0,"key":"Ancient Potion"},{"floor":10.0,"key":"Energy Potion"},{"floor":16.0,"key":"FearPotion"},{"floor":23.0,"key":"SkillPotion"},{"floor":29.0,"key":"Poison Potion"}],"is_trial":false,"path_per_floor":["M","M","?","M","M","R","T","E","T","M","?","?","?","M","R","B",null,"M","M","?","$","?","E","R","?","T","R","?","E","R","?","R","B",null,"M","?","$","?","M","E","R","?","T","E","M","E","M","$","R","B",null],"character_chosen":"THE_SILENT","items_purchased":["Tools of the Trade","Happy Flower","Dodge and Roll","Tactician","TheAbacus","Calipers"],"campfire_rested":4,"item_purchase_floors":[21,21,21,37,37,48],"current_hp_per_floor":[70,70,70,70,58,58,58,35,35,29,17,17,10,10,31,4,70,70,68,68,68,24,16,37,37,37,37,37,28,28,28,49,39,70,70,70,70,66,59,52,52,47,47,39,39,39,35,35,54,36],"gold":37,"neow_bonus":"THREE_ENEMY_KILL","is_prod":false,"is_daily":false,"chose_seed":false,"campfire_upgraded":4,"win_rate":0,"timestamp":1543905435,"path_taken":["M","M","?","?","M","R","?","E","T","M","?","?","?","M","R","BOSS","M","M","?","$","?","E","R","?","T","R","?","E","R","?","R","BOSS","M","?","$","?","M","E","R","?","T","E","M","E","M","$","R","BOSS"],"build_version":"2018-11-15","purchased_purges":0,"victory":true,"max_hp_per_floor":[70,70,70,70,70,70,70,70,70,70,70,70,70,70,70,70,70,70,70,70,70,70,70,70,70,70,70,70,70,70,70,70,70,70,70,70,70,66,66,66,66,66,66,66,66,66,66,66,66,66],"card_choices":[{"not_picked":["Choke","Reflex"],"picked":"Infinite Blades","floor":1.0},{"not_picked":["PiercingWail","Deadly Poison"],"picked":"Flying Knee","floor":2.0},{"not_picked":["Heel Hook","Expertise","Deadly Poison"],"picked":"SKIP","floor":4.0},{"not_picked":["Concentrate","Slice"],"picked":"Skewer","floor":5.0},{"not_picked":["Dash+1","Dagger Spray+1","PiercingWail"],"picked":"SKIP","floor":8.0},{"not_picked":["Flying Knee+1","Quick Slash+1"],"picked":"Acrobatics","floor":10.0},{"not_picked":["Setup","Distraction"],"picked":"Noxious Fumes","floor":14.0},{"not_picked":["Die Die Die+1","Wraith Form v2"],"picked":"Tools of the Trade","floor":16.0},{"not_picked":["Slice+1","Sucker Punch+1"],"picked":"Underhanded Strike+1","floor":18.0},{"not_picked":["Setup+1","Blade Dance","Deflect+1"],"picked":"SKIP","floor":19.0},{"not_picked":["Concentrate","Bouncing Flask"],"picked":"Dagger Throw+1","floor":22.0},{"not_picked":["Sucker Punch+1","Setup"],"picked":"Leg Sweep","floor":23.0},{"not_picked":["Acrobatics","Poisoned Stab+1","Dagger Spray+1"],"picked":"SKIP","floor":29.0},{"not_picked":["Glass Knife+1","Burst"],"picked":"Malaise","floor":33.0},{"not_picked":["Deflect+1","Choke+1"],"picked":"Outmaneuver","floor":35.0},{"not_picked":["Calculated Gamble+1","Sucker Punch+1"],"picked":"Backflip+1","floor":39.0},{"not_picked":["Poisoned Stab+1","Dagger Spray+1","Deflect"],"picked":"SKIP","floor":40.0},{"not_picked":["Poisoned Stab+1","PiercingWail+1"],"picked":"Venomology","floor":44.0},{"not_picked":["Bane+1","Quick Slash+1"],"picked":"Skewer+1","floor":45.0},{"not_picked":["Skewer+1","Bouncing Flask+1","PiercingWail+1"],"picked":"SKIP","floor":45.0},{"not_picked":["Dash+1","Underhanded Strike+1"],"picked":"Concentrate","floor":46},{"not_picked":["Flying Knee+1","Underhanded Strike+1"],"picked":"Well Laid Plans+1","floor":47},{"not_picked":["Finisher+1","Deflect","Accuracy+1"],"picked":"SKIP","floor":47}],"player_experience":279313,"relics_obtained":[{"floor":7.0,"key":"Molten Egg 2"},{"floor":8.0,"key":"Tough Bandages"},{"floor":9.0,"key":"Bag of Preparation"},{"floor":22.0,"key":"Thread and Needle"},{"floor":22.0,"key":"Frozen Egg 2"},{"floor":23.0,"key":"Art of War"},{"floor":26.0,"key":"Juzu Bracelet"},{"floor":29.0,"key":"War Paint"},{"floor":40.0,"key":"Tiny Chest"},{"floor":42.0,"key":"Tingsha"},{"floor":43.0,"key":"Meat on the Bone"},{"floor":44.0,"key":"Prayer Wheel"},{"floor":46,"key":"Smiling Mask"}],"event_choices":[{"cards_removed":["Strike_G"],"damage_healed":0.0,"max_hp_gain":0.0,"max_hp_loss":0.0,"gold_gain":0.0,"event_name":"Bonfire Elementals","player_choice":"Offered Basic","floor":3.0,"gold_loss":0.0,"damage_taken":0.0},{"damage_healed":0.0,"max_hp_gain":0.0,"max_hp_loss":0.0,"gold_gain":0.0,"event_name":"Scrap Ooze","player_choice":"Success","floor":11.0,"gold_loss":0.0,"damage_taken":12.0,"relics_obtained":["Oddly Smooth Stone"]},{"damage_healed":0.0,"max_hp_gain":0.0,"max_hp_loss":0.0,"gold_gain":0.0,"event_name":"Living Wall","player_choice":"Grow","floor":12.0,"gold_loss":0.0,"damage_taken":0.0,"cards_upgraded":["Skewer"]},{"cards_removed":["Strike_G"],"damage_healed":0.0,"max_hp_gain":0.0,"max_hp_loss":0.0,"gold_gain":0.0,"event_name":"Golden Wing","player_choice":"Card Removal","floor":13.0,"gold_loss":0.0,"damage_taken":7.0},{"cards_removed":["Infinite Blades"],"damage_healed":0.0,"max_hp_gain":0.0,"max_hp_loss":0.0,"gold_gain":0.0,"event_name":"Beggar","player_choice":"Gave Gold","floor":20.0,"gold_loss":75.0,"damage_taken":0.0},{"damage_healed":0.0,"max_hp_gain":0.0,"max_hp_loss":0.0,"gold_gain":0.0,"event_name":"Colosseum","player_choice":"Fight","floor":22.0,"gold_loss":0.0,"damage_taken":0.0},{"damage_healed":0.0,"max_hp_gain":0.0,"max_hp_loss":0.0,"gold_gain":0.0,"event_name":"Colosseum","player_choice":"Fought Nobs","floor":22.0,"gold_loss":0.0,"damage_taken":0.0},{"damage_healed":0.0,"max_hp_gain":0.0,"max_hp_loss":0.0,"gold_gain":0.0,"event_name":"The Library","player_choice":"Read","floor":25.0,"gold_loss":0.0,"damage_taken":0.0,"cards_obtained":["Prepared"]},{"damage_healed":0.0,"max_hp_gain":0.0,"max_hp_loss":0.0,"gold_gain":0.0,"event_name":"Drug Dealer","player_choice":"Inject Mutagens","floor":28.0,"gold_loss":0.0,"damage_taken":0.0,"relics_obtained":["MutagenicStrength"]},{"damage_healed":0.0,"max_hp_gain":0.0,"max_hp_loss":0.0,"gold_gain":0.0,"event_name":"The Mausoleum","player_choice":"Opened","floor":31.0,"gold_loss":0.0,"damage_taken":0.0,"relics_obtained":["Ginger"],"cards_obtained":["Writhe"]},{"damage_healed":0.0,"max_hp_gain":0.0,"max_hp_loss":0.0,"gold_gain":0.0,"event_name":"Tomb of Lord Red Mask","player_choice":"Ignored","floor":36.0,"gold_loss":0.0,"damage_taken":0.0},{"damage_healed":0.0,"max_hp_gain":0.0,"max_hp_loss":4.0,"gold_gain":0.0,"event_name":"Winding Halls","player_choice":"Max HP","floor":38.0,"gold_loss":0.0,"damage_taken":0.0},{"damage_healed":0.0,"max_hp_gain":0.0,"max_hp_loss":0.0,"gold_gain":0.0,"event_name":"MindBloom","player_choice":"Fight","floor":42.0,"gold_loss":0.0,"damage_taken":0.0}],"is_beta":false,"boss_relics":[{"not_picked":["Runic Dome","Velvet Choker"],"picked":"Empty Cage"},{"not_picked":["Philosopher\u0027s Stone","Coffee Dripper"],"picked":"Sozu"}],"items_purged_floors":[],"is_endless":false,"potions_floor_spawned":[1,2,8,10,16,22,23,29,39,40,44],"ascension_level":1}