{"gold_per_floor":[215,36,54,64,83,117,117,117,117,134,134,152,37,68,68,167,167,185,195,195,45,60,60,94,94,94,127,141,167,192,215,227,343,355,385,448,460,483,495,540,71,87,112,122,122,152,169,180,180,180,180,180,22,47,47],"floor_reached":56,"playtime":3746,"items_purged":["Strike_R","Strike_R"],"score":1409,"play_id":"6f981b06-f0fa-4907-8f99-ee2090c6ec3f","local_time":"20190124103440","is_ascension_mode":true,"campfire_choices":[{"data":"Apotheosis","floor":11,"key":"SMITH"},{"data":"Combust","floor":15,"key":"SMITH"},{"floor":23,"key":"RECALL"},{"floor":25,"key":"REST"},{"floor":32,"key":"REST"},{"floor":45,"key":"REST"},{"floor":49,"key":"REST"},{"floor":52,"key":"REST"}],"neow_cost":"NONE","seed_source_timestamp":3363773092519852,"circlet_count":0,"master_deck":["Defend_R","Defend_R","Defend_R","Defend_R","Bash","Whirlwind","Apotheosis+1","Carnage","Body Slam","Combust+1","Shrug It Off","Ghostly Armor","Clothesline","Offering","Ghostly Armor+1","Warcry+1","Shockwave+1","Headbutt","Warcry","Uppercut","Immolate","Juggernaut","Inflame+1","Body Slam+1","Rupture+1","Disarm+1","Evolve","Havoc","Blood for Blood+1","Hemokinesis","Blood for Blood+1","Shrug It Off+1","Power Through+1","Sword Boomerang+1","Limit Break","Feel No Pain"],"relics":["Burning Blood","Ancient Tea Set","Regal Pillow","Ornamental Fan","Fusion Hammer","Bag of Preparation","Potion Belt","Bottled Lightning","MawBank","Philosopher\u0027s Stone","Prayer Wheel","Boot","FossilizedHelix","PreservedInsect","Molten Egg 2","Pen Nib"],"potions_floor_usage":[6,12,14,14,14,33,36,36,54,55,55,55,55,55],"damage_taken":[{"damage":0,"enemies":"Small Slimes","floor":1,"turns":3},{"damage":3,"enemies":"Jaw Worm","floor":3,"turns":3},{"damage":6,"enemies":"Cultist","floor":4,"turns":3},{"damage":5,"enemies":"Red Slaver","floor":5,"turns":4},{"damage":21,"enemies":"Lagavulin","floor":6,"turns":8},{"damage":0,"enemies":"Exordium Wildlife","floor":10,"turns":2},{"damage":10,"enemies":"Exordium Thugs","floor":12,"turns":3},{"damage":1,"enemies":"3 Sentries","floor":14,"turns":2},{"damage":14,"enemies":"The Guardian","floor":16,"turns":10},{"damage":10,"enemies":"Spheric Guardian","floor":18,"turns":3},{"damage":1,"enemies":"Chosen","floor":19,"turns":4},{"damage":8,"enemies":"Sentry and Sphere","floor":22,"turns":3},{"damage":8,"enemies":"Gremlin Leader","floor":24,"turns":5},{"damage":9,"enemies":"Slavers","floor":27,"turns":2},{"damage":7,"enemies":"Snake Plant","floor":28,"turns":3},{"damage":9,"enemies":"Gremlin Leader","floor":29,"turns":4},{"damage":9,"enemies":"Centurion and Healer","floor":30,"turns":5},{"damage":11,"enemies":"Cultist and Chosen","floor":31,"turns":3},{"damage":27,"enemies":"Champ","floor":33,"turns":10},{"damage":6,"enemies":"Orb Walker","floor":35,"turns":1},{"damage":20,"enemies":"2 Orb Walkers","floor":36,"turns":2},{"damage":0,"enemies":"3 Shapes","floor":38,"turns":3},{"damage":9,"enemies":"Giant Head","floor":40,"turns":6},{"damage":0,"enemies":"3 Darklings","floor":42,"turns":2},{"damage":5,"enemies":"Transient","floor":44,"turns":5},{"damage":25,"enemies":"Nemesis","floor":46,"turns":3},{"damage":7,"enemies":"Spire Growth","floor":47,"turns":4},{"damage":7,"enemies":"4 Shapes","floor":48,"turns":3},{"damage":21,"enemies":"Time Eater","floor":50,"turns":7},{"damage":11,"enemies":"Shield and Spear","floor":54,"turns":5},{"damage":56,"enemies":"The Heart","floor":55,"turns":7}],"seed_played":"-2157613601319276570","potions_obtained":[{"floor":3,"key":"Block Potion"},{"floor":4,"key":"EntropicBrew"},{"floor":5,"key":"EssenceOfSteel"},{"floor":8,"key":"PowerPotion"},{"floor":8,"key":"Explosive Potion"},{"floor":24,"key":"Energy Potion"},{"floor":28,"key":"SkillPotion"},{"floor":29,"key":"SmokeBomb"},{"floor":30,"key":"Fire Potion"},{"floor":31,"key":"SpeedPotion"},{"floor":40,"key":"FearPotion"},{"floor":44,"key":"Ancient Potion"},{"floor":48,"key":"AttackPotion"},{"floor":54,"key":"FearPotion"}],"is_trial":false,"path_per_floor":["M","$","M","M","M","E","?","?","T","M","R","M","$","E","R","B",null,"M","M","?","$","M","R","E","R","T","E","M","E","M","M","R","B",null,"M","?","?","M","?","E","$","M","T","M","R","E","M","M","R","B",null,"R","$","E","B",null],"character_chosen":"IRONCLAD","items_purchased":["Apotheosis","Ghostly Armor","Bag of Preparation","Evolve","FossilizedHelix","Havoc","Limit Break"],"campfire_rested":5,"item_purchase_floors":[2,13,21,41,41,41,53],"current_hp_per_floor":[80,80,80,80,80,65,70,70,70,76,76,72,72,77,77,69,85,81,85,85,85,83,83,81,85,85,82,81,78,75,70,85,64,85,85,71,71,77,77,74,74,80,80,81,85,66,65,64,85,70,85,85,85,80,30],"gold":47,"neow_bonus":"HUNDRED_GOLD","is_prod":false,"is_daily":false,"chose_seed":false,"campfire_upgraded":2,"win_rate":0,"timestamp":1548344080,"path_taken":["M","$","M","M","M","E","?","?","T","?","R","M","?","E","R","BOSS","M","M","?","?","M","R","E","R","T","E","M","E","M","M","R","BOSS","M","?","?","?","?","E","?","M","T","M","R","E","M","?","R","BOSS","R","$","E","BOSS"],"build_version":"2019-01-23","purchased_purges":2,"victory":true,"max_hp_per_floor":[80,80,80,80,80,80,85,85,85,85,85,85,85,85,85,85,85,85,85,85,85,85,85,85,85,85,85,85,85,85,85,85,85,85,85,85,85,85,85,85,85,85,85,85,85,85,85,85,85,85,85,85,85,85,85],"card_choices":[{"not_picked":["Thunderclap","Clothesline"],"picked":"Whirlwind","floor":1},{"not_picked":["Entrench","Infernal Blade","Second Wind"],"picked":"SKIP","floor":3},{"not_picked":["Reckless Charge","Thunderclap"],"picked":"Carnage","floor":4},{"not_picked":["Havoc","Wild Strike","Pommel Strike"],"picked":"SKIP","floor":5},{"not_picked":["Dropkick","Pommel Strike"],"picked":"Body Slam","floor":6},{"not_picked":["Heavy Blade","Sword Boomerang"],"picked":"Combust","floor":10},{"not_picked":["Infernal Blade","Sever Soul"],"picked":"Shrug It Off","floor":12},{"not_picked":["Fiend Fire","Perfected Strike"],"picked":"Clothesline","floor":14},{"not_picked":["Brutality","Feed"],"picked":"Offering","floor":16},{"not_picked":["Thunderclap+1","Cleave"],"picked":"Ghostly Armor+1","floor":18},{"not_picked":["Bloodletting+1","True Grit","Wild Strike+1"],"picked":"SKIP","floor":19},{"not_picked":["True Grit","Cleave"],"picked":"Warcry+1","floor":22},{"not_picked":["Havoc","Rampage+1"],"picked":"Shockwave+1","floor":24},{"not_picked":["Limit Break","Thunderclap"],"picked":"Headbutt","floor":27},{"not_picked":["Hemokinesis","Reckless Charge+1"],"picked":"Warcry","floor":28},{"not_picked":["Pummel+1","Combust","Corruption+1"],"picked":"SKIP","floor":29},{"not_picked":["Feel No Pain","Shrug It Off"],"picked":"Uppercut","floor":30},{"not_picked":["Clothesline+1","Armaments"],"picked":"Immolate","floor":31},{"not_picked":["Offering","Limit Break"],"picked":"Juggernaut","floor":33},{"not_picked":["Thunderclap","True Grit"],"picked":"Inflame+1","floor":35},{"not_picked":["Carnage+1","Clash"],"picked":"Body Slam+1","floor":38},{"not_picked":["Sever Soul+1","Carnage+1"],"picked":"Rupture+1","floor":38},{"not_picked":["Shockwave","Headbutt"],"picked":"Disarm+1","floor":40},{"not_picked":["Iron Wave","Burning Pact+1","Perfected Strike"],"picked":"SKIP","floor":42},{"not_picked":["Iron Wave","Searing Blow+1","Anger+1"],"picked":"SKIP","floor":42},{"not_picked":["Flame Barrier+1","Heavy Blade+1"],"picked":"Blood for Blood+1","floor":44},{"not_picked":["Disarm+1","Flame Barrier"],"picked":"Hemokinesis","floor":44},{"not_picked":["Searing Blow+1","Sentinel+1"],"picked":"Blood for Blood","floor":46},{"not_picked":["Burning Pact","Sentinel"],"picked":"Shrug It Off+1","floor":47},{"not_picked":["Headbutt+1","Clash+1","Sentinel"],"picked":"SKIP","floor":47},{"not_picked":["Sever Soul+1","Rupture"],"picked":"Power Through+1","floor":48},{"not_picked":["Anger+1","Sword Boomerang+1","Twin Strike+1"],"picked":"SKIP","floor":48},{"not_picked":["Anger+1","Twin Strike+1"],"picked":"Sword Boomerang+1","floor":48},{"not_picked":["Carnage+1","Havoc"],"picked":"Feel No Pain","floor":54}],"player_experience":4188573,"relics_obtained":[{"floor":6,"key":"Ancient Tea Set"},{"floor":9,"key":"Regal Pillow"},{"floor":14,"key":"Ornamental Fan"},{"floor":24,"key":"Potion Belt"},{"floor":27,"key":"Bottled Lightning"},{"floor":29,"key":"MawBank"},{"floor":36,"key":"Prayer Wheel"},{"floor":40,"key":"Boot"},{"floor":43,"key":"PreservedInsect"},{"floor":46,"key":"Molten Egg 2"},{"floor":54,"key":"Pen Nib"}],"event_choices":[{"damage_healed":0,"gold_gain":0,"player_choice":"Donut","damage_taken":0,"max_hp_gain":5,"max_hp_loss":0,"event_name":"Big Fish","floor":7,"gold_loss":0},{"damage_healed":0,"gold_gain":0,"player_choice":"Got Potions","damage_taken":0,"max_hp_gain":0,"max_hp_loss":0,"event_name":"Lab","floor":8,"gold_loss":0},{"cards_removed":["Strike_R"],"damage_healed":0,"gold_gain":0,"player_choice":"Purged","damage_taken":0,"max_hp_gain":0,"max_hp_loss":0,"event_name":"Purifier","floor":20,"gold_loss":0},{"damage_healed":0,"gold_gain":0,"player_choice":"Fight","damage_taken":0,"max_hp_gain":0,"max_hp_loss":0,"event_name":"Mysterious Sphere","floor":36,"gold_loss":0},{"cards_removed":["Strike_R"],"damage_healed":0,"gold_gain":0,"player_choice":"Purged","damage_taken":0,"max_hp_gain":0,"max_hp_loss":0,"event_name":"Purifier","floor":37,"gold_loss":0},{"cards_removed":["Strike_R"],"damage_healed":0,"gold_gain":0,"player_choice":"Removed Attack","damage_taken":0,"max_hp_gain":0,"max_hp_loss":0,"event_name":"Falling","floor":39,"gold_loss":0}],"is_beta":true,"boss_relics":[{"not_picked":["Orrery","Black Star"],"picked":"Fusion Hammer"},{"not_picked":["Tiny House","Runic Cube"],"picked":"Philosopher\u0027s Stone"}],"items_purged_floors":[13,41],"is_endless":false,"potions_floor_spawned":[3,4,5,24,28,29,30,31,40,44,48,54],"ascension_level":1}