{"gold_per_floor":[209,224,243,16,33,64,64,92,92,18,31,31,31,31,31,131,131,142,161,180,195,223,223,223,323,400,412,423,423,34,50,50,150,150,163,385,402,402,402,427,427,208,208,223,249,44,79,90,90,90,90,90,22,49,49],"floor_reached":56,"playtime":4569,"items_purged":["Strike_G","Strike_G"],"score":1373,"play_id":"327a7d2c-ded3-4fe3-8e64-86f0e884d127","local_time":"20190205015059","is_ascension_mode":true,"campfire_choices":[{"floor":7,"key":"REST"},{"data":"Infinite Blades","floor":12,"key":"SMITH"},{"data":"Footwork","floor":15,"key":"SMITH"},{"data":"Adrenaline","floor":23,"key":"SMITH"},{"data":"Neutralize","floor":24,"key":"SMITH"},{"data":"Choke","floor":29,"key":"SMITH"},{"data":"Dodge and Roll","floor":32,"key":"SMITH"},{"data":"Impatience","floor":41,"key":"SMITH"},{"floor":49,"key":"RECALL"},{"data":"Deflect","floor":52,"key":"SMITH"}],"neow_cost":"NONE","seed_source_timestamp":4368182325005507,"circlet_count":0,"master_deck":["Defend_G","Defend_G","Defend_G","Defend_G","Strike_G","Strike_G","Strike_G","Survivor","Neutralize+1","Deflect+1","Poisoned Stab","Dagger Spray","Infinite Blades+1","Dagger Spray","Choke+1","Slice","Footwork+1","Escape Plan","Bandage Up","Adrenaline+1","Dodge and Roll+1","Flying Knee","Deflect","PiercingWail+1","Flying Knee","Backstab+1","Mayhem+1","Infinite Blades+1","PiercingWail","Outmaneuver+1","A Thousand Cuts+1","Backflip+1","Impatience+1","Flash of Steel","Footwork+1","Distraction+1","Masterful Stab+1","Accuracy+1","Terror+1","Deflect+1","Leg Sweep","Infinite Blades+1"],"relics":["Ring of the Snake","Bag of Preparation","Calipers","Ornamental Fan","Du-Vu Doll","WingedGreaves","Eternal Feather","Red Mask","Thread and Needle","Pear","Frozen Egg 2","WristBlade","Bottled Lightning","Ancient Tea Set","Lantern"],"potions_floor_usage":[8,16,22,22,25,33,33,40,50,55,55],"damage_taken":[{"damage":1,"enemies":"Jaw Worm","floor":1,"turns":6},{"damage":0,"enemies":"2 Louse","floor":2,"turns":4},{"damage":1,"enemies":"Cultist","floor":3,"turns":4},{"damage":2,"enemies":"Large Slime","floor":5,"turns":5},{"damage":25,"enemies":"Lagavulin","floor":6,"turns":10},{"damage":30,"enemies":"Gremlin Nob","floor":8,"turns":4},{"damage":0,"enemies":"Looter","floor":11,"turns":4},{"damage":2,"enemies":"Slime Boss","floor":16,"turns":11},{"damage":0,"enemies":"3 Byrds","floor":18,"turns":5},{"damage":15,"enemies":"Spheric Guardian","floor":19,"turns":8},{"damage":18,"enemies":"Centurion and Healer","floor":20,"turns":10},{"damage":25,"enemies":"Snecko","floor":21,"turns":8},{"damage":3,"enemies":"Masked Bandits","floor":22,"turns":4},{"damage":0,"enemies":"Colosseum Slavers","floor":25,"turns":5},{"damage":1,"enemies":"Colosseum Nobs","floor":25,"turns":6},{"damage":0,"enemies":"Shelled Parasite and Fungi","floor":27,"turns":6},{"damage":0,"enemies":"Centurion and Healer","floor":28,"turns":11},{"damage":12,"enemies":"3 Cultists","floor":31,"turns":6},{"damage":0,"enemies":"Collector","floor":33,"turns":11},{"damage":0,"enemies":"3 Shapes","floor":35,"turns":8},{"damage":0,"enemies":"Orb Walker","floor":37,"turns":3},{"damage":23,"enemies":"Reptomancer","floor":40,"turns":6},{"damage":5,"enemies":"Sphere and 2 Shapes","floor":44,"turns":6},{"damage":0,"enemies":"Nemesis","floor":45,"turns":11},{"damage":0,"enemies":"Giant Head","floor":47,"turns":7},{"damage":0,"enemies":"3 Darklings","floor":48,"turns":5},{"damage":14,"enemies":"Awakened One","floor":50,"turns":12},{"damage":24,"enemies":"Shield and Spear","floor":54,"turns":6},{"damage":41,"enemies":"The Heart","floor":55,"turns":9}],"seed_played":"3530118189272996265","potions_obtained":[{"floor":3,"key":"SkillPotion"},{"floor":6,"key":"GamblersBrew"},{"floor":11,"key":"SteroidPotion"},{"floor":16,"key":"SneckoOil"},{"floor":20,"key":"PowerPotion"},{"floor":21,"key":"Strength Potion"},{"floor":22,"key":"Energy Potion"},{"floor":31,"key":"Fire Potion"},{"floor":40,"key":"Strength Potion"},{"floor":44,"key":"Weak Potion"}],"is_trial":false,"path_per_floor":["M","M","M","$","M","E","R","E","T","$","M","R","?","?","R","B",null,"M","M","M","M","?","R","R","?","T","M","M","R","$","M","R","B",null,"M","?","M","?","?","E","R","$","T","M","E","$","E","M","R","B",null,"R","$","E","B",null],"character_chosen":"THE_SILENT","items_purchased":["Bag of Preparation","Infinite Blades","Footwork","Mayhem+1","Infinite Blades+1","PiercingWail","Block Potion","Footwork+1","PowerPotion","Accuracy+1","PowerPotion","GhostInAJar","Leg Sweep"],"campfire_rested":1,"item_purchase_floors":[4,4,10,30,30,30,30,42,42,46,46,46,53],"current_hp_per_floor":[69,69,68,68,66,41,62,32,32,32,32,32,20,20,20,22,70,70,59,45,24,25,40,55,72,72,76,80,80,80,68,80,80,80,80,80,80,70,70,51,72,72,72,71,75,75,79,80,80,66,80,80,80,60,23],"gold":49,"neow_bonus":"HUNDRED_GOLD","is_prod":false,"is_daily":false,"chose_seed":false,"campfire_upgraded":8,"win_rate":0,"timestamp":1549349459,"path_taken":["M","M","M","$","M","E","R","E","T","$","M","R","?","?","R","BOSS","M","M","M","?","?","R","R","?","T","M","M","R","$","M","R","BOSS","M","?","M","?","?","E","R","$","T","?","E","$","E","M","R","BOSS","R","$","E","BOSS"],"build_version":"2019-01-23","purchased_purges":2,"victory":true,"max_hp_per_floor":[70,70,70,70,70,70,70,70,70,70,70,70,70,70,70,70,70,70,70,70,70,70,70,70,80,80,80,80,80,80,80,80,80,80,80,80,80,80,80,80,80,80,80,80,80,80,80,80,80,80,80,80,80,80,80],"card_choices":[{"not_picked":["Dodge and Roll","Quick Slash"],"picked":"Deflect","floor":1},{"not_picked":["Choke","Outmaneuver"],"picked":"Poisoned Stab","floor":2},{"not_picked":["Deflect","Outmaneuver"],"picked":"Dagger Spray","floor":3},{"not_picked":["Endless Agony","Reflex"],"picked":"Dagger Spray","floor":5},{"not_picked":["PiercingWail","Flechettes"],"picked":"Choke","floor":6},{"not_picked":["Concentrate","Unload"],"picked":"Slice","floor":8},{"not_picked":["Prepared","Dagger Throw"],"picked":"Escape Plan","floor":11},{"not_picked":["Envenom","Tools of the Trade"],"picked":"Adrenaline","floor":16},{"not_picked":["Eviscerate","Flechettes"],"picked":"Dodge and Roll","floor":18},{"not_picked":["Choke","Reflex","Acrobatics+1"],"picked":"SKIP","floor":19},{"not_picked":["Skewer","PiercingWail"],"picked":"Flying Knee","floor":20},{"not_picked":["Quick Slash+1","Distraction"],"picked":"Deflect","floor":21},{"not_picked":["Slice","Deflect"],"picked":"PiercingWail+1","floor":22},{"not_picked":["Dodge and Roll","Bane"],"picked":"Flying Knee","floor":25},{"not_picked":["Dagger Throw","Slice","Bane"],"picked":"SKIP","floor":27},{"not_picked":["Sucker Punch","Reflex"],"picked":"Backstab+1","floor":28},{"not_picked":["Dagger Throw","Unload"],"picked":"Outmaneuver+1","floor":31},{"not_picked":["Bullet Time","Wraith Form v2+1"],"picked":"A Thousand Cuts+1","floor":33},{"not_picked":["Noxious Fumes+1","Poisoned Stab","Quick Slash"],"picked":"SKIP","floor":35},{"not_picked":["Acrobatics+1","Dagger Spray"],"picked":"Backflip+1","floor":37},{"not_picked":["Bandage Up","Mind Blast"],"picked":"Impatience","floor":38},{"not_picked":["Impatience","Enlightenment"],"picked":"Flash of Steel","floor":38},{"not_picked":["Acrobatics+1","Poisoned Stab+1","PiercingWail+1"],"picked":"SKIP","floor":40},{"not_picked":["Bane+1","Acrobatics"],"picked":"Distraction+1","floor":44},{"not_picked":["Poisoned Stab+1","Expertise+1"],"picked":"Masterful Stab+1","floor":45},{"not_picked":["Poisoned Stab+1","Bullet Time"],"picked":"Terror+1","floor":47},{"not_picked":["Flying Knee","Dagger Spray"],"picked":"Deflect+1","floor":48},{"not_picked":["Cloak And Dagger","Blade Dance+1"],"picked":"Infinite Blades+1","floor":54}],"player_experience":4360958,"relics_obtained":[{"floor":6,"key":"Calipers"},{"floor":8,"key":"Ornamental Fan"},{"floor":9,"key":"Du-Vu Doll"},{"floor":22,"key":"Red Mask"},{"floor":25,"key":"Thread and Needle"},{"floor":25,"key":"Pear"},{"floor":26,"key":"Frozen Egg 2"},{"floor":45,"key":"Bottled Lightning"},{"floor":47,"key":"Ancient Tea Set"},{"floor":54,"key":"Lantern"}],"event_choices":[{"damage_healed":0,"gold_gain":0,"player_choice":"Success","damage_taken":12,"relics_obtained":["WingedGreaves"],"max_hp_gain":0,"max_hp_loss":0,"event_name":"Scrap Ooze","floor":13,"gold_loss":0},{"damage_healed":0,"gold_gain":0,"player_choice":"1 cards matched","damage_taken":0,"max_hp_gain":0,"max_hp_loss":0,"event_name":"Match and Keep!","floor":14,"gold_loss":0,"cards_obtained":["Bandage Up"]},{"damage_healed":0,"gold_gain":0,"player_choice":"Fought Bandits","damage_taken":0,"max_hp_gain":0,"max_hp_loss":0,"event_name":"Masked Bandits","floor":22,"gold_loss":0},{"damage_healed":0,"gold_gain":0,"player_choice":"Fight","damage_taken":0,"max_hp_gain":0,"max_hp_loss":0,"event_name":"Colosseum","floor":25,"gold_loss":0},{"damage_healed":0,"gold_gain":0,"player_choice":"Fought Nobs","damage_taken":0,"max_hp_gain":0,"max_hp_loss":0,"event_name":"Colosseum","floor":25,"gold_loss":0},{"damage_healed":0,"gold_gain":222,"player_choice":"Wore Mask","damage_taken":0,"max_hp_gain":0,"max_hp_loss":0,"event_name":"Tomb of Lord Red Mask","floor":36,"gold_loss":0},{"damage_healed":0,"gold_gain":0,"player_choice":"Memory 3","damage_taken":10,"max_hp_gain":0,"max_hp_loss":0,"event_name":"SensoryStone","floor":38,"gold_loss":0},{"cards_removed":["Defend_G"],"damage_healed":0,"gold_gain":0,"player_choice":"Removed Skill","damage_taken":0,"max_hp_gain":0,"max_hp_loss":0,"event_name":"Falling","floor":39,"gold_loss":0}],"is_beta":true,"boss_relics":[{"not_picked":["Lizard Tail","Snecko Eye"],"picked":"Eternal Feather"},{"not_picked":["White Beast Statue","Astrolabe"],"picked":"WristBlade"}],"items_purged_floors":[30,42],"is_endless":false,"potions_floor_spawned":[3,6,11,16,20,21,22,25,31,40,44,47],"ascension_level":1}