{"gold_per_floor":[115,115,134,148,113,113,24,199,273,284,296,296,321,321,321,418,418,437,437,447,466,466],"floor_reached":22,"playtime":517,"items_purged":[],"score":186,"play_id":"eaaa2b1e-21c7-479a-a3f1-734a2b0887f0","local_time":"20181116221834","is_ascension_mode":false,"campfire_choices":[{"data":"Unload","floor":6,"key":"SMITH"},{"data":"Concentrate","floor":12,"key":"SMITH"},{"data":"Cloak And Dagger","floor":15,"key":"SMITH"}],"neow_cost":"NONE","seed_source_timestamp":237964121737600,"circlet_count":0,"master_deck":["Defend_G","Defend_G","Defend_G","Defend_G","Defend_G+1","Strike_G","Strike_G","Strike_G","Strike_G+1","Strike_G","Survivor","Neutralize","Flechettes","Dagger Throw","Unload+1","Trip","Doubt","Finisher","Concentrate+1","Cloak And Dagger+1","Die Die Die","Dagger Throw+1","Prepared","Flying Knee+1"],"relics":["Ring of the Snake","Juzu Bracelet","Blue Candle","Shuriken","Cursed Key"],"potions_floor_usage":[13,16,22,22],"damage_taken":[{"damage":6,"enemies":"Cultist","floor":1,"turns":4},{"damage":0,"enemies":"Small Slimes","floor":3,"turns":3},{"damage":0,"enemies":"Jaw Worm","floor":4,"turns":3},{"damage":8,"enemies":"Blue Slaver","floor":10,"turns":2},{"damage":20,"enemies":"Exordium Thugs","floor":11,"turns":5},{"damage":11,"enemies":"Lagavulin","floor":13,"turns":7},{"damage":32,"enemies":"The Guardian","floor":16,"turns":9},{"damage":12,"enemies":"2 Thieves","floor":18,"turns":4},{"damage":10,"enemies":"Chosen","floor":20,"turns":3},{"damage":1,"enemies":"Centurion and Healer","floor":21,"turns":4},{"damage":13,"enemies":"Colosseum Slavers","floor":22,"turns":2},{"damage":40,"enemies":"Colosseum Nobs","floor":22,"turns":4}],"seed_played":"8514055016488569015","potions_obtained":[{"floor":1,"key":"Weak Potion"},{"floor":3,"key":"LiquidBronze"},{"floor":13,"key":"SpeedPotion"},{"floor":16,"key":"Regen Potion"},{"floor":21,"key":"Dexterity Potion"}],"is_trial":false,"path_per_floor":["M","?","M","M","?","R","$","?","T","M","M","R","E","?","R","B",null,"M","?","M","M","?"],"character_chosen":"THE_SILENT","items_purchased":["Trip"],"campfire_rested":0,"item_purchase_floors":[7],"current_hp_per_floor":[64,50,50,50,67,67,67,67,67,59,39,39,28,33,33,1,75,63,49,39,38,0],"gold":466,"neow_bonus":"RANDOM_COMMON_RELIC","is_prod":false,"is_daily":false,"chose_seed":false,"campfire_upgraded":3,"win_rate":0,"timestamp":1542374314,"path_taken":["M","?","M","M","?","R","?","?","T","M","M","R","E","?","R","BOSS","M","?","M","M","?"],"build_version":"2018-11-15","purchased_purges":0,"victory":false,"max_hp_per_floor":[70,70,70,70,70,70,70,70,70,70,70,70,70,75,75,75,75,75,80,80,80,80],"card_choices":[{"not_picked":["Endless Agony","Skewer"],"picked":"Flechettes","floor":1},{"not_picked":["Bane","Outmaneuver"],"picked":"Dagger Throw","floor":3},{"not_picked":["Flying Knee","Cloak And Dagger"],"picked":"Unload","floor":4},{"not_picked":["PiercingWail","Outmaneuver"],"picked":"Finisher","floor":10},{"not_picked":["Outmaneuver","Bane"],"picked":"Concentrate","floor":11},{"not_picked":["Terror","Prepared"],"picked":"Cloak And Dagger","floor":13},{"not_picked":["Unload","Burst"],"picked":"Die Die Die","floor":16},{"not_picked":["PiercingWail","Dodge and Roll"],"picked":"Dagger Throw+1","floor":18},{"not_picked":["Acrobatics","Catalyst"],"picked":"Prepared","floor":20},{"not_picked":["Deflect+1","Acrobatics"],"picked":"Flying Knee+1","floor":21}],"player_experience":826039,"relics_obtained":[{"floor":9,"key":"Blue Candle"},{"floor":13,"key":"Shuriken"}],"event_choices":[{"damage_healed":0,"gold_gain":0,"player_choice":"Entered Light","damage_taken":14,"max_hp_gain":0,"max_hp_loss":0,"event_name":"Shining Light","floor":2,"gold_loss":0,"cards_upgraded":["Strike_G","Defend_G"]},{"damage_healed":17,"gold_gain":0,"player_choice":"Healed","damage_taken":0,"max_hp_gain":0,"max_hp_loss":0,"event_name":"The Cleric","floor":5,"gold_loss":35},{"damage_healed":0,"gold_gain":175,"player_choice":"AGREE","damage_taken":0,"max_hp_gain":0,"max_hp_loss":0,"event_name":"Liars Game","floor":8,"gold_loss":0,"cards_obtained":["Doubt"]},{"damage_healed":0,"gold_gain":0,"player_choice":"Donut","damage_taken":0,"max_hp_gain":5,"max_hp_loss":0,"event_name":"Big Fish","floor":14,"gold_loss":0},{"damage_healed":0,"gold_gain":0,"player_choice":"Shed Blood","damage_taken":19,"max_hp_gain":5,"max_hp_loss":0,"event_name":"Forgotten Altar","floor":19,"gold_loss":0},{"damage_healed":0,"gold_gain":0,"player_choice":"Fight","damage_taken":0,"max_hp_gain":0,"max_hp_loss":0,"event_name":"Colosseum","floor":22,"gold_loss":0},{"damage_healed":0,"gold_gain":0,"player_choice":"Fought Nobs","damage_taken":0,"max_hp_gain":0,"max_hp_loss":0,"event_name":"Colosseum","floor":22,"gold_loss":0}],"is_beta":false,"boss_relics":[{"not_picked":["HoveringKite","White Beast Statue"],"picked":"Cursed Key"}],"items_purged_floors":[],"is_endless":false,"potions_floor_spawned":[1,3,13,16,21,22],"killed_by":"Colosseum Nobs","ascension_level":0}