{"gold_per_floor":[117,117,135,153,163,163,178,205,205,224,259,259,20,51,51,125,125,139,189,205,223,173,173,16,16,16,50,50,67,100,114,114,114],"floor_reached":33,"playtime":1583,"items_purged":["Strike_G","Strike_G"],"score":614,"play_id":"bc76a863-465c-4727-9cf1-8c05bf54017b","local_time":"20190218201640","is_ascension_mode":true,"campfire_choices":[{"floor":6,"key":"REST"},{"floor":15,"key":"REST"},{"floor":23,"key":"REST"},{"data":"Catalyst","floor":25,"key":"SMITH"},{"floor":28,"key":"REST"},{"floor":32,"key":"REST"}],"neow_cost":"NONE","seed_source_timestamp":387362476778105,"circlet_count":0,"master_deck":["AscendersBane","Defend_G","Defend_G","Defend_G","Defend_G","Defend_G","Strike_G","Strike_G","Strike_G","Survivor","Neutralize+1","Poisoned Stab","Deadly Poison","PiercingWail","Leg Sweep","PiercingWail","Catalyst+1","Riddle With Holes+1","Caltrops","Well Laid Plans","Corpse Explosion","Flying Knee+1","Skewer+1","Dagger Spray+1","Footwork","Acrobatics","Heel Hook+1"],"special_seed":0,"relics":["Ring of the Snake","Molten Egg 2","Gremlin Horn","Vajra","Question Card","Lantern","Unceasing Top","Philosopher\u0027s Stone","Bottled Flame","Snake Skull","Potion Belt"],"potions_floor_usage":[5,8,11,14,18,20,27,31,33],"damage_taken":[{"damage":9.0,"enemies":"Small Slimes","floor":1.0,"turns":4.0},{"damage":0.0,"enemies":"Cultist","floor":3.0,"turns":3.0},{"damage":0,"enemies":"2 Louse","floor":4,"turns":3},{"damage":7,"enemies":"2 Fungi Beasts","floor":5,"turns":5},{"damage":9,"enemies":"Blue Slaver","floor":7,"turns":4},{"damage":30,"enemies":"3 Sentries","floor":8,"turns":15},{"damage":0,"enemies":"Looter","floor":10,"turns":4},{"damage":8,"enemies":"Gremlin Nob","floor":11,"turns":3},{"damage":12,"enemies":"Lagavulin","floor":14,"turns":6},{"damage":11,"enemies":"The Guardian","floor":16,"turns":10},{"damage":5,"enemies":"Chosen","floor":18,"turns":3},{"damage":1,"enemies":"Shell Parasite","floor":20,"turns":5},{"damage":16,"enemies":"Cultist and Chosen","floor":21,"turns":4},{"damage":9,"enemies":"Gremlin Leader","floor":27,"turns":6},{"damage":10,"enemies":"Snake Plant","floor":29,"turns":3},{"damage":6,"enemies":"Slavers","floor":30,"turns":2},{"damage":22,"enemies":"Chosen and Byrds","floor":31,"turns":6},{"damage":67,"enemies":"Collector","floor":33,"turns":5}],"seed_played":"8465189051558333285","potions_obtained":[{"floor":2.0,"key":"SkillPotion"},{"floor":2.0,"key":"Fire Potion"},{"floor":7,"key":"GhostInAJar"},{"floor":10,"key":"Poison Potion"},{"floor":16,"key":"Poison Potion"},{"floor":18,"key":"GhostInAJar"},{"floor":30,"key":"Swift Potion"},{"floor":31,"key":"Dexterity Potion"}],"is_trial":false,"path_per_floor":["M","?","M","M","M","R","M","E","T","M","E","T","$","E","R","B",null,"M","?","M","M","?","R","$","R","T","E","R","M","E","M","R","B"],"character_chosen":"THE_SILENT","items_purchased":["Lantern","PowerPotion"],"campfire_rested":5,"item_purchase_floors":[13,24],"current_hp_per_floor":[50,50,50,50,43,62,53,23,23,23,15,15,15,3,22,11,52,47,41,40,24,24,43,43,43,43,34,53,43,37,15,34,0],"gold":114,"neow_bonus":"UPGRADE_CARD","is_prod":false,"is_daily":false,"chose_seed":false,"campfire_upgraded":1,"win_rate":0,"timestamp":1550539000,"path_taken":["M","?","M","?","M","R","M","E","T","M","E","?","$","E","R","BOSS","M","?","M","?","?","R","$","R","T","E","R","M","E","M","R","BOSS"],"build_version":"2019-01-23","purchased_purges":2,"victory":false,"max_hp_per_floor":[66,66,66,66,66,66,66,66,66,66,66,66,66,66,66,66,66,66,66,66,66,66,66,66,66,66,66,66,66,66,66,66,66],"card_choices":[{"not_picked":["Dodge and Roll","Deadly Poison"],"picked":"Poisoned Stab","floor":1.0},{"not_picked":["Skewer","Cloak And Dagger"],"picked":"Deadly Poison","floor":3.0},{"not_picked":["Bane","Blade Dance"],"picked":"PiercingWail","floor":4},{"not_picked":["Masterful Stab","Deadly Poison"],"picked":"Leg Sweep","floor":5},{"not_picked":["Outmaneuver","Blade Dance"],"picked":"PiercingWail","floor":7},{"not_picked":["Outmaneuver","Cloak And Dagger"],"picked":"Catalyst","floor":8},{"not_picked":["Accuracy","Acrobatics"],"picked":"Riddle With Holes+1","floor":10},{"not_picked":["Poisoned Stab+1","Tactician"],"picked":"Caltrops","floor":11},{"not_picked":["Unload+1","Deadly Poison","Dagger Spray+1"],"picked":"Well Laid Plans","floor":14},{"not_picked":["Malaise","Night Terror","Phantasmal Killer"],"picked":"Corpse Explosion","floor":16},{"not_picked":["Prepared","Dagger Throw+1","Underhanded Strike+1"],"picked":"Flying Knee+1","floor":18},{"not_picked":["Flying Knee+1","Sucker Punch+1","Escape Plan"],"picked":"Skewer+1","floor":20},{"not_picked":["Eviscerate+1","Concentrate","Quick Slash+1"],"picked":"Dagger Spray+1","floor":21},{"not_picked":["Concentrate","Dagger Throw+1","Sucker Punch+1","Deflect"],"picked":"SKIP","floor":27},{"not_picked":["Bullet Time","PiercingWail","All Out Attack+1"],"picked":"Footwork","floor":29},{"not_picked":["Prepared","Tactician","Calculated Gamble"],"picked":"Acrobatics","floor":30},{"not_picked":["Choke+1","Masterful Stab+1","Skewer+1"],"picked":"Heel Hook+1","floor":31}],"player_experience":954678,"relics_obtained":[{"floor":8,"key":"Molten Egg 2"},{"floor":9,"key":"Gremlin Horn"},{"floor":11,"key":"Vajra"},{"floor":12,"key":"Question Card"},{"floor":14,"key":"Unceasing Top"},{"floor":26,"key":"Bottled Flame"},{"floor":27,"key":"Snake Skull"},{"floor":30,"key":"Potion Belt"}],"event_choices":[{"damage_healed":0.0,"max_hp_gain":0.0,"max_hp_loss":0.0,"gold_gain":0.0,"event_name":"Lab","player_choice":"Got Potions","floor":2.0,"gold_loss":0.0,"damage_taken":0.0},{"damage_healed":0,"gold_gain":50,"player_choice":"Touch","damage_taken":6,"max_hp_gain":0,"max_hp_loss":0,"event_name":"FaceTrader","floor":19,"gold_loss":0},{"damage_healed":0,"gold_gain":0,"player_choice":"Bet on Murderer","damage_taken":0,"max_hp_gain":0,"max_hp_loss":0,"event_name":"The Joust","floor":22,"gold_loss":50}],"is_beta":false,"boss_relics":[{"not_picked":["Black Star","HoveringKite"],"picked":"Philosopher\u0027s Stone"}],"items_purged_floors":[13,24],"is_endless":false,"potions_floor_spawned":[7,10,16,18,30,31],"killed_by":"Collector","ascension_level":20}