{"gold_per_floor":[113,263,263,13,28,28,57,13,13,13,28,38,64,64,64,140,140,159,176,176,176,191,191,20,20,20,20,50,50,65,91,91,167,167,185,185,201,212,21,21,39,39,39,57,157,157,157,168,168,168],"floor_reached":50,"playtime":1855,"items_purged":["Strike_G"],"score":1076,"play_id":"6018c616-0174-4393-a57a-395ae681dba5","local_time":"20190206121649","is_ascension_mode":true,"campfire_choices":[{"data":"Neutralize","floor":6.0,"key":"SMITH"},{"data":"Catalyst","floor":10.0,"key":"SMITH"},{"floor":15.0,"key":"REST"},{"data":"Bouncing Flask","floor":23.0,"key":"SMITH"},{"data":"RitualDagger","floor":27.0,"key":"SMITH"},{"data":"Well Laid Plans","floor":29.0,"key":"SMITH"},{"floor":32.0,"key":"REST"},{"data":"Deadly Poison","floor":40.0,"key":"SMITH"},{"floor":46.0,"key":"REST"},{"floor":49.0,"key":"REST"}],"neow_cost":"NONE","seed_source_timestamp":0,"circlet_count":0,"master_deck":["AscendersBane","Defend_G","Defend_G","Defend_G","Defend_G","Defend_G","Strike_G","Strike_G","Strike_G","Strike_G","Survivor","Neutralize+1","Poisoned Stab","Quick Slash","Escape Plan","Catalyst+1","Flying Knee","Bouncing Flask+1","Cloak And Dagger","Doppelganger","PiercingWail","Terror+1","RitualDagger+1","PiercingWail+1","Backflip","Die Die Die","Blur","Adrenaline","Dodge and Roll+1","Deadly Poison+1","Acrobatics+1","Noxious Fumes+1"],"special_seed":0,"relics":["Ring of the Snake","NeowsBlessing","Omamori","Bronze Scales","Gremlin Horn","Bag of Marbles","Velvet Choker","Vajra","Du-Vu Doll","Darkstone Periapt","The Courier","Runic Pyramid","Oddly Smooth Stone","Mummified Hand","Dead Branch"],"potions_floor_usage":[],"damage_taken":[{"damage":0.0,"enemies":"Jaw Worm","floor":1.0,"turns":1.0},{"damage":0.0,"enemies":"Small Slimes","floor":5.0,"turns":1.0},{"damage":0.0,"enemies":"3 Sentries","floor":7.0,"turns":1.0},{"damage":0.0,"enemies":"Cultist","floor":11.0,"turns":3.0},{"damage":9.0,"enemies":"Blue Slaver","floor":12.0,"turns":3.0},{"damage":14.0,"enemies":"Gremlin Nob","floor":13.0,"turns":3.0},{"damage":42.0,"enemies":"Slime Boss","floor":16.0,"turns":10.0},{"damage":0.0,"enemies":"Chosen","floor":18.0,"turns":2.0},{"damage":0.0,"enemies":"Spheric Guardian","floor":19.0,"turns":3.0},{"damage":16.0,"enemies":"3 Cultists","floor":22.0,"turns":5.0},{"damage":0.0,"enemies":"Gremlin Leader","floor":28.0,"turns":6.0},{"damage":14.0,"enemies":"Shelled Parasite and Fungi","floor":30.0,"turns":4.0},{"damage":17.0,"enemies":"Slavers","floor":31.0,"turns":5.0},{"damage":17.0,"enemies":"Champ","floor":33.0,"turns":12.0},{"damage":16.0,"enemies":"3 Darklings","floor":35.0,"turns":4.0},{"damage":3.0,"enemies":"Orb Walker","floor":37.0,"turns":2.0},{"damage":1.0,"enemies":"3 Darklings","floor":38.0,"turns":4.0},{"damage":13.0,"enemies":"Sphere and 2 Shapes","floor":41.0,"turns":5.0},{"damage":7.0,"enemies":"Writhing Mass","floor":44.0,"turns":5.0},{"damage":0.0,"enemies":"Mind Bloom Boss Battle","floor":45.0,"turns":5.0},{"damage":3.0,"enemies":"Spire Growth","floor":48.0,"turns":3.0},{"damage":66,"enemies":"Donu and Deca","floor":50,"turns":5}],"seed_played":"6146522681545255695","potions_obtained":[{"floor":12.0,"key":"PowerPotion"},{"floor":13.0,"key":"Swift Potion"},{"floor":16.0,"key":"SkillPotion"},{"floor":22.0,"key":"Weak Potion"},{"floor":28.0,"key":"GhostInAJar"},{"floor":35.0,"key":"Regen Potion"},{"floor":41.0,"key":"Block Potion"}],"is_trial":false,"path_per_floor":["M","?","?","$","M","R","E","$","T","R","M","M","E","?","R","B",null,"M","M","?","?","M","R","$","?","T","R","E","R","M","E","R","B",null,"M","?","M","M","$","R","M","$","T","M","?","R","?","M","R","B"],"character_chosen":"THE_SILENT","items_purchased":["Omamori","Well Laid Plans","Catalyst","Vajra","Oddly Smooth Stone"],"campfire_rested":4,"item_purchase_floors":[4,4,8,24,39],"current_hp_per_floor":[59,59,52,52,52,52,52,52,52,52,52,43,29,29,48,6,51,51,51,45,58,42,42,42,42,42,42,42,42,28,11,30,13,53,37,37,34,45,45,45,32,32,32,25,25,44,44,41,60,0],"gold":168,"neow_bonus":"THREE_ENEMY_KILL","is_prod":false,"is_daily":false,"chose_seed":false,"campfire_upgraded":6,"win_rate":0,"timestamp":1549473409,"path_taken":["M","?","?","$","M","R","E","?","T","R","M","M","E","?","R","BOSS","M","M","?","?","M","R","$","?","T","R","E","R","M","E","R","BOSS","M","?","M","M","$","R","M","$","T","M","?","R","?","?","R","BOSS"],"build_version":"2019-01-23","purchased_purges":1,"victory":false,"max_hp_per_floor":[66,66,66,66,66,66,66,66,66,66,66,66,66,66,66,66,66,66,66,66,66,66,66,66,66,66,66,66,66,66,66,66,66,66,66,66,66,66,66,66,66,66,66,66,66,66,66,66,66,66],"card_choices":[{"not_picked":["Slice","Backflip"],"picked":"Poisoned Stab","floor":1.0},{"not_picked":["Heel Hook","Riddle With Holes"],"picked":"Quick Slash","floor":5.0},{"not_picked":["Phantasmal Killer","Crippling Poison"],"picked":"Escape Plan","floor":7.0},{"not_picked":["Underhanded Strike","Acrobatics"],"picked":"Flying Knee","floor":11.0},{"not_picked":["Blade Dance","Flechettes"],"picked":"Bouncing Flask","floor":12.0},{"not_picked":["Flying Knee","Outmaneuver"],"picked":"Cloak And Dagger","floor":13.0},{"not_picked":["Envenom","Storm of Steel"],"picked":"Doppelganger","floor":16.0},{"not_picked":["Leg Sweep","Dagger Throw+1"],"picked":"PiercingWail","floor":18.0},{"not_picked":["Quick Slash","Bane"],"picked":"Terror+1","floor":19.0},{"not_picked":["Outmaneuver","Infinite Blades"],"picked":"PiercingWail","floor":22.0},{"not_picked":["Calculated Gamble","Poisoned Stab"],"picked":"Backflip","floor":28.0},{"not_picked":["Escape Plan","Dagger Throw+1"],"picked":"Die Die Die","floor":30.0},{"not_picked":["Deflect","Quick Slash"],"picked":"Blur","floor":31.0},{"not_picked":["Unload","Venomology"],"picked":"Adrenaline","floor":33.0},{"not_picked":["Poisoned Stab","Setup+1","Expertise"],"picked":"SKIP","floor":35.0},{"not_picked":["Backflip","Accuracy+1"],"picked":"Dodge and Roll+1","floor":37.0},{"not_picked":["Underhanded Strike","PiercingWail"],"picked":"Deadly Poison","floor":38.0},{"not_picked":["Slice","Glass Knife","Backflip"],"picked":"SKIP","floor":41.0},{"not_picked":["Dagger Throw","Tactician+1"],"picked":"Acrobatics+1","floor":44.0},{"not_picked":["Heel Hook","Outmaneuver+1"],"picked":"Noxious Fumes+1","floor":45.0},{"not_picked":["Endless Agony","Expertise+1","Dagger Spray"],"picked":"SKIP","floor":48.0}],"player_experience":879478,"relics_obtained":[{"floor":7.0,"key":"Bronze Scales"},{"floor":9.0,"key":"Gremlin Horn"},{"floor":13.0,"key":"Bag of Marbles"},{"floor":26.0,"key":"Du-Vu Doll"},{"floor":28.0,"key":"Darkstone Periapt"},{"floor":31.0,"key":"The Courier"},{"floor":43.0,"key":"Mummified Hand"},{"floor":45.0,"key":"Dead Branch"}],"event_choices":[{"damage_healed":0.0,"max_hp_gain":0.0,"max_hp_loss":0.0,"gold_gain":150.0,"event_name":"Liars Game","player_choice":"AGREE","floor":2.0,"gold_loss":0.0,"damage_taken":0.0,"cards_obtained":["Doubt"]},{"cards_removed":["Doubt"],"damage_healed":0.0,"max_hp_gain":0.0,"max_hp_loss":0.0,"gold_gain":0.0,"event_name":"Golden Wing","player_choice":"Card Removal","floor":3.0,"gold_loss":0.0,"damage_taken":7.0},{"damage_healed":0.0,"max_hp_gain":0.0,"max_hp_loss":0.0,"gold_gain":0.0,"event_name":"Golden Idol","player_choice":"Ignored","floor":14.0,"gold_loss":0.0,"damage_taken":0.0},{"damage_healed":0.0,"max_hp_gain":0.0,"max_hp_loss":0.0,"gold_gain":0.0,"event_name":"Nest","player_choice":"Joined the Cult","floor":20.0,"gold_loss":0.0,"damage_taken":6.0,"cards_obtained":["RitualDagger"]},{"damage_healed":13.0,"max_hp_gain":0.0,"max_hp_loss":0.0,"gold_gain":0.0,"event_name":"The Library","player_choice":"Heal","floor":21.0,"gold_loss":0.0,"damage_taken":0.0},{"damage_healed":0.0,"max_hp_gain":0.0,"max_hp_loss":0.0,"gold_gain":0.0,"event_name":"The Mausoleum","player_choice":"Ignored","floor":25.0,"gold_loss":0.0,"damage_taken":0.0},{"cards_removed":["Well Laid Plans"],"damage_healed":0.0,"max_hp_gain":0.0,"max_hp_loss":0.0,"gold_gain":0.0,"event_name":"Falling","player_choice":"Removed Power","floor":36.0,"gold_loss":0.0,"damage_taken":0.0},{"damage_healed":0.0,"max_hp_gain":0.0,"max_hp_loss":0.0,"gold_gain":0.0,"event_name":"MindBloom","player_choice":"Fight","floor":45.0,"gold_loss":0.0,"damage_taken":0.0},{"damage_healed":0.0,"max_hp_gain":0.0,"max_hp_loss":0.0,"gold_gain":0.0,"event_name":"Upgrade Shrine","player_choice":"Upgraded","floor":47.0,"gold_loss":0.0,"damage_taken":0.0,"cards_upgraded":["PiercingWail"]}],"is_beta":false,"boss_relics":[{"not_picked":["Busted Crown","Runic Dome"],"picked":"Velvet Choker"},{"not_picked":["White Beast Statue","Black Star"],"picked":"Runic Pyramid"}],"items_purged_floors":[39],"is_endless":false,"potions_floor_spawned":[12,13,16,22,28,35,41],"killed_by":"Donu and Deca","ascension_level":20}