{"gold_per_floor":[117,137,154,79,79,114,114,149,173,173,73,85,100,113,113,215,215,226,244,119,139,139,139,139],"floor_reached":24,"playtime":1656,"items_purged":["Defend_R","Strike_R","Strike_R"],"score":208,"play_id":"dd1b68d5-b9cd-4a8e-9e49-aa29cc5f464c","local_time":"20190203202625","is_ascension_mode":false,"campfire_choices":[{"data":"Armaments","floor":7,"key":"SMITH"},{"data":"Dropkick","floor":10,"key":"SMITH"},{"floor":15,"key":"REST"},{"floor":23,"key":"REST"}],"neow_cost":"NONE","seed_source_timestamp":596452069906514,"circlet_count":0,"master_deck":["Strike_R","Strike_R+1","Strike_R+1","Defend_R","Defend_R","Defend_R","Bash","Perfected Strike+1","Battle Trance+1","Shrug It Off+1","Armaments+1","Dropkick+1"],"relics":["Burning Blood","NeowsBlessing","PreservedInsect","Whetstone","War Paint","Fusion Hammer"],"potions_floor_usage":[6,16,16],"damage_taken":[{"damage":0,"enemies":"Cultist","floor":1,"turns":1},{"damage":0,"enemies":"Small Slimes","floor":2,"turns":1},{"damage":0,"enemies":"2 Louse","floor":3,"turns":1},{"damage":18,"enemies":"3 Sentries","floor":6,"turns":6},{"damage":36,"enemies":"Lagavulin","floor":8,"turns":4},{"damage":1,"enemies":"Blue Slaver","floor":12,"turns":3},{"damage":16,"enemies":"3 Louse","floor":13,"turns":4},{"damage":12,"enemies":"Exordium Thugs","floor":14,"turns":5},{"damage":58,"enemies":"Hexaghost","floor":16,"turns":11},{"damage":23,"enemies":"3 Byrds","floor":18,"turns":7},{"damage":0,"enemies":"Chosen","floor":19,"turns":3},{"damage":39,"enemies":"Centurion and Healer","floor":21,"turns":4},{"damage":0,"enemies":"Book of Stabbing","floor":24,"turns":1}],"seed_played":"-1683538206194655770","potions_obtained":[{"floor":1,"key":"Explosive Potion"},{"floor":8,"key":"SteroidPotion"},{"floor":13,"key":"FairyPotion"},{"floor":14,"key":"Block Potion"}],"is_trial":false,"path_per_floor":["M","M","M","$","?","E","R","E","T","R","$","M","M","M","R","B",null,"M","M","$","M","$","R","E"],"character_chosen":"IRONCLAD","items_purchased":[],"campfire_rested":2,"item_purchase_floors":[],"current_hp_per_floor":[80,80,80,80,80,68,68,38,38,38,38,43,33,27,51,9,80,63,69,69,36,36,60,60],"gold":139,"neow_bonus":"THREE_ENEMY_KILL","is_prod":false,"is_daily":false,"chose_seed":false,"campfire_upgraded":2,"win_rate":0.0,"timestamp":1549254385,"path_taken":["M","?","M","$","?","E","R","E","T","R","$","M","M","M","R","BOSS","M","M","$","?","$","R","E"],"build_version":"2019-01-23","purchased_purges":3,"victory":false,"max_hp_per_floor":[80,80,80,80,80,80,80,80,80,80,80,80,80,80,80,80,80,80,80,80,80,80,80,80],"card_choices":[{"not_picked":["Iron Wave","Whirlwind"],"picked":"Perfected Strike","floor":1},{"not_picked":["Sword Boomerang","Shrug It Off"],"picked":"Battle Trance","floor":2},{"not_picked":["Burning Pact","Hemokinesis"],"picked":"Shrug It Off","floor":3},{"not_picked":["Heavy Blade","Warcry"],"picked":"Armaments","floor":6},{"not_picked":["Metallicize","Feel No Pain"],"picked":"Dropkick","floor":8},{"not_picked":["Intimidate","Shockwave","Impervious"],"picked":"SKIP","floor":12},{"not_picked":["Ghostly Armor","Flex","Reckless Charge"],"picked":"SKIP","floor":13},{"not_picked":["Rupture","Intimidate","Blood for Blood"],"picked":"SKIP","floor":14},{"not_picked":["Thunderclap","Cleave","Flex"],"picked":"SKIP","floor":18},{"not_picked":["Cleave+1","Iron Wave+1","Twin Strike"],"picked":"SKIP","floor":19},{"not_picked":["Bloodletting","Headbutt","Burning Pact"],"picked":"SKIP","floor":21}],"player_experience":52098,"relics_obtained":[{"floor":6,"key":"PreservedInsect"},{"floor":8,"key":"Whetstone"},{"floor":9,"key":"War Paint"}],"event_choices":[{"damage_healed":0,"gold_gain":0,"player_choice":"Upgraded","damage_taken":0,"max_hp_gain":0,"max_hp_loss":0,"event_name":"Upgrade Shrine","floor":5,"gold_loss":0,"cards_upgraded":["Perfected Strike"]}],"is_beta":false,"boss_relics":[{"not_picked":["Runic Pyramid","Velvet Choker"],"picked":"Fusion Hammer"}],"items_purged_floors":[4,11,20],"is_endless":false,"potions_floor_spawned":[1,8,13,14],"killed_by":"Book of Stabbing","ascension_level":0}