{"gold_per_floor":[110,35,45,195,120,120,152,152,227,66,66,76,106,121,121,192,192,212,212,35,52,52,52,52,82,82,82,92,92,92,125,125,203,203,219,219,239,259,269,297,297,312,312,342,354,370,402,13,13,13,13],"floor_reached":51,"playtime":1598,"items_purged":["Strike_B","Strike_B","Strike_B"],"score":1766,"play_id":"413dc7b5-7519-4e9a-93fe-09d44c4b3b29","local_time":"20190223014755","is_ascension_mode":true,"campfire_choices":[{"data":"Melter","floor":6.0,"key":"SMITH"},{"data":"Zap","floor":8.0,"key":"SMITH"},{"data":"Dualcast","floor":11.0,"key":"SMITH"},{"data":"Ball Lightning","floor":15.0,"key":"SMITH"},{"data":"Cold Snap","floor":23.0,"key":"SMITH"},{"floor":27.0,"key":"REST"},{"data":"Ball Lightning","floor":29.0,"key":"SMITH"},{"floor":32.0,"key":"REST"},{"floor":41.0,"key":"RECALL"},{"floor":49.0,"key":"REST"}],"neow_cost":"NONE","seed_source_timestamp":40097208527100,"circlet_count":0,"master_deck":["AscendersBane","Strike_B","Defend_B","Defend_B","Defend_B","Defend_B","Zap+1","Dualcast+1","Cold Snap+1","Melter+1","Ball Lightning+1","White Noise","Loop+1","Biased Cognition+1","Self Repair+1","Buffer+1","Ball Lightning+1","Echo Form+1","Buffer+1","Buffer+1","Echo Form+1","White Noise+1","Core Surge","Static Discharge+1"],"special_seed":0,"relics":["NeowsBlessing","Frozen Egg 2","DataDisk","Oddly Smooth Stone","Velvet Choker","Nloth\u0027s Gift","Symbiotic Virus","Pantograph","Dodecahedron","Fusion Hammer","The Courier","Centennial Puzzle","Cables","Blood Vial","Anchor","Toolbox"],"potions_floor_usage":[],"damage_taken":[{"damage":0.0,"enemies":"Cultist","floor":1.0,"turns":1.0},{"damage":0.0,"enemies":"Small Slimes","floor":3.0,"turns":1.0},{"damage":0.0,"enemies":"Gremlin Nob","floor":7.0,"turns":1.0},{"damage":2.0,"enemies":"Jaw Worm","floor":12.0,"turns":2.0},{"damage":24.0,"enemies":"Lagavulin","floor":13.0,"turns":5.0},{"damage":0.0,"enemies":"Exordium Thugs","floor":14.0,"turns":3.0},{"damage":2.0,"enemies":"The Guardian","floor":16.0,"turns":8.0},{"damage":20.0,"enemies":"Shell Parasite","floor":18.0,"turns":4.0},{"damage":15.0,"enemies":"2 Thieves","floor":21.0,"turns":4.0},{"damage":39.0,"enemies":"Book of Stabbing","floor":25.0,"turns":4.0},{"damage":9.0,"enemies":"Chosen and Byrds","floor":28.0,"turns":4.0},{"damage":38.0,"enemies":"Slavers","floor":31.0,"turns":3.0},{"damage":26.0,"enemies":"Automaton","floor":33.0,"turns":8.0},{"damage":7.0,"enemies":"3 Shapes","floor":35.0,"turns":4.0},{"damage":28.0,"enemies":"Orb Walker","floor":37.0,"turns":4.0},{"damage":2.0,"enemies":"Maw","floor":38.0,"turns":7.0},{"damage":0.0,"enemies":"Sphere and 2 Shapes","floor":39.0,"turns":4.0},{"damage":0.0,"enemies":"Reptomancer","floor":40.0,"turns":7.0},{"damage":0.0,"enemies":"Spire Growth","floor":42.0,"turns":5.0},{"damage":0.0,"enemies":"Giant Head","floor":44.0,"turns":7.0},{"damage":1.0,"enemies":"3 Darklings","floor":45.0,"turns":6.0},{"damage":22.0,"enemies":"Sphere and 2 Shapes","floor":46.0,"turns":4.0},{"damage":45.0,"enemies":"Nemesis","floor":47.0,"turns":5.0},{"damage":0.0,"enemies":"Time Eater","floor":50.0,"turns":9.0},{"damage":85,"enemies":"Awakened One","floor":51,"turns":6}],"seed_played":"-1659138847678507179","potions_obtained":[{"floor":3.0,"key":"Regen Potion"},{"floor":21.0,"key":"PowerPotion"},{"floor":25.0,"key":"Regen Potion"},{"floor":33.0,"key":"AttackPotion"},{"floor":37.0,"key":"Regen Potion"},{"floor":38.0,"key":"AttackPotion"},{"floor":40.0,"key":"Dexterity Potion"},{"floor":44.0,"key":"Energy Potion"},{"floor":47.0,"key":"Fire Potion"}],"is_trial":false,"path_per_floor":["M","$","M","?","?","R","E","R","T","$","R","M","E","M","R","B",null,"M","?","$","M","?","R","?","E","T","R","M","R","?","E","R","B",null,"M","T","M","M","M","E","R","M","T","E","M","M","E","$","R","B","B"],"character_chosen":"DEFECT","items_purchased":["DataDisk","Self Repair+1","Static Discharge+1","PowerPotion","Toolbox"],"campfire_rested":3,"item_purchase_floors":[10,20,48,48,48],"current_hp_per_floor":[64,64,64,64,64,64,64,64,64,64,64,62,47,47,47,45,65,45,45,45,40,54,54,54,25,25,46,59,59,49,11,32,41,64,67,67,59,71,71,71,71,71,71,71,71,49,26,26,47,71,0],"gold":13,"neow_bonus":"THREE_ENEMY_KILL","is_prod":false,"is_daily":false,"chose_seed":false,"campfire_upgraded":6,"win_rate":0,"timestamp":1550879275,"path_taken":["M","$","?","?","?","R","E","R","T","$","R","M","E","M","R","BOSS","M","?","?","M","?","R","?","E","T","R","M","R","?","E","R","BOSS","M","?","?","M","M","E","R","M","T","E","M","M","E","$","R","BOSS","BOSS"],"build_version":"2019-01-23","purchased_purges":3,"victory":false,"max_hp_per_floor":[71,71,71,71,71,71,71,71,71,71,71,71,71,71,71,71,71,71,71,71,71,71,71,71,71,71,71,71,71,71,71,71,71,71,71,71,71,71,71,71,71,71,71,71,71,71,71,71,71,71,71],"card_choices":[{"not_picked":["Compile Driver","Beam Cell"],"picked":"Cold Snap","floor":1.0},{"not_picked":["Coolheaded","Gash"],"picked":"Melter","floor":3.0},{"not_picked":["Glacier","Machine Learning"],"picked":"Ball Lightning","floor":7.0},{"not_picked":["Fusion","Barrage","Rip and Tear"],"picked":"SKIP","floor":12.0},{"not_picked":["Thunder Strike","Auto Shields"],"picked":"White Noise","floor":13.0},{"not_picked":["Streamline","Genetic Algorithm"],"picked":"Loop+1","floor":14.0},{"not_picked":["All For One","Fission"],"picked":"Biased Cognition+1","floor":16.0},{"not_picked":["Rip and Tear","Hello World+1","Coolheaded"],"picked":"SKIP","floor":18.0},{"not_picked":["Aggregate","Beam Cell","Rebound"],"picked":"SKIP","floor":21.0},{"not_picked":["FTL","Rainbow"],"picked":"Buffer+1","floor":25.0},{"not_picked":["Darkness","Cold Snap"],"picked":"Ball Lightning","floor":28.0},{"not_picked":["Reinforced Body+1","Redo"],"picked":"Echo Form+1","floor":31.0},{"not_picked":["Reboot","Seek"],"picked":"Buffer+1","floor":33.0},{"not_picked":["Leap","Redo","Chill"],"picked":"SKIP","floor":35.0},{"not_picked":["Rebound+1","Reprogram","Beam Cell+1"],"picked":"SKIP","floor":37.0},{"not_picked":["Loop+1","Gash"],"picked":"Buffer+1","floor":38.0},{"not_picked":["Auto Shields+1","Leap","Rip and Tear"],"picked":"SKIP","floor":39.0},{"not_picked":["Turbo","Ball Lightning"],"picked":"Echo Form+1","floor":40.0},{"not_picked":["Barrage","Undo"],"picked":"White Noise+1","floor":42.0},{"not_picked":["Echo Form+1","Chill","Rebound"],"picked":"SKIP","floor":44.0},{"not_picked":["Sweeping Beam","Leap"],"picked":"Core Surge","floor":45.0},{"not_picked":["Beam Cell","Chaos","Go for the Eyes"],"picked":"SKIP","floor":46.0},{"not_picked":["Beam Cell","Turbo","Redo"],"picked":"SKIP","floor":47.0}],"player_experience":896223,"relics_obtained":[{"floor":9.0,"key":"Frozen Egg 2"},{"floor":13.0,"key":"Oddly Smooth Stone"},{"floor":25.0,"key":"Symbiotic Virus"},{"floor":26.0,"key":"Pantograph"},{"floor":31.0,"key":"Dodecahedron"},{"floor":36.0,"key":"The Courier"},{"floor":40.0,"key":"Centennial Puzzle"},{"floor":43.0,"key":"Cables"},{"floor":44.0,"key":"Blood Vial"},{"floor":47.0,"key":"Anchor"}],"event_choices":[{"damage_healed":0.0,"max_hp_gain":0.0,"max_hp_loss":0.0,"gold_gain":150.0,"event_name":"Liars Game","player_choice":"AGREE","floor":4.0,"gold_loss":0.0,"damage_taken":0.0,"cards_obtained":["Doubt"]},{"cards_removed":["Doubt"],"damage_healed":0.0,"max_hp_gain":0.0,"max_hp_loss":0.0,"gold_gain":0.0,"event_name":"The Cleric","player_choice":"Card Removal","floor":5.0,"gold_loss":75.0,"damage_taken":0.0},{"damage_healed":0.0,"max_hp_gain":0.0,"max_hp_loss":0.0,"gold_gain":0.0,"event_name":"N\u0027loth","player_choice":"Traded Relic","floor":19.0,"relics_lost":["Cracked Core"],"gold_loss":0.0,"damage_taken":0.0,"relics_obtained":["Nloth\u0027s Gift"]},{"damage_healed":14.0,"max_hp_gain":0.0,"max_hp_loss":0.0,"gold_gain":0.0,"event_name":"The Library","player_choice":"Heal","floor":22.0,"gold_loss":0.0,"damage_taken":0.0},{"damage_healed":0.0,"max_hp_gain":0.0,"max_hp_loss":0.0,"gold_gain":0.0,"event_name":"Vampires","player_choice":"Ignored","floor":24.0,"gold_loss":0.0,"damage_taken":0.0},{"damage_healed":0.0,"max_hp_gain":0.0,"max_hp_loss":0.0,"gold_gain":0.0,"event_name":"Wheel of Change","player_choice":"Damaged","floor":30.0,"gold_loss":0.0,"damage_taken":10.0}],"is_beta":false,"boss_relics":[{"not_picked":["White Beast Statue","Astrolabe"],"picked":"Velvet Choker"},{"not_picked":["Tiny House","Snecko Eye"],"picked":"Fusion Hammer"}],"items_purged_floors":[2,20,48],"is_endless":false,"potions_floor_spawned":[3,21,25,33,37,38,40,44,47],"killed_by":"Awakened One","ascension_level":20}