{"gold_per_floor":[117,117,97,110,123,123,184,210,236,263,275,287,299,325,337,426,438,464,476,403,425,449,461],"floor_reached":23,"playtime":733,"items_purged":[],"score":382,"play_id":"755f17af-f691-4280-9367-3699949f037c","local_time":"20190218223131","is_ascension_mode":true,"campfire_choices":[{"data":"Neutralize","floor":6,"key":"SMITH"},{"floor":11,"key":"REST"},{"data":"Dash","floor":13,"key":"SMITH"},{"floor":15,"key":"REST"}],"neow_cost":"NONE","seed_source_timestamp":42847464122900,"circlet_count":0,"master_deck":["AscendersBane","Defend_G+1","Defend_G+1","Defend_G+1","Defend_G","Strike_G","Strike_G","Strike_G","Strike_G","Survivor","Neutralize+1","Bane+1","Dagger Spray","Dash+1","Noxious Fumes","Escape Plan","Crippling Poison","Well Laid Plans","Die Die Die","Flying Knee"],"relics":["Ring of the Snake","War Paint","Pear","MawBank","Coffee Dripper","Bag of Marbles"],"potions_floor_usage":[7,7,18,23,23],"damage_taken":[{"damage":12,"enemies":"2 Louse","floor":1,"turns":4},{"damage":1,"enemies":"Small Slimes","floor":4,"turns":3},{"damage":0,"enemies":"Cultist","floor":5,"turns":3},{"damage":6,"enemies":"Gremlin Nob","floor":7,"turns":3},{"damage":44,"enemies":"Gremlin Nob","floor":8,"turns":5},{"damage":0,"enemies":"2 Fungi Beasts","floor":10,"turns":4},{"damage":0,"enemies":"Large Slime","floor":14,"turns":4},{"damage":17,"enemies":"The Guardian","floor":16,"turns":11},{"damage":0,"enemies":"Chosen","floor":18,"turns":3},{"damage":7,"enemies":"Spheric Guardian","floor":21,"turns":5},{"damage":1,"enemies":"Centurion and Healer","floor":22,"turns":6},{"damage":58,"enemies":"Book of Stabbing","floor":23,"turns":5}],"seed_played":"-6314289921000149695","potions_obtained":[{"floor":1,"key":"FearPotion"},{"floor":3,"key":"Weak Potion"},{"floor":5,"key":"Regen Potion"},{"floor":8,"key":"FearPotion"},{"floor":16,"key":"Poison Potion"},{"floor":22,"key":"SkillPotion"}],"is_trial":false,"path_per_floor":["M","?","?","M","M","R","?","E","T","M","R","?","R","M","R","B",null,"M","?","?","M","M","E"],"character_chosen":"THE_SILENT","items_purchased":[],"campfire_rested":2,"item_purchase_floors":[],"current_hp_per_floor":[47,47,47,46,46,46,49,15,15,15,37,14,14,14,36,19,62,62,62,62,55,54,0],"gold":461,"neow_bonus":"REMOVE_CARD","is_prod":false,"is_daily":false,"chose_seed":false,"campfire_upgraded":2,"win_rate":0,"timestamp":1550496691,"path_taken":["M","?","?","M","?","R","?","E","T","M","R","?","R","M","R","BOSS","M","?","?","M","M","E"],"build_version":"2019-01-23","purchased_purges":0,"victory":false,"max_hp_per_floor":[66,66,66,66,66,66,66,76,76,76,76,76,76,76,76,76,76,76,76,76,76,76,76],"card_choices":[{"not_picked":["Finisher","Backflip"],"picked":"Bane","floor":1},{"not_picked":["PiercingWail","Poisoned Stab"],"picked":"Dagger Spray","floor":4},{"not_picked":["Quick Slash","Blur"],"picked":"Dash","floor":5},{"not_picked":["Dash","Well Laid Plans"],"picked":"Noxious Fumes","floor":7},{"not_picked":["Underhanded Strike","Backflip"],"picked":"Escape Plan","floor":8},{"not_picked":["Well Laid Plans","Backflip"],"picked":"Crippling Poison","floor":10},{"not_picked":["Calculated Gamble","Reflex"],"picked":"Well Laid Plans","floor":14},{"not_picked":["Night Terror","Doppelganger"],"picked":"Die Die Die","floor":16},{"not_picked":["Setup","Blade Dance","Sucker Punch"],"picked":"SKIP","floor":18},{"not_picked":["Prepared","Dagger Spray","Slice"],"picked":"SKIP","floor":21},{"not_picked":["Expertise","Choke"],"picked":"Flying Knee","floor":22}],"player_experience":1134058,"relics_obtained":[{"floor":8,"key":"Pear"},{"floor":9,"key":"MawBank"}],"event_choices":[{"cards_removed":["Strike_G"],"damage_healed":0,"gold_gain":0,"player_choice":"Forget","damage_taken":0,"max_hp_gain":0,"max_hp_loss":0,"event_name":"Living Wall","floor":2,"gold_loss":0},{"damage_healed":0,"gold_gain":0,"player_choice":"Bought 1 Potion","damage_taken":0,"max_hp_gain":0,"max_hp_loss":0,"event_name":"The Woman in Blue","floor":3,"gold_loss":0},{"damage_healed":0,"gold_gain":30,"player_choice":"Searched \u00273\u0027 times","damage_taken":0,"relics_obtained":["War Paint"],"max_hp_gain":0,"max_hp_loss":0,"event_name":"Dead Adventurer","floor":7,"gold_loss":0},{"damage_healed":0,"gold_gain":0,"player_choice":"Entered Light","damage_taken":23,"max_hp_gain":0,"max_hp_loss":0,"event_name":"Shining Light","floor":12,"gold_loss":0,"cards_upgraded":["Bane","Defend_G"]},{"damage_healed":0,"gold_gain":0,"player_choice":"Ignored","damage_taken":0,"max_hp_gain":0,"max_hp_loss":0,"event_name":"Vampires","floor":19,"gold_loss":0},{"damage_healed":0,"gold_gain":0,"player_choice":"Obtained Relic","damage_taken":0,"relics_obtained":["Bag of Marbles"],"max_hp_gain":0,"max_hp_loss":0,"event_name":"Addict","floor":20,"gold_loss":85}],"is_beta":false,"boss_relics":[{"not_picked":["Ectoplasm","Runic Pyramid"],"picked":"Coffee Dripper"}],"items_purged_floors":[],"is_endless":false,"potions_floor_spawned":[1,5,8,16,22],"killed_by":"Book of Stabbing","ascension_level":20}