{"gold_per_floor":[209,159,234,234,234,265,2,2,2,34,52,66,76,92,92,189,189,204,216,216,24,24,49,49,74,100,100,117,117,130,157,157,259,259,269,287,337,11,28,58,17,17,64,97,37,49,49,79,79,79,79,79,37,72,72],"floor_reached":55,"playtime":3114,"items_purged":["Strike_R+1"],"score":1179,"play_id":"3128105a-b0cd-4b7a-91c0-2367649892a6","local_time":"20181222110216","is_ascension_mode":true,"campfire_choices":[{"data":"Spot Weakness","floor":8,"key":"SMITH"},{"data":"Armaments","floor":15,"key":"SMITH"},{"data":"Spot Weakness","floor":24,"key":"SMITH"},{"data":"Sword Boomerang","floor":29,"key":"SMITH"},{"data":"Double Tap","floor":32,"key":"SMITH"},{"floor":47,"key":"RECALL"},{"data":"Demon Form","floor":49,"key":"SMITH"},{"data":"Clothesline","floor":52,"key":"SMITH"}],"neow_cost":"NONE","seed_source_timestamp":515293506422869,"circlet_count":0,"master_deck":["Strike_R+1","Strike_R+1","Strike_R+1","Defend_R+1","Defend_R+1","Defend_R+1","Defend_R+1","Bash","Whirlwind+1","Spot Weakness+1","Reaper","Sword Boomerang+1","Shrug It Off","Sword Boomerang+1","Armaments+1","Feed","Spot Weakness+1","Iron Wave","Headbutt","Shrug It Off+1","Double Tap+1","Demon Form+1","Heavy Blade+1","Panacea","Iron Wave","Sword Boomerang+1","Clothesline+1","Rage+1"],"relics":["Burning Blood","Blue Candle","War Paint","Lee\u0027s Waffle","Singing Bowl","Bottled Lightning","Coffee Dripper","Chemical X","The Courier","Orichalcum","Happy Flower","Art of War","Busted Crown","FossilizedHelix","Pantograph","Frozen Egg 2","Mummified Hand","Centennial Puzzle","Red Skull"],"potions_floor_usage":[18,23,40,44,55,55,55],"damage_taken":[{"damage":6,"enemies":"Cultist","floor":1,"turns":3},{"damage":18,"enemies":"3 Sentries","floor":6,"turns":4},{"damage":16,"enemies":"Gremlin Nob","floor":10,"turns":3},{"damage":3,"enemies":"Jaw Worm","floor":11,"turns":3},{"damage":0,"enemies":"2 Louse","floor":12,"turns":2},{"damage":7,"enemies":"Looter","floor":13,"turns":3},{"damage":0,"enemies":"Exordium Wildlife","floor":14,"turns":2},{"damage":61,"enemies":"Slime Boss","floor":16,"turns":12},{"damage":15,"enemies":"Shell Parasite","floor":18,"turns":6},{"damage":31,"enemies":"2 Thieves","floor":19,"turns":4},{"damage":5,"enemies":"Gremlin Leader","floor":23,"turns":7},{"damage":0,"enemies":"Slavers","floor":25,"turns":1},{"damage":4,"enemies":"Snecko","floor":28,"turns":4},{"damage":0,"enemies":"Centurion and Healer","floor":30,"turns":4},{"damage":15,"enemies":"Book of Stabbing","floor":31,"turns":4},{"damage":67,"enemies":"Champ","floor":33,"turns":8},{"damage":12,"enemies":"3 Darklings","floor":35,"turns":4},{"damage":5,"enemies":"Orb Walker","floor":36,"turns":3},{"damage":45,"enemies":"2 Orb Walkers","floor":37,"turns":4},{"damage":0,"enemies":"Transient","floor":39,"turns":5},{"damage":10,"enemies":"Nemesis","floor":40,"turns":5},{"damage":24,"enemies":"Reptomancer","floor":44,"turns":7},{"damage":0,"enemies":"Spire Growth","floor":46,"turns":4},{"damage":16,"enemies":"Nemesis","floor":48,"turns":7},{"damage":16,"enemies":"Time Eater","floor":50,"turns":6},{"damage":14,"enemies":"Shield and Spear","floor":54,"turns":3}],"seed_played":"7560205988612851354","potions_obtained":[{"floor":6,"key":"Explosive Potion"},{"floor":10,"key":"BloodPotion"},{"floor":12,"key":"Dexterity Potion"},{"floor":16,"key":"Dexterity Potion"},{"floor":19,"key":"SteroidPotion"},{"floor":25,"key":"Ancient Potion"},{"floor":40,"key":"Regen Potion"}],"is_trial":false,"path_per_floor":["M","?","?","?","?","E","$","R","T","E","M","M","M","M","R","B",null,"M","M","?","$","?","E","R","E","T","?","M","R","M","E","R","B",null,"M","M","?","$","M","E","$","?","T","E","$","M","R","E","R","B",null,"R","$","E","B"],"character_chosen":"IRONCLAD","items_purchased":["Reaper","Lee\u0027s Waffle","Chemical X","Pantograph","Weak Potion","Panacea","Clothesline","Weak Potion"],"campfire_rested":0,"item_purchase_floors":[7,7,21,38,38,38,41,53],"current_hp_per_floor":[80,80,69,69,44,32,87,87,87,79,82,89,89,89,89,44,89,93,94,94,94,94,101,101,101,101,101,105,105,111,102,102,54,111,116,118,91,91,97,97,97,97,97,107,107,117,117,117,117,109,119,119,119,113,0],"gold":72,"neow_bonus":"HUNDRED_GOLD","is_prod":false,"is_daily":false,"chose_seed":false,"campfire_upgraded":7,"win_rate":0,"timestamp":1545494536,"path_taken":["M","?","?","?","?","E","?","R","T","E","M","M","?","M","R","BOSS","M","M","?","$","?","E","R","E","T","?","M","R","M","E","R","BOSS","M","?","?","$","M","E","$","?","T","E","?","M","R","E","R","BOSS","R","$","E","BOSS"],"build_version":"2018-12-20","purchased_purges":1,"victory":false,"max_hp_per_floor":[80,80,80,80,80,80,87,87,87,89,89,89,89,89,89,89,89,95,101,101,101,101,101,101,101,101,101,105,105,111,111,111,111,111,116,118,118,118,118,118,118,112,112,114,114,117,117,119,119,119,119,119,119,121,121],"card_choices":[{"not_picked":["Thunderclap","Flex"],"picked":"Whirlwind","floor":1},{"not_picked":["Anger","Flame Barrier"],"picked":"Spot Weakness","floor":6},{"not_picked":["Entrench","Anger","Fiend Fire"],"picked":"Singing Bowl","floor":10},{"not_picked":["Dual Wield","Reckless Charge"],"picked":"Sword Boomerang","floor":11},{"not_picked":["Fire Breathing","Anger"],"picked":"Shrug It Off","floor":12},{"not_picked":["Flex","Barricade"],"picked":"Sword Boomerang","floor":13},{"not_picked":["Flex","Seeing Red"],"picked":"Armaments","floor":14},{"not_picked":["Double Tap","Fiend Fire"],"picked":"Feed","floor":16},{"not_picked":["Havoc","Carnage","Armaments+1"],"picked":"Singing Bowl","floor":18},{"not_picked":["Havoc+1","Anger","Armaments"],"picked":"Singing Bowl","floor":19},{"not_picked":["Wild Strike+1","Pommel Strike"],"picked":"Iron Wave","floor":23},{"not_picked":["Heavy Blade","Clothesline"],"picked":"Headbutt","floor":25},{"not_picked":["Thunderclap","Havoc"],"picked":"Shrug It Off+1","floor":28},{"not_picked":["Barricade","Dropkick","Cleave"],"picked":"Singing Bowl","floor":30},{"not_picked":["Combust","Feel No Pain"],"picked":"Double Tap","floor":31},{"not_picked":["Brutality","Offering"],"picked":"Demon Form","floor":33},{"not_picked":["Thunderclap"],"picked":"Singing Bowl","floor":35},{"not_picked":["Cleave+1"],"picked":"Singing Bowl","floor":36},{"not_picked":[],"picked":"Heavy Blade+1","floor":37},{"not_picked":[],"picked":"Iron Wave","floor":39},{"not_picked":[],"picked":"Sword Boomerang+1","floor":40},{"not_picked":["Spot Weakness+1"],"picked":"Singing Bowl","floor":44},{"not_picked":[],"picked":"Rage+1","floor":46},{"not_picked":["Pommel Strike+1"],"picked":"Singing Bowl","floor":48},{"not_picked":["Cleave"],"picked":"Singing Bowl","floor":54}],"player_experience":3866611,"relics_obtained":[{"floor":6,"key":"War Paint"},{"floor":9,"key":"Singing Bowl"},{"floor":10,"key":"Bottled Lightning"},{"floor":23,"key":"The Courier"},{"floor":25,"key":"Orichalcum"},{"floor":26,"key":"Happy Flower"},{"floor":31,"key":"Art of War"},{"floor":37,"key":"FossilizedHelix"},{"floor":40,"key":"Frozen Egg 2"},{"floor":44,"key":"Mummified Hand"},{"floor":48,"key":"Centennial Puzzle"},{"floor":54,"key":"Red Skull"}],"event_choices":[{"cards_removed":["Strike_R"],"damage_healed":0,"gold_gain":0,"player_choice":"Card Removal","damage_taken":0,"max_hp_gain":0,"max_hp_loss":0,"event_name":"The Cleric","floor":2,"gold_loss":50},{"damage_healed":0,"gold_gain":75,"player_choice":"Gather Gold","damage_taken":11,"max_hp_gain":0,"max_hp_loss":0,"event_name":"World of Goop","floor":3,"gold_loss":0},{"damage_healed":0,"gold_gain":0,"player_choice":"Grow","damage_taken":0,"max_hp_gain":0,"max_hp_loss":0,"event_name":"Living Wall","floor":4,"gold_loss":0,"cards_upgraded":["Whirlwind"]},{"damage_healed":0,"gold_gain":0,"player_choice":"Success","damage_taken":25,"relics_obtained":["Blue Candle"],"max_hp_gain":0,"max_hp_loss":0,"event_name":"Scrap Ooze","floor":5,"gold_loss":0},{"damage_healed":0,"gold_gain":0,"player_choice":"Read","damage_taken":0,"max_hp_gain":0,"max_hp_loss":0,"event_name":"The Library","floor":20,"gold_loss":0,"cards_obtained":["Spot Weakness"]},{"damage_healed":0,"gold_gain":0,"player_choice":"Simplicity","damage_taken":0,"max_hp_gain":0,"max_hp_loss":0,"event_name":"Back to Basics","floor":22,"gold_loss":0,"cards_upgraded":["Strike_R","Strike_R","Strike_R","Strike_R","Defend_R","Defend_R"]},{"damage_healed":0,"gold_gain":0,"player_choice":"Upgraded","damage_taken":0,"max_hp_gain":0,"max_hp_loss":0,"event_name":"Upgrade Shrine","floor":27,"gold_loss":0,"cards_upgraded":["Sword Boomerang"]},{"damage_healed":0,"gold_gain":0,"player_choice":"Fight","damage_taken":0,"max_hp_gain":0,"max_hp_loss":0,"event_name":"Mysterious Sphere","floor":37,"gold_loss":0},{"damage_healed":0,"gold_gain":0,"player_choice":"Max HP","damage_taken":0,"max_hp_gain":0,"max_hp_loss":6,"event_name":"Winding Halls","floor":42,"gold_loss":0}],"is_beta":true,"boss_relics":[{"not_picked":["Tiny House","Lizard Tail"],"picked":"Coffee Dripper"},{"not_picked":["Pandora\u0027s Box","Empty Cage"],"picked":"Busted Crown"}],"items_purged_floors":[45],"is_endless":false,"potions_floor_spawned":[6,10,12,14,16,19,25,28,36,37,40],"killed_by":"The Heart","ascension_level":1}