{"gold_per_floor":[118,132,142,61,76,108,108,139,189,189,217,233,233,82,82,186,186,199,199,199,229,229,229],"floor_reached":23,"playtime":1313,"items_purged":["Strike_G"],"score":284,"play_id":"e177061b-b705-487e-950b-a54f4fc5dc2f","local_time":"20190213160716","is_ascension_mode":true,"campfire_choices":[{"data":"Neutralize","floor":7,"key":"SMITH"},{"data":"Dash","floor":13,"key":"SMITH"},{"data":"Footwork","floor":15,"key":"SMITH"}],"neow_cost":"NONE","seed_source_timestamp":79422742787309,"circlet_count":0,"master_deck":["Survivor","Neutralize+1","Night Terror","Flying Knee","Well Laid Plans","Poisoned Stab","Dash+1","PiercingWail","Cloak And Dagger","Dagger Throw","Footwork+1","A Thousand Cuts","Sucker Punch","All Out Attack","Blade Dance","Wraith Form v2","Endless Agony","Backstab","Wraith Form v2","Concentrate","Finisher","Ghostly","Ghostly","Ghostly","Ghostly","Ghostly","Backflip"],"relics":["Ring of the Snake","Paper Crane","Bottled Lightning","Strawberry","Art of War","Pandora\u0027s Box","Red Mask","Omamori"],"potions_floor_usage":[8,11,16,16,21],"damage_taken":[{"damage":3,"enemies":"Small Slimes","floor":1,"turns":4},{"damage":11,"enemies":"Jaw Worm","floor":2,"turns":5},{"damage":6,"enemies":"Cultist","floor":3,"turns":4},{"damage":3,"enemies":"Blue Slaver","floor":5,"turns":4},{"damage":29,"enemies":"3 Sentries","floor":6,"turns":10},{"damage":1,"enemies":"Lagavulin","floor":8,"turns":6},{"damage":18,"enemies":"3 Sentries","floor":11,"turns":8},{"damage":7,"enemies":"2 Fungi Beasts","floor":12,"turns":4},{"damage":13,"enemies":"The Guardian","floor":16,"turns":15},{"damage":14,"enemies":"Spheric Guardian","floor":18,"turns":4},{"damage":17,"enemies":"Masked Bandits","floor":21,"turns":6},{"damage":21,"enemies":"Book of Stabbing","floor":23,"turns":8}],"seed_played":"-4817536814787102768","potions_obtained":[{"floor":1,"key":"Energy Potion"},{"floor":3,"key":"LiquidBronze"},{"floor":6,"key":"LiquidBronze"},{"floor":11,"key":"Weak Potion"},{"floor":18,"key":"Explosive Potion"}],"is_trial":false,"path_per_floor":["M","M","M","$","M","E","R","E","T","?","E","M","R","$","R","B",null,"M","$","?","?","T","E"],"character_chosen":"THE_SILENT","items_purchased":["Dash","Footwork"],"campfire_rested":0,"item_purchase_floors":[4,14],"current_hp_per_floor":[67,56,50,50,47,18,18,17,24,49,31,24,24,24,24,11,61,47,47,38,21,21,0],"gold":229,"neow_bonus":"ONE_RANDOM_RARE_CARD","is_prod":false,"is_daily":false,"chose_seed":false,"campfire_upgraded":3,"win_rate":0,"timestamp":1550102836,"path_taken":["M","M","M","$","M","E","R","E","T","?","E","M","R","$","R","BOSS","M","$","?","?","?","E"],"build_version":"2019-01-23","purchased_purges":1,"victory":false,"max_hp_per_floor":[70,70,70,70,70,70,70,70,77,77,77,77,77,77,77,77,77,77,77,38,38,38,38],"card_choices":[{"not_picked":["Backflip","Heel Hook"],"picked":"Flying Knee","floor":1},{"not_picked":["Caltrops","Sucker Punch"],"picked":"Well Laid Plans","floor":2},{"not_picked":["Caltrops","Bane"],"picked":"Poisoned Stab","floor":3},{"not_picked":["Caltrops","Dodge and Roll"],"picked":"PiercingWail","floor":5},{"not_picked":["Unload","Concentrate"],"picked":"Cloak And Dagger","floor":6},{"not_picked":["Poisoned Stab","Calculated Gamble"],"picked":"Dagger Throw","floor":8},{"not_picked":["Poisoned Stab","Expertise","Choke"],"picked":"SKIP","floor":11},{"not_picked":["Finisher","Blade Dance","Slice"],"picked":"SKIP","floor":12},{"not_picked":["Phantasmal Killer","Night Terror"],"picked":"A Thousand Cuts","floor":16},{"not_picked":["Accuracy+1","PiercingWail","Blade Dance"],"picked":"SKIP","floor":18},{"not_picked":["Flying Knee+1","Bane+1"],"picked":"Backflip","floor":21}],"player_experience":141727,"relics_obtained":[{"floor":6,"key":"Paper Crane"},{"floor":8,"key":"Bottled Lightning"},{"floor":9,"key":"Strawberry"},{"floor":11,"key":"Art of War"},{"floor":21,"key":"Red Mask"},{"floor":22,"key":"Omamori"}],"event_choices":[{"damage_healed":25,"gold_gain":0,"player_choice":"Banana","damage_taken":0,"max_hp_gain":0,"max_hp_loss":0,"event_name":"Big Fish","floor":10,"gold_loss":0},{"damage_healed":0,"gold_gain":0,"player_choice":"Became a Ghost","damage_taken":0,"max_hp_gain":0,"max_hp_loss":39,"event_name":"Ghosts","floor":20,"gold_loss":0,"cards_obtained":["Ghostly","Ghostly","Ghostly","Ghostly","Ghostly"]},{"damage_healed":0,"gold_gain":0,"player_choice":"Fought Bandits","damage_taken":0,"max_hp_gain":0,"max_hp_loss":0,"event_name":"Masked Bandits","floor":21,"gold_loss":0}],"is_beta":false,"boss_relics":[{"not_picked":["Orrery","Runic Dome"],"picked":"Pandora\u0027s Box"}],"items_purged_floors":[14],"is_endless":false,"potions_floor_spawned":[1,3,6,11,18],"killed_by":"Book of Stabbing","ascension_level":5}