{"gold_per_floor":[109,109,20,20,32,59,59,59,83,119,144,162,200,212,224,357,369,404,436,110,35,35],"floor_reached":22,"playtime":1762,"items_purged":["Strike_B+1"],"score":252,"play_id":"7defcc4c-d080-47a9-b5b7-78bba308bbdc","local_time":"20181204192101","is_ascension_mode":false,"campfire_choices":[{"data":"Dualcast","floor":8.0,"key":"SMITH"},{"data":"Zap","floor":15.0,"key":"SMITH"}],"neow_cost":"NONE","seed_source_timestamp":0,"circlet_count":0,"master_deck":["Strike_B+1","Defend_B","Defend_B","Zap+1","Dualcast+1","Gash","Scrape","Go for the Eyes","Skim","Beam Cell","Reprogram","Self Repair","Machine Learning","Coolheaded","Glacier","Impatience","FTL","Chill","Capacitor"],"special_seed":0,"relics":["Cracked Core","NeowsBlessing","Orichalcum","Golden Idol","Happy Flower","Question Card","MawBank","Empty Cage"],"potions_floor_usage":[22,22],"damage_taken":[{"damage":0.0,"enemies":"2 Louse","floor":1.0,"turns":1.0},{"damage":0.0,"enemies":"Small Slimes","floor":5.0,"turns":1.0},{"damage":0.0,"enemies":"Gremlin Nob","floor":6.0,"turns":1.0},{"damage":6.0,"enemies":"Lagavulin","floor":10.0,"turns":5.0},{"damage":2.0,"enemies":"Jaw Worm","floor":11.0,"turns":2.0},{"damage":2.0,"enemies":"Blue Slaver","floor":12.0,"turns":2.0},{"damage":0.0,"enemies":"Gremlin Nob","floor":13.0,"turns":3.0},{"damage":25.0,"enemies":"Slime Boss","floor":16.0,"turns":7.0},{"damage":0.0,"enemies":"Spheric Guardian","floor":18.0,"turns":3.0},{"damage":23.0,"enemies":"3 Byrds","floor":19.0,"turns":6.0},{"damage":22,"enemies":"Colosseum Slavers","floor":22,"turns":5},{"damage":41,"enemies":"Colosseum Nobs","floor":22,"turns":4}],"seed_played":"-1943465631792157911","potions_obtained":[{"floor":5.0,"key":"SpeedPotion"},{"floor":11.0,"key":"FearPotion"},{"floor":12.0,"key":"Swift Potion"}],"is_trial":false,"path_per_floor":["M","?","$","?","M","E","?","R","T","E","M","M","E","?","R","B",null,"M","M","$","?","?"],"character_chosen":"DEFECT","items_purchased":["Scrape","Go for the Eyes","Impatience","FTL","Chill","Capacitor"],"campfire_rested":0,"item_purchase_floors":[3,3,20,20,20,20],"current_hp_per_floor":[75,60,60,60,60,60,60,60,60,54,52,50,50,50,50,32,69,69,53,53,53,0],"gold":35,"neow_bonus":"THREE_ENEMY_KILL","is_prod":false,"is_daily":false,"chose_seed":false,"campfire_upgraded":2,"win_rate":0.0,"timestamp":1543972861,"path_taken":["M","?","$","?","M","E","?","R","T","E","M","M","E","?","R","BOSS","M","M","$","?","?"],"build_version":"2018-11-15","purchased_purges":1,"victory":false,"max_hp_per_floor":[75,75,75,75,75,75,69,69,69,69,69,69,69,69,69,69,69,69,69,69,69,69],"card_choices":[{"not_picked":["Hologram","Scrape"],"picked":"Gash","floor":1.0},{"not_picked":["Stack","Rebound","Turbo"],"picked":"SKIP","floor":5.0},{"not_picked":["Leap","Darkness"],"picked":"Skim","floor":6.0},{"not_picked":["Ball Lightning","Leap"],"picked":"Beam Cell","floor":10.0},{"not_picked":["Stack","Ball Lightning","Steam Power","Turbo"],"picked":"SKIP","floor":11.0},{"not_picked":["Rebound","BootSequence","Compile Driver"],"picked":"Reprogram","floor":12.0},{"not_picked":["Compile Driver","Redo","Fusion"],"picked":"Self Repair","floor":13.0},{"not_picked":["Multi-Cast","Meteor Strike","Echo Form"],"picked":"Machine Learning","floor":16.0},{"not_picked":["Loop+1","Doom and Gloom","Ball Lightning"],"picked":"Coolheaded","floor":18.0},{"not_picked":["Storm","Compile Driver","Leap"],"picked":"Glacier","floor":19.0}],"player_experience":284720,"relics_obtained":[{"floor":6.0,"key":"Orichalcum"},{"floor":9.0,"key":"Happy Flower"},{"floor":10.0,"key":"Question Card"},{"floor":13.0,"key":"MawBank"}],"event_choices":[{"damage_healed":0.0,"max_hp_gain":0.0,"max_hp_loss":0.0,"gold_gain":0.0,"event_name":"Shining Light","player_choice":"Entered Light","floor":2.0,"gold_loss":0.0,"damage_taken":15.0,"cards_upgraded":["Strike_B","Strike_B"]},{"cards_removed":["Strike_B"],"damage_healed":0.0,"max_hp_gain":0.0,"max_hp_loss":0.0,"gold_gain":0.0,"event_name":"Living Wall","player_choice":"Forget","floor":4.0,"gold_loss":0.0,"damage_taken":0.0},{"damage_healed":0.0,"max_hp_gain":0.0,"max_hp_loss":6.0,"gold_gain":0.0,"event_name":"Golden Idol","player_choice":"Lose Max HP","floor":7.0,"gold_loss":0.0,"damage_taken":0.0,"relics_obtained":["Golden Idol"]},{"damage_healed":0.0,"max_hp_gain":0.0,"max_hp_loss":0.0,"gold_gain":0.0,"event_name":"Liars Game","player_choice":"Ignored","floor":14.0,"gold_loss":0.0,"damage_taken":0.0},{"cards_removed":["Defend_B"],"damage_healed":0.0,"max_hp_gain":0.0,"max_hp_loss":0.0,"gold_gain":0.0,"event_name":"Beggar","player_choice":"Gave Gold","floor":21.0,"gold_loss":75.0,"damage_taken":0.0},{"damage_healed":0,"gold_gain":0,"player_choice":"Fight","damage_taken":0,"max_hp_gain":0,"max_hp_loss":0,"event_name":"Colosseum","floor":22,"gold_loss":0},{"damage_healed":0,"gold_gain":0,"player_choice":"Fought Nobs","damage_taken":0,"max_hp_gain":0,"max_hp_loss":0,"event_name":"Colosseum","floor":22,"gold_loss":0}],"is_beta":false,"boss_relics":[{"not_picked":["Coffee Dripper","White Beast Statue"],"picked":"Empty Cage"}],"items_purged_floors":[20],"is_endless":false,"potions_floor_spawned":[5,11,12],"killed_by":"Colosseum Nobs","ascension_level":0}