{"gold_per_floor":[109,120,120,120,295,295,331,345,368,387,422,1,44,44,44,173,173,194,215,185,203,222,222,260,260,312,312,352,352,366,23,23,144,144,157,181,194,416,434,473,473,513,566,566,601,619,637,287,287,287,287,287,56,94,94],"floor_reached":56,"playtime":5460,"items_purged":["Doubt","Strike_R"],"score":1638,"play_id":"f72ad5eb-5c90-4561-942c-f2ff7e56d407","local_time":"20190130002816","is_ascension_mode":true,"campfire_choices":[{"data":"Bash","floor":6,"key":"SMITH"},{"data":"Demon Form","floor":15,"key":"SMITH"},{"data":"Armaments","floor":23,"key":"SMITH"},{"data":"Shockwave","floor":25,"key":"SMITH"},{"data":"Metallicize","floor":32,"key":"SMITH"},{"floor":41,"key":"RECALL"},{"data":"Barricade","floor":44,"key":"SMITH"},{"data":"Offering","floor":49,"key":"SMITH"},{"data":"Demon Form","floor":52,"key":"SMITH"}],"neow_cost":"NONE","seed_source_timestamp":3844000719204738,"circlet_count":0,"master_deck":["Strike_R","Strike_R","Strike_R+1","Strike_R+1","Defend_R","Defend_R","Defend_R","Defend_R","Bash+1","Clothesline+1","Shockwave+1","Thunderclap","Battle Trance","Metallicize+1","Demon Form+1","Armaments+1","Havoc","Offering+1","Shrug It Off","Warcry","Disarm","Iron Wave","Havoc","Bloodletting+1","Feed","Ghostly+1","Ghostly+1","Ghostly+1","Ghostly+1","Ghostly+1","Anger","Seeing Red+1","Chrysalis+1","Demon Form+1","Headbutt","True Grit+1","Shrug It Off+1","Barricade+1","Flame Barrier+1","Iron Wave+1","Sword Boomerang+1","Exhume+1","Sword Boomerang","Feel No Pain","Havoc+1","Warcry+1","Reaper"],"relics":["Burning Blood","NeowsBlessing","Golden Idol","Whetstone","Lantern","Strawberry","Mummified Hand","Torii","Runic Pyramid","Matryoshka","Toxic Egg 2","Blood Vial","Red Mask","Sozu","Oddly Smooth Stone","Blue Candle","Dodecahedron","Ornamental Fan","Membership Card","Thread and Needle","Boot"],"potions_floor_usage":[16,19,19,28,28,55,55],"damage_taken":[{"damage":0,"enemies":"Cultist","floor":1,"turns":1},{"damage":0,"enemies":"Jaw Worm","floor":2,"turns":1},{"damage":0,"enemies":"3 Sentries","floor":7,"turns":2},{"damage":0,"enemies":"2 Louse","floor":8,"turns":3},{"damage":5,"enemies":"Exordium Thugs","floor":10,"turns":5},{"damage":38,"enemies":"Lagavulin","floor":11,"turns":9},{"damage":22,"enemies":"3 Sentries","floor":13,"turns":8},{"damage":0,"enemies":"Hexaghost","floor":16,"turns":9},{"damage":3,"enemies":"Shell Parasite","floor":18,"turns":7},{"damage":18,"enemies":"2 Thieves","floor":19,"turns":4},{"damage":14,"enemies":"Shelled Parasite and Fungi","floor":21,"turns":8},{"damage":10,"enemies":"Centurion and Healer","floor":22,"turns":7},{"damage":6,"enemies":"Book of Stabbing","floor":24,"turns":7},{"damage":44,"enemies":"Masked Bandits","floor":28,"turns":5},{"damage":1,"enemies":"Snecko","floor":30,"turns":7},{"damage":11,"enemies":"Champ","floor":33,"turns":12},{"damage":2,"enemies":"3 Shapes","floor":35,"turns":6},{"damage":7,"enemies":"3 Darklings","floor":36,"turns":7},{"damage":6,"enemies":"Transient","floor":37,"turns":5},{"damage":9,"enemies":"Jaw Worm Horde","floor":39,"turns":6},{"damage":2,"enemies":"Giant Head","floor":40,"turns":6},{"damage":27,"enemies":"Reptomancer","floor":42,"turns":10},{"damage":6,"enemies":"Nemesis","floor":45,"turns":9},{"damage":6,"enemies":"Spire Growth","floor":46,"turns":6},{"damage":6,"enemies":"4 Shapes","floor":47,"turns":7},{"damage":8,"enemies":"Awakened One","floor":50,"turns":10},{"damage":2,"enemies":"Shield and Spear","floor":54,"turns":8},{"damage":59,"enemies":"The Heart","floor":55,"turns":9}],"seed_played":"720589364116604085","potions_obtained":[{"floor":2,"key":"Weak Potion"},{"floor":7,"key":"Weak Potion"},{"floor":11,"key":"SkillPotion"},{"floor":13,"key":"SkillPotion"},{"floor":19,"key":"Fruit Juice"},{"floor":20,"key":"Dexterity Potion"},{"floor":20,"key":"SneckoOil"},{"floor":24,"key":"Strength Potion"},{"floor":33,"key":"Swift Potion"}],"is_trial":false,"path_per_floor":["M","M","?","?","?","R","E","M","T","M","E","$","E","?","R","B",null,"M","M","?","M","M","R","E","R","T","?","?","?","M","$","R","B",null,"M","M","M","?","M","E","R","E","T","R","E","M","M","$","R","B",null,"R","$","E","B",null],"character_chosen":"IRONCLAD","items_purchased":["Demon Form","Mummified Hand","Seeing Red+1","Chrysalis+1","Membership Card","Exhume+1","Sword Boomerang","Thread and Needle","Feel No Pain","Havoc+1","Warcry+1"],"campfire_rested":0,"item_purchase_floors":[12,12,31,31,48,48,48,53,53,53,53],"current_hp_per_floor":[80,80,60,60,60,60,66,72,72,73,48,48,32,32,32,38,87,87,80,80,72,68,68,68,68,68,68,32,32,39,39,39,40,50,54,53,54,54,54,60,60,43,43,43,48,54,59,59,59,62,77,77,77,81,74],"gold":94,"neow_bonus":"THREE_ENEMY_KILL","is_prod":false,"is_daily":false,"chose_seed":false,"campfire_upgraded":8,"win_rate":0,"timestamp":1548826096,"path_taken":["M","M","?","?","?","R","E","M","T","?","E","$","E","?","R","BOSS","M","M","?","?","M","R","E","R","T","?","?","?","M","$","R","BOSS","M","M","M","?","M","E","R","E","T","R","E","M","M","$","R","BOSS","R","$","E","BOSS"],"build_version":"2019-01-23","purchased_purges":2,"victory":true,"max_hp_per_floor":[80,80,80,80,80,80,80,80,80,80,87,87,87,87,87,87,87,87,92,92,92,92,92,92,92,92,92,92,46,46,46,46,50,50,54,54,54,54,57,60,60,64,64,64,67,71,74,74,74,77,77,77,77,81,81],"card_choices":[{"not_picked":["Flex","Heavy Blade","Dual Wield"],"picked":"SKIP","floor":1},{"not_picked":["Sword Boomerang","True Grit"],"picked":"Clothesline","floor":2},{"not_picked":["Fire Breathing","Sentinel"],"picked":"Shockwave","floor":7},{"not_picked":["Flex","Heavy Blade"],"picked":"Thunderclap","floor":8},{"not_picked":["Iron Wave","Flex"],"picked":"Battle Trance","floor":10},{"not_picked":["Havoc","Rupture"],"picked":"Metallicize","floor":11},{"not_picked":["Bloodletting","Limit Break"],"picked":"Armaments","floor":13},{"not_picked":["Immolate","Demon Form"],"picked":"Offering","floor":16},{"not_picked":["Armaments","Sever Soul"],"picked":"Shrug It Off","floor":18},{"not_picked":["Clash","Spot Weakness+1"],"picked":"Warcry","floor":19},{"not_picked":["Cleave","Heavy Blade"],"picked":"Disarm","floor":21},{"not_picked":["Anger","True Grit"],"picked":"Iron Wave","floor":22},{"not_picked":["Carnage","Hemokinesis"],"picked":"Havoc","floor":24},{"not_picked":["Body Slam","Iron Wave"],"picked":"Feed","floor":28},{"not_picked":["Rampage","Perfected Strike"],"picked":"Anger","floor":30},{"not_picked":["Reaper","Dark Embrace"],"picked":"Demon Form","floor":33},{"not_picked":["Clothesline+1","Flame Barrier+1"],"picked":"Headbutt","floor":35},{"not_picked":["Rupture","Clash","Entrench+1"],"picked":"SKIP","floor":36},{"not_picked":["Wild Strike","Iron Wave"],"picked":"True Grit+1","floor":37},{"not_picked":["Flex+1","Clothesline"],"picked":"Shrug It Off+1","floor":39},{"not_picked":["Corruption+1","Perfected Strike+1","Flex+1"],"picked":"SKIP","floor":40},{"not_picked":["Dark Embrace","Perfected Strike+1"],"picked":"Barricade","floor":42},{"not_picked":["Pommel Strike+1","Clash"],"picked":"Flame Barrier+1","floor":45},{"not_picked":["Cleave+1","Seeing Red+1"],"picked":"Iron Wave+1","floor":46},{"not_picked":["Thunderclap+1","Inflame"],"picked":"Sword Boomerang+1","floor":47},{"not_picked":["True Grit+1","Clothesline+1"],"picked":"Reaper","floor":54}],"player_experience":4270795,"relics_obtained":[{"floor":7,"key":"Whetstone"},{"floor":9,"key":"Lantern"},{"floor":11,"key":"Strawberry"},{"floor":13,"key":"Torii"},{"floor":24,"key":"Matryoshka"},{"floor":26,"key":"Toxic Egg 2"},{"floor":26,"key":"Blood Vial"},{"floor":28,"key":"Red Mask"},{"floor":40,"key":"Oddly Smooth Stone"},{"floor":42,"key":"Blue Candle"},{"floor":43,"key":"Dodecahedron"},{"floor":45,"key":"Ornamental Fan"},{"floor":54,"key":"Boot"}],"event_choices":[{"damage_healed":0,"gold_gain":0,"player_choice":"Take Damage","damage_taken":20,"relics_obtained":["Golden Idol"],"max_hp_gain":0,"max_hp_loss":0,"event_name":"Golden Idol","floor":3,"gold_loss":0},{"damage_healed":0,"gold_gain":0,"player_choice":"Grow","damage_taken":0,"max_hp_gain":0,"max_hp_loss":0,"event_name":"Living Wall","floor":4,"gold_loss":0,"cards_upgraded":["Clothesline"]},{"damage_healed":0,"gold_gain":175,"player_choice":"AGREE","damage_taken":0,"max_hp_gain":0,"max_hp_loss":0,"event_name":"Liars Game","floor":5,"gold_loss":0,"cards_obtained":["Doubt"]},{"damage_healed":0,"gold_gain":0,"player_choice":"1 cards matched","damage_taken":0,"max_hp_gain":0,"max_hp_loss":0,"event_name":"Match and Keep!","floor":14,"gold_loss":0,"cards_obtained":["Havoc"]},{"damage_healed":0,"gold_gain":0,"player_choice":"Bought 2 Potions","damage_taken":0,"max_hp_gain":0,"max_hp_loss":0,"event_name":"The Woman in Blue","floor":20,"gold_loss":0},{"damage_healed":0,"gold_gain":0,"player_choice":"Read","damage_taken":0,"max_hp_gain":0,"max_hp_loss":0,"event_name":"The Library","floor":27,"gold_loss":0,"cards_obtained":["Bloodletting"]},{"damage_healed":0,"gold_gain":0,"player_choice":"Fought Bandits","damage_taken":0,"max_hp_gain":0,"max_hp_loss":0,"event_name":"Masked Bandits","floor":28,"gold_loss":0},{"damage_healed":0,"gold_gain":0,"player_choice":"Became a Ghost","damage_taken":0,"max_hp_gain":0,"max_hp_loss":46,"event_name":"Ghosts","floor":29,"gold_loss":0,"cards_obtained":["Ghostly","Ghostly","Ghostly","Ghostly","Ghostly"]},{"damage_healed":0,"gold_gain":222,"player_choice":"Wore Mask","damage_taken":0,"max_hp_gain":0,"max_hp_loss":0,"event_name":"Tomb of Lord Red Mask","floor":38,"gold_loss":0}],"is_beta":true,"boss_relics":[{"not_picked":["Runic Cube","White Beast Statue"],"picked":"Runic Pyramid"},{"not_picked":["Runic Dome","Tiny House"],"picked":"Sozu"}],"items_purged_floors":[31,48],"is_endless":false,"potions_floor_spawned":[2,7,11,13,19,24,33,35,37,42,45],"ascension_level":1}