{"gold_per_floor":[113,113,133,133,133,173,194,207,232,232,2,17,17,30,30,126,126,147,147,167,167,82,82,118,143,143,268,268,309,321,106,106,195,195,219,240,240,240,259,290,290,148,171,171,296,327,660,330,330,330],"floor_reached":51,"playtime":2185,"items_purged":["Regret"],"score":1449,"play_id":"bc1c0ae1-3eab-4684-bf19-d02ced979275","local_time":"20190222214721","is_ascension_mode":true,"campfire_choices":[{"data":"True Grit","floor":10,"key":"SMITH"},{"data":"Combust","floor":13,"key":"SMITH"},{"data":"Body Slam","floor":15,"key":"SMITH"},{"data":"Demon Form","floor":23,"key":"SMITH"},{"data":"Heavy Blade","floor":28,"key":"SMITH"},{"data":"Rupture","floor":30,"key":"SMITH"},{"data":"Rupture","floor":32,"key":"SMITH"},{"floor":41,"key":"REST"},{"data":"Brutality","floor":44,"key":"SMITH"},{"data":"Transmutation","floor":49,"key":"SMITH"}],"neow_cost":"NONE","seed_source_timestamp":680191060618544,"circlet_count":0,"master_deck":["AscendersBane","Strike_R+1","Strike_R+1","Strike_R+1","Strike_R+1","Strike_R+1","Defend_R+1","Defend_R+1","Defend_R+1","Defend_R+1","Shrug It Off","Wild Strike","Clothesline","True Grit+1","Combust+1","Body Slam+1","Sword Boomerang","Fiend Fire","Clothesline+1","Demon Form+1","Ghostly","Ghostly","Ghostly","Ghostly","Ghostly","Twin Strike","Heavy Blade+1","Immolate","Rupture+1","Rupture+1","Brutality+1","Pummel","Warcry","Transmutation+1","Sword Boomerang","Evolve","Reaper","Sentinel"],"relics":["Burning Blood","NeowsBlessing","Regal Pillow","Orichalcum","Art of War","War Paint","PreservedInsect","Mark of Pain","Centennial Puzzle","Strawberry","Self Forming Clay","WingedGreaves","Letter Opener","MawBank","Bag of Preparation","Velvet Choker","Ornamental Fan","Oddly Smooth Stone","Bird Faced Urn","Ice Cream","Potion Belt"],"potions_floor_usage":[16,25,33,35,45,50,50],"damage_taken":[{"damage":0,"enemies":"2 Louse","floor":1,"turns":1},{"damage":0,"enemies":"Small Slimes","floor":3,"turns":1},{"damage":0,"enemies":"Gremlin Nob","floor":6,"turns":1},{"damage":3,"enemies":"Cultist","floor":7,"turns":3},{"damage":4,"enemies":"Looter","floor":8,"turns":3},{"damage":7,"enemies":"3 Louse","floor":12,"turns":3},{"damage":18,"enemies":"Gremlin Gang","floor":14,"turns":4},{"damage":43,"enemies":"The Guardian","floor":16,"turns":12},{"damage":0,"enemies":"Chosen","floor":18,"turns":4},{"damage":21,"enemies":"Spheric Guardian","floor":20,"turns":4},{"damage":1,"enemies":"Book of Stabbing","floor":24,"turns":5},{"damage":4,"enemies":"Centurion and Healer","floor":25,"turns":6},{"damage":5,"enemies":"Colosseum Slavers","floor":27,"turns":6},{"damage":4,"enemies":"Colosseum Nobs","floor":27,"turns":5},{"damage":6,"enemies":"Slavers","floor":29,"turns":5},{"damage":30,"enemies":"Champ","floor":33,"turns":8},{"damage":2,"enemies":"3 Darklings","floor":35,"turns":3},{"damage":2,"enemies":"Orb Walker","floor":36,"turns":3},{"damage":2,"enemies":"Sphere and 2 Shapes","floor":39,"turns":4},{"damage":34,"enemies":"Giant Head","floor":40,"turns":7},{"damage":4,"enemies":"Mind Bloom Boss Battle","floor":45,"turns":5},{"damage":8,"enemies":"Nemesis","floor":46,"turns":7},{"damage":53,"enemies":"Awakened One","floor":50,"turns":9}],"seed_played":"8073737340892977473","potions_obtained":[{"floor":1,"key":"Regen Potion"},{"floor":7,"key":"FearPotion"},{"floor":8,"key":"SkillPotion"},{"floor":16,"key":"BloodPotion"},{"floor":29,"key":"Energy Potion"},{"floor":33,"key":"Regen Potion"},{"floor":35,"key":"Fruit Juice"},{"floor":36,"key":"Swift Potion"}],"is_trial":false,"path_per_floor":["M","?","M","?","?","E","M","M","T","R","$","M","R","M","R","B",null,"M","?","M","?","?","R","E","M","T","?","R","E","R","$","R","B",null,"M","M","?","?","M","E","R","$","T","R","?","E","?","$","R","B",null],"character_chosen":"IRONCLAD","items_purchased":["PreservedInsect","Rupture","Bag of Preparation","Reaper","Potion Belt","Fire Potion","Poison Potion","EssenceOfSteel"],"campfire_rested":1,"item_purchase_floors":[11,31,31,42,48,48,48,48],"current_hp_per_floor":[74,56,62,59,59,65,68,70,70,70,70,69,69,57,57,20,61,67,67,52,37,37,37,44,44,44,44,44,44,44,44,44,25,39,48,49,49,49,49,21,49,49,49,49,49,49,49,49,49,26],"gold":330,"neow_bonus":"THREE_ENEMY_KILL","is_prod":false,"is_daily":false,"chose_seed":false,"campfire_upgraded":9,"win_rate":0,"timestamp":1550893641,"path_taken":["M","?","M","?","?","E","M","M","T","R","$","M","R","M","R","BOSS","M","?","M","?","?","R","E","M","T","?","R","E","R","?","R","BOSS","M","?","?","?","?","E","R","$","T","R","?","E","?","?","R","BOSS"],"build_version":"2019-01-23","purchased_purges":1,"victory":true,"max_hp_per_floor":[75,75,75,75,75,75,75,75,75,75,75,75,75,75,75,75,75,75,75,75,37,37,37,44,44,44,44,44,44,44,44,44,44,44,49,49,49,49,49,49,49,49,49,49,49,49,49,49,49,49],"card_choices":[{"not_picked":["Combust","Pommel Strike"],"picked":"Shrug It Off","floor":1},{"not_picked":["Dropkick","Headbutt"],"picked":"Wild Strike","floor":3},{"not_picked":["Thunderclap","Berserk"],"picked":"Clothesline","floor":6},{"not_picked":["Iron Wave","Havoc"],"picked":"True Grit","floor":7},{"not_picked":["Iron Wave","Headbutt"],"picked":"Combust","floor":8},{"not_picked":["Headbutt","Clash"],"picked":"Body Slam","floor":12},{"not_picked":["Barricade","Armaments"],"picked":"Sword Boomerang","floor":14},{"not_picked":["Dark Embrace","Double Tap"],"picked":"Fiend Fire","floor":16},{"not_picked":["Warcry","Headbutt"],"picked":"Clothesline+1","floor":18},{"not_picked":["Shrug It Off","Havoc"],"picked":"Demon Form","floor":20},{"not_picked":["Warcry","Clash"],"picked":"Twin Strike","floor":24},{"not_picked":["Clothesline+1","Perfected Strike"],"picked":"Heavy Blade","floor":25},{"not_picked":["Dual Wield","Reckless Charge"],"picked":"Immolate","floor":27},{"not_picked":["Ghostly Armor","Feel No Pain"],"picked":"Rupture","floor":29},{"not_picked":["Exhume","Barricade"],"picked":"Brutality","floor":33},{"not_picked":["Body Slam","True Grit"],"picked":"Pummel","floor":35},{"not_picked":["Iron Wave","Carnage+1"],"picked":"Warcry","floor":36},{"not_picked":["Thinking Ahead","Impatience"],"picked":"Transmutation","floor":37},{"not_picked":["Sentinel","Anger"],"picked":"Sword Boomerang","floor":39},{"not_picked":["Cleave","Rage"],"picked":"Evolve","floor":40},{"not_picked":["Twin Strike","Anger"],"picked":"Sentinel","floor":45},{"not_picked":["Power Through","Cleave","Blood for Blood"],"picked":"SKIP","floor":46}],"player_experience":584710,"relics_obtained":[{"floor":6,"key":"Art of War"},{"floor":9,"key":"War Paint"},{"floor":24,"key":"Strawberry"},{"floor":26,"key":"Self Forming Clay"},{"floor":27,"key":"WingedGreaves"},{"floor":27,"key":"Letter Opener"},{"floor":29,"key":"MawBank"},{"floor":40,"key":"Ornamental Fan"},{"floor":43,"key":"Oddly Smooth Stone"},{"floor":45,"key":"Bird Faced Urn"},{"floor":46,"key":"Ice Cream"}],"event_choices":[{"damage_healed":0,"gold_gain":0,"player_choice":"Take Damage","damage_taken":18,"relics_obtained":["Golden Idol"],"max_hp_gain":0,"max_hp_loss":0,"event_name":"Golden Idol","floor":2,"gold_loss":0},{"damage_healed":0,"gold_gain":0,"player_choice":"Success","damage_taken":3,"relics_obtained":["Regal Pillow"],"max_hp_gain":0,"max_hp_loss":0,"event_name":"Scrap Ooze","floor":4,"gold_loss":0},{"damage_healed":0,"gold_gain":0,"player_choice":"Box","damage_taken":0,"relics_obtained":["Orichalcum"],"max_hp_gain":0,"max_hp_loss":0,"event_name":"Big Fish","floor":5,"gold_loss":0,"cards_obtained":["Regret"]},{"damage_healed":0,"gold_gain":0,"player_choice":"Simplicity","damage_taken":0,"max_hp_gain":0,"max_hp_loss":0,"event_name":"Back to Basics","floor":19,"gold_loss":0,"cards_upgraded":["Strike_R","Strike_R","Strike_R","Strike_R","Strike_R","Defend_R","Defend_R"]},{"damage_healed":0,"gold_gain":0,"player_choice":"Became a Ghost","damage_taken":0,"max_hp_gain":0,"max_hp_loss":38,"event_name":"Ghosts","floor":21,"gold_loss":0,"cards_obtained":["Ghostly","Ghostly","Ghostly","Ghostly","Ghostly"]},{"damage_healed":0,"gold_gain":0,"player_choice":"Obtained Relic","damage_taken":0,"relics_obtained":["Centennial Puzzle"],"max_hp_gain":0,"max_hp_loss":0,"event_name":"Addict","floor":22,"gold_loss":85},{"damage_healed":0,"gold_gain":0,"player_choice":"Fight","damage_taken":0,"max_hp_gain":0,"max_hp_loss":0,"event_name":"Colosseum","floor":27,"gold_loss":0},{"damage_healed":0,"gold_gain":0,"player_choice":"Fought Nobs","damage_taken":0,"max_hp_gain":0,"max_hp_loss":0,"event_name":"Colosseum","floor":27,"gold_loss":0},{"damage_healed":0,"gold_gain":0,"player_choice":"Memory 1","damage_taken":0,"max_hp_gain":0,"max_hp_loss":0,"event_name":"SensoryStone","floor":37,"gold_loss":0},{"cards_removed":["Bash"],"damage_healed":0,"gold_gain":0,"player_choice":"Card Removal","damage_taken":0,"max_hp_gain":0,"max_hp_loss":0,"event_name":"Wheel of Change","floor":38,"gold_loss":0},{"damage_healed":0,"gold_gain":0,"player_choice":"Fight","damage_taken":0,"max_hp_gain":0,"max_hp_loss":0,"event_name":"MindBloom","floor":45,"gold_loss":0},{"damage_healed":0,"gold_gain":333,"player_choice":"Gave Idol","damage_taken":0,"max_hp_gain":0,"max_hp_loss":0,"event_name":"The Moai Head","floor":47,"relics_lost":["Golden Idol"],"gold_loss":0}],"is_beta":false,"boss_relics":[{"not_picked":["Orrery","Ectoplasm"],"picked":"Mark of Pain"},{"not_picked":["Astrolabe","Sozu"],"picked":"Velvet Choker"}],"items_purged_floors":[11],"is_endless":false,"potions_floor_spawned":[1,7,8,16,20,27,29,33,35,36],"ascension_level":14}