{"gold_per_floor":[109,109,126,126,126,126,140,172,172,43,69,80,80,106,106,205,205,225,0,0,0,14,14,39,50,50,50,66,91,91,102,102,206,206,226,76,76,76,28,53,73,90,114,161,173,211,223,235,247,259,271,283,34,65,65],"floor_reached":56,"playtime":3652,"items_purged":["Strike_R","Strike_R","Strike_R"],"score":1397,"play_id":"6d913103-bf1e-4df7-8173-dadb4d048f5e","local_time":"20181129111945","is_ascension_mode":true,"campfire_choices":[{"data":"Rampage","floor":6,"key":"SMITH"},{"data":"True Grit","floor":13,"key":"SMITH"},{"floor":15,"key":"REST"},{"data":"Deep Breath","floor":23,"key":"SMITH"},{"floor":27,"key":"REST"},{"data":"Juggernaut","floor":30,"key":"SMITH"},{"data":"Feel No Pain","floor":32,"key":"SMITH"},{"data":"Barricade","floor":45,"key":"SMITH"},{"data":"Body Slam","floor":47,"key":"SMITH"},{"floor":49,"key":"RECALL"},{"data":"Power Through","floor":52,"key":"SMITH"}],"neow_cost":"NONE","seed_source_timestamp":453132113811362,"circlet_count":0,"master_deck":["Defend_R","Defend_R","Defend_R","Defend_R","Bash","Rampage+1","Feel No Pain+1","Rampage","True Grit+1","Evolve+1","Double Tap","Warcry","Deep Breath+1","Second Wind","Juggernaut+1","Power Through+1","Feed","Shrug It Off","True Grit","Warcry+1","Headbutt","Shrug It Off+1","Barricade+1","Body Slam+1","Clothesline+1"],"relics":["Burning Blood","Sundial","Bag of Preparation","Omamori","Runic Cube","Nloth\u0027s Gift","Happy Flower","Question Card","Potion Belt","Mark of Pain","Dodecahedron","MawBank","Shovel","Frozen Egg 2","Pantograph","Blue Candle"],"potions_floor_usage":[8,22,22,24,33,50,50,54,55],"damage_taken":[{"damage":11,"enemies":"Jaw Worm","floor":1,"turns":5},{"damage":0,"enemies":"Small Slimes","floor":3,"turns":4},{"damage":1,"enemies":"Cultist","floor":7,"turns":3},{"damage":21,"enemies":"Lagavulin","floor":8,"turns":7},{"damage":5,"enemies":"3 Sentries","floor":11,"turns":11},{"damage":6,"enemies":"Exordium Wildlife","floor":12,"turns":5},{"damage":40,"enemies":"Gremlin Nob","floor":14,"turns":5},{"damage":14,"enemies":"Slime Boss","floor":16,"turns":9},{"damage":12,"enemies":"Chosen","floor":18,"turns":5},{"damage":0,"enemies":"3 Byrds","floor":22,"turns":3},{"damage":53,"enemies":"Slavers","floor":24,"turns":8},{"damage":10,"enemies":"Snecko","floor":25,"turns":4},{"damage":7,"enemies":"Shelled Parasite and Fungi","floor":28,"turns":5},{"damage":12,"enemies":"Gremlin Leader","floor":29,"turns":6},{"damage":7,"enemies":"Cultist and Chosen","floor":31,"turns":5},{"damage":24,"enemies":"Automaton","floor":33,"turns":10},{"damage":6,"enemies":"3 Darklings","floor":35,"turns":8},{"damage":0,"enemies":"Giant Head","floor":40,"turns":8},{"damage":0,"enemies":"Orb Walker","floor":41,"turns":3},{"damage":2,"enemies":"Writhing Mass","floor":42,"turns":8},{"damage":5,"enemies":"Nemesis","floor":44,"turns":5},{"damage":0,"enemies":"Reptomancer","floor":46,"turns":5},{"damage":29,"enemies":"Awakened One","floor":50,"turns":12},{"damage":40,"enemies":"Shield and Spear","floor":54,"turns":7},{"damage":38,"enemies":"The Heart","floor":55,"turns":10}],"seed_played":"2551544812709698901","potions_obtained":[{"floor":1,"key":"Weak Potion"},{"floor":11,"key":"SneckoOil"},{"floor":16,"key":"Explosive Potion"},{"floor":18,"key":"Explosive Potion"},{"floor":29,"key":"Regen Potion"},{"floor":33,"key":"Explosive Potion"},{"floor":41,"key":"Swift Potion"},{"floor":44,"key":"SpeedPotion"},{"floor":46,"key":"BloodPotion"}],"is_trial":false,"path_per_floor":["M","?","M","?","?","R","M","E","T","$","E","M","R","E","R","B",null,"M","$","?","?","M","R","E","M","T","R","M","E","R","M","R","B",null,"M","$","?","?","$","E","M","M","T","E","R","E","R","?","R","B",null,"R","$","E","B",null],"character_chosen":"IRONCLAD","items_purchased":["True Grit","Deep Breath","Second Wind","Shrug It Off","True Grit","Pantograph"],"campfire_rested":2,"item_purchase_floors":[10,19,19,36,39,53],"current_hp_per_floor":[75,80,85,78,78,78,83,68,68,68,69,69,69,35,60,52,85,79,79,79,79,85,85,38,34,34,59,58,52,52,51,51,48,85,85,85,85,85,85,85,88,91,91,91,91,94,94,94,94,71,94,94,94,72,65],"gold":65,"neow_bonus":"REMOVE_CARD","is_prod":false,"is_daily":false,"chose_seed":false,"campfire_upgraded":8,"win_rate":0,"timestamp":1543508385,"path_taken":["M","?","M","?","?","R","?","E","T","$","E","M","R","E","R","BOSS","M","$","?","?","M","R","E","M","T","R","M","E","R","?","R","BOSS","M","$","?","?","$","E","M","?","T","E","R","E","R","?","R","BOSS","R","$","E","BOSS"],"build_version":"2018-11-15","purchased_purges":3,"victory":true,"max_hp_per_floor":[80,85,85,85,85,85,85,85,85,85,85,85,85,85,85,85,85,85,85,85,85,85,85,85,85,85,85,85,85,85,85,85,85,85,85,85,85,85,85,85,88,91,91,91,91,94,94,94,94,94,94,94,94,97,97],"card_choices":[{"not_picked":["Fire Breathing","Headbutt"],"picked":"Rampage","floor":1},{"not_picked":["Entrench","Havoc","Anger"],"picked":"SKIP","floor":3},{"not_picked":["Seeing Red","Entrench"],"picked":"Feel No Pain","floor":7},{"not_picked":["Rage","Warcry"],"picked":"Rampage","floor":8},{"not_picked":["Cleave","Clash","Sword Boomerang"],"picked":"SKIP","floor":11},{"not_picked":["Clothesline","Perfected Strike"],"picked":"Evolve","floor":12},{"not_picked":["Combust","Anger","Cleave"],"picked":"SKIP","floor":14},{"not_picked":["Demon Form","Exhume"],"picked":"Double Tap","floor":16},{"not_picked":["Cleave","Blood for Blood"],"picked":"Warcry","floor":18},{"not_picked":["Clothesline","Sword Boomerang","Twin Strike"],"picked":"SKIP","floor":22},{"not_picked":["Entrench","Inflame","Double Tap"],"picked":"SKIP","floor":24},{"not_picked":["Clothesline","Wild Strike","Thunderclap"],"picked":"SKIP","floor":25},{"not_picked":["Warcry","Perfected Strike","Iron Wave+1","Havoc"],"picked":"SKIP","floor":28},{"not_picked":["Exhume","Havoc+1","Shrug It Off+1"],"picked":"Juggernaut","floor":29},{"not_picked":["Pummel","Pommel Strike","Infernal Blade"],"picked":"Power Through","floor":31},{"not_picked":["Double Tap","Reaper","Impervious"],"picked":"Feed","floor":33},{"not_picked":["Wild Strike","Flex+1","Entrench","Thunderclap+1"],"picked":"SKIP","floor":35},{"not_picked":["Intimidate+1","Anger+1","Clothesline"],"picked":"Warcry+1","floor":40},{"not_picked":["True Grit","Searing Blow+1","Shockwave"],"picked":"Headbutt","floor":41},{"not_picked":["Rage","Rampage","Whirlwind"],"picked":"Shrug It Off+1","floor":42},{"not_picked":["Rampage","Pommel Strike","Clash+1"],"picked":"Barricade","floor":44},{"not_picked":["Iron Wave+1","Headbutt","Flex+1"],"picked":"Body Slam","floor":46},{"not_picked":["Shrug It Off+1","Hemokinesis","Cleave"],"picked":"Clothesline+1","floor":54}],"player_experience":3590560,"relics_obtained":[{"floor":8,"key":"Sundial"},{"floor":11,"key":"Bag of Preparation"},{"floor":14,"key":"Omamori"},{"floor":24,"key":"Happy Flower"},{"floor":26,"key":"Question Card"},{"floor":29,"key":"Potion Belt"},{"floor":40,"key":"Dodecahedron"},{"floor":43,"key":"MawBank"},{"floor":44,"key":"Shovel"},{"floor":46,"key":"Frozen Egg 2"},{"floor":54,"key":"Blue Candle"}],"event_choices":[{"damage_healed":0,"gold_gain":0,"player_choice":"Donut","damage_taken":0,"max_hp_gain":5,"max_hp_loss":0,"event_name":"Big Fish","floor":2,"gold_loss":0},{"cards_removed":["Strike_R"],"damage_healed":0,"gold_gain":0,"player_choice":"Card Removal","damage_taken":7,"max_hp_gain":0,"max_hp_loss":0,"event_name":"Golden Wing","floor":4,"gold_loss":0},{"damage_healed":0,"gold_gain":0,"player_choice":"Trade","damage_taken":0,"relics_obtained":["CultistMask"],"max_hp_gain":0,"max_hp_loss":0,"event_name":"FaceTrader","floor":5,"gold_loss":0},{"damage_healed":0,"gold_gain":0,"player_choice":"Ignored","damage_taken":0,"max_hp_gain":0,"max_hp_loss":0,"event_name":"Beggar","floor":20,"gold_loss":0},{"damage_healed":0,"gold_gain":0,"player_choice":"Traded Relic","damage_taken":0,"relics_obtained":["Nloth\u0027s Gift"],"max_hp_gain":0,"max_hp_loss":0,"event_name":"N\u0027loth","floor":21,"relics_lost":["CultistMask"],"gold_loss":0},{"damage_healed":0,"gold_gain":0,"player_choice":"Ignored","damage_taken":0,"max_hp_gain":0,"max_hp_loss":0,"event_name":"Mysterious Sphere","floor":37,"gold_loss":0},{"damage_healed":0,"gold_gain":0,"player_choice":"Upgraded","damage_taken":0,"max_hp_gain":0,"max_hp_loss":0,"event_name":"Upgrade Shrine","floor":38,"gold_loss":0,"cards_upgraded":["Evolve"]},{"damage_healed":24,"gold_gain":0,"player_choice":"Writhe","damage_taken":0,"max_hp_gain":0,"max_hp_loss":0,"event_name":"Winding Halls","floor":48,"gold_loss":0,"cards_obtained":["Writhe"]}],"is_beta":true,"boss_relics":[{"not_picked":["Black Blood","Astrolabe"],"picked":"Runic Cube"},{"not_picked":["Snecko Eye","Black Star"],"picked":"Mark of Pain"}],"items_purged_floors":[10,19,36],"is_endless":false,"potions_floor_spawned":[1,11,16,18,29,33,41,44,46],"ascension_level":1}