{"gold_per_floor":[115,115,128,89,89,89,108,123,171,197,208,208,208,236,236,236],"floor_reached":16,"playtime":1419,"items_purged":[],"score":132,"play_id":"b27e2baa-c9ae-4299-bc41-e0ad9c99e8ae","local_time":"20190216010308","is_ascension_mode":true,"campfire_choices":[{"data":"Twin Strike","floor":6,"key":"SMITH"},{"data":"Feed","floor":12,"key":"SMITH"},{"data":"Inflame","floor":15,"key":"SMITH"}],"neow_cost":"NONE","seed_source_timestamp":54404803317300,"circlet_count":0,"master_deck":["Strike_R","Strike_R","Strike_R","Strike_R","Defend_R","Defend_R","Defend_R","Defend_R","Bash","Twin Strike+1","Iron Wave","Inflame+1","Twin Strike","Feed+1","Regret","Pummel"],"relics":["Burning Blood","Ancient Tea Set","Bag of Marbles","Art of War","Centennial Puzzle","Dream Catcher","Dodecahedron"],"potions_floor_usage":[],"damage_taken":[{"damage":13,"enemies":"Jaw Worm","floor":1,"turns":4},{"damage":1,"enemies":"Cultist","floor":3,"turns":3},{"damage":0,"enemies":"2 Louse","floor":7,"turns":2},{"damage":16,"enemies":"Lots of Slimes","floor":8,"turns":5},{"damage":25,"enemies":"3 Sentries","floor":10,"turns":7},{"damage":0,"enemies":"3 Louse","floor":11,"turns":3},{"damage":30,"enemies":"Lagavulin","floor":14,"turns":5},{"damage":47,"enemies":"The Guardian","floor":16,"turns":7}],"seed_played":"7956389325116363068","potions_obtained":[{"floor":1,"key":"GamblersBrew"},{"floor":11,"key":"Ancient Potion"}],"is_trial":false,"path_per_floor":["M","?","M","$","?","R","M","M","T","E","M","R","?","E","R","B"],"character_chosen":"IRONCLAD","items_purchased":["Inflame"],"campfire_rested":0,"item_purchase_floors":[4],"current_hp_per_floor":[73,73,78,78,78,78,80,70,70,51,60,60,60,40,40,0],"gold":236,"neow_bonus":"RANDOM_COMMON_RELIC","is_prod":false,"is_daily":false,"chose_seed":false,"campfire_upgraded":3,"win_rate":0,"timestamp":1550275388,"path_taken":["M","?","M","?","?","R","M","?","T","E","M","R","?","E","R","BOSS"],"build_version":"2019-01-23","purchased_purges":0,"victory":false,"max_hp_per_floor":[80,80,80,80,80,80,80,80,80,80,83,83,83,87,87,87],"card_choices":[{"not_picked":["Burning Pact","Headbutt"],"picked":"Twin Strike","floor":1},{"not_picked":["Sentinel","Clothesline"],"picked":"Iron Wave","floor":3},{"not_picked":["Flex","Sever Soul"],"picked":"Twin Strike","floor":7},{"not_picked":["Sentinel","Perfected Strike","Wild Strike"],"picked":"SKIP","floor":8},{"not_picked":["Second Wind","Sword Boomerang"],"picked":"Feed","floor":10},{"not_picked":["Second Wind","Body Slam","Fire Breathing"],"picked":"SKIP","floor":11},{"not_picked":["Heavy Blade","Sentinel"],"picked":"Pummel","floor":14}],"player_experience":199742,"relics_obtained":[{"floor":9,"key":"Art of War"},{"floor":10,"key":"Centennial Puzzle"},{"floor":14,"key":"Dodecahedron"}],"event_choices":[{"cards_removed":["Strike_R"],"damage_healed":0,"gold_gain":0,"player_choice":"Purged","damage_taken":0,"max_hp_gain":0,"max_hp_loss":0,"event_name":"Purifier","floor":2,"gold_loss":0},{"damage_healed":0,"gold_gain":0,"player_choice":"Gave Potion","damage_taken":0,"relics_obtained":["Bag of Marbles"],"max_hp_gain":0,"max_hp_loss":0,"event_name":"WeMeetAgain","floor":5,"gold_loss":0},{"damage_healed":0,"gold_gain":0,"player_choice":"Box","damage_taken":0,"relics_obtained":["Dream Catcher"],"max_hp_gain":0,"max_hp_loss":0,"event_name":"Big Fish","floor":13,"gold_loss":0,"cards_obtained":["Regret"]}],"is_beta":false,"boss_relics":[],"items_purged_floors":[],"is_endless":false,"potions_floor_spawned":[1,11],"killed_by":"The Guardian","ascension_level":4}