{"gold_per_floor":[212,226,226,226,0,0,28,28,100,100,113,113,136,136,136,230,230,253,253,253,143,155,155,182,182,208,218,250,250,2,22,22,99,99,114,114,14,33,44,44,60,60,60,60,93,69,102,102,102,102,102],"floor_reached":51,"playtime":1992,"items_purged":["Writhe","Decay"],"score":1453,"play_id":"c85acec4-4dd2-4787-ac94-3c4788bdddb6","local_time":"20190123151921","is_ascension_mode":true,"campfire_choices":[{"data":"Defragment","floor":6.0,"key":"SMITH"},{"data":"Zap","floor":8.0,"key":"SMITH"},{"data":"Conserve Battery","floor":10.0,"key":"SMITH"},{"data":"Sunder","floor":15.0,"key":"SMITH"},{"data":"Genetic Algorithm","floor":23.0,"key":"SMITH"},{"floor":25.0,"key":"REST"},{"floor":32.0,"key":"REST"},{"data":"Defragment","floor":40.0,"key":"SMITH"},{"data":"Loop","floor":42.0,"key":"SMITH"},{"floor":49,"key":"RECALL"}],"neow_cost":"NONE","seed_source_timestamp":0,"circlet_count":0,"master_deck":["AscendersBane","Strike_B+1","Strike_B","Defend_B","Defend_B","Zap+1","Dualcast","Undo","Defragment+1","Conserve Battery+1","Sunder+1","Machine Learning","Genetic Algorithm+1","Capacitor+1","Reinforced Body","Ball Lightning+1","Loop+1","Defragment+1","Echo Form","Core Surge","Hologram+1","Tempest+1","Conserve Battery","Ball Lightning","Injury","Seek","Hologram","Cold Snap+1"],"special_seed":0,"relics":["Cracked Core","Lantern","FossilizedHelix","Bloody Idol","Bronze Scales","Cursed Key","MutagenicStrength","Strawberry","Oddly Smooth Stone","Dream Catcher","Boot","Whetstone","Sozu","Bag of Marbles","Dead Branch","Art of War"],"potions_floor_usage":[],"damage_taken":[{"damage":2.0,"enemies":"Jaw Worm","floor":1.0,"turns":4.0},{"damage":0.0,"enemies":"Small Slimes","floor":2.0,"turns":3.0},{"damage":0.0,"enemies":"Lagavulin","floor":7.0,"turns":6.0},{"damage":0.0,"enemies":"Cultist","floor":11.0,"turns":3.0},{"damage":0.0,"enemies":"3 Louse","floor":13.0,"turns":2.0},{"damage":10.0,"enemies":"The Guardian","floor":16.0,"turns":11.0},{"damage":4.0,"enemies":"2 Thieves","floor":18.0,"turns":3.0},{"damage":9.0,"enemies":"Chosen","floor":22.0,"turns":4.0},{"damage":32.0,"enemies":"Gremlin Leader","floor":24.0,"turns":8.0},{"damage":0.0,"enemies":"Snecko","floor":27.0,"turns":5.0},{"damage":24.0,"enemies":"Slavers","floor":28.0,"turns":5.0},{"damage":8.0,"enemies":"3 Cultists","floor":31.0,"turns":5.0},{"damage":43.0,"enemies":"Collector","floor":33.0,"turns":8.0},{"damage":0.0,"enemies":"Orb Walker","floor":35.0,"turns":3.0},{"damage":0.0,"enemies":"3 Shapes","floor":38.0,"turns":5.0},{"damage":23.0,"enemies":"Transient","floor":39.0,"turns":6.0},{"damage":5.0,"enemies":"Sphere and 2 Shapes","floor":41.0,"turns":5.0},{"damage":29.0,"enemies":"Nemesis","floor":45.0,"turns":7.0},{"damage":16,"enemies":"Giant Head","floor":47,"turns":7},{"damage":48,"enemies":"Time Eater","floor":50,"turns":9},{"damage":16,"enemies":"Awakened One","floor":51,"turns":2}],"seed_played":"4911840026501594423","potions_obtained":[{"floor":2.0,"key":"PowerPotion"},{"floor":7.0,"key":"Energy Potion"},{"floor":11.0,"key":"GamblersBrew"},{"floor":16.0,"key":"Weak Potion"},{"floor":18.0,"key":"FearPotion"},{"floor":24.0,"key":"SteroidPotion"},{"floor":33.0,"key":"Fire Potion"}],"is_trial":false,"path_per_floor":["M","M","?","?","$","R","E","R","T","R","M","?","M","?","R","B",null,"M","?","?","?","M","R","E","R","T","M","E","?","$","M","R","B",null,"M","?","$","M","M","R","M","R","T","?","E","$","E","?","R","B","B"],"character_chosen":"DEFECT","items_purchased":["Lantern","Conserve Battery","Whetstone","Hologram"],"campfire_rested":2,"item_purchase_floors":[5,5,30,46],"current_hp_per_floor":[62,62,62,62,62,62,62,62,62,62,62,38,38,20,20,10,56,52,52,52,52,48,48,28,51,56,61,42,42,42,39,62,24,65,70,70,70,75,57,57,57,57,57,57,33,33,22,64,64,16,0],"gold":102,"neow_bonus":"HUNDRED_GOLD","is_prod":false,"is_daily":false,"chose_seed":false,"campfire_upgraded":7,"win_rate":0,"timestamp":1548224361,"path_taken":["M","M","?","?","$","R","E","R","T","R","?","?","M","?","R","BOSS","M","?","?","?","M","R","E","R","T","?","E","?","?","?","R","BOSS","M","?","$","M","M","R","M","R","T","?","E","$","E","?","R","BOSS","BOSS"],"build_version":"2019-01-17v2","purchased_purges":2,"victory":false,"max_hp_per_floor":[71,71,71,71,71,71,71,71,71,71,71,71,71,71,71,71,71,71,71,71,71,71,71,78,78,78,78,78,78,78,78,78,78,78,78,78,78,78,78,78,78,78,78,78,78,78,78,64,64,64,64],"card_choices":[{"not_picked":["Sweeping Beam","Coolheaded"],"picked":"Undo","floor":1.0},{"not_picked":["Heatsinks","Storm"],"picked":"Defragment","floor":2.0},{"not_picked":["Beam Cell","Storm","Gash"],"picked":"SKIP","floor":7.0},{"not_picked":["Conserve Battery","Cold Snap"],"picked":"Sunder","floor":11.0},{"not_picked":["Cold Snap","Leap","Hello World"],"picked":"SKIP","floor":13.0},{"not_picked":["Reboot","Thunder Strike"],"picked":"Machine Learning","floor":16.0},{"not_picked":["Streamline","Hologram"],"picked":"Genetic Algorithm","floor":18.0},{"not_picked":["Coolheaded","Heatsinks"],"picked":"Capacitor+1","floor":22.0},{"not_picked":["Barrage","Steam Power"],"picked":"Reinforced Body","floor":24.0},{"not_picked":["Cold Snap","Hologram"],"picked":"Ball Lightning","floor":27.0},{"not_picked":["Recycle+1","Storm"],"picked":"Loop","floor":28.0},{"not_picked":["Redo","Streamline"],"picked":"Defragment","floor":31.0},{"not_picked":["Gash","Rebound"],"picked":"Echo Form","floor":32.0},{"not_picked":["All For One","Rainbow"],"picked":"Core Surge","floor":33.0},{"not_picked":["Sweeping Beam+1","Aggregate"],"picked":"Hologram+1","floor":35.0},{"not_picked":["Stack","Recycle+1"],"picked":"Tempest+1","floor":38.0},{"not_picked":["Coolheaded","Fusion+1"],"picked":"Conserve Battery","floor":39.0},{"not_picked":["Static Discharge+1","Gash"],"picked":"Ball Lightning","floor":41.0},{"not_picked":["Force Field","Sweeping Beam"],"picked":"Seek","floor":45.0},{"not_picked":["Leap+1","Compile Driver"],"picked":"Cold Snap+1","floor":47}],"player_experience":1059437,"relics_obtained":[{"floor":7.0,"key":"FossilizedHelix"},{"floor":24.0,"key":"Strawberry"},{"floor":26.0,"key":"Oddly Smooth Stone"},{"floor":28.0,"key":"Dream Catcher"},{"floor":43.0,"key":"Bag of Marbles"},{"floor":45.0,"key":"Dead Branch"},{"floor":47,"key":"Art of War"}],"event_choices":[{"cards_removed":["Defend_B"],"damage_healed":0.0,"max_hp_gain":0.0,"max_hp_loss":0.0,"gold_gain":0.0,"event_name":"Living Wall","player_choice":"Forget","floor":3.0,"gold_loss":0.0,"damage_taken":0.0},{"cards_removed":["Strike_B"],"damage_healed":0.0,"max_hp_gain":0.0,"max_hp_loss":0.0,"gold_gain":0.0,"event_name":"Bonfire Elementals","player_choice":"Offered Basic","floor":4.0,"gold_loss":0.0,"damage_taken":0.0},{"damage_healed":0.0,"max_hp_gain":0.0,"max_hp_loss":0.0,"gold_gain":0.0,"event_name":"Golden Idol","player_choice":"Take Damage","floor":12.0,"gold_loss":0.0,"damage_taken":24.0,"relics_obtained":["Golden Idol"]},{"damage_healed":0.0,"max_hp_gain":0.0,"max_hp_loss":0.0,"gold_gain":0.0,"event_name":"Scrap Ooze","player_choice":"Success","floor":14.0,"gold_loss":0.0,"damage_taken":18.0,"relics_obtained":["Bronze Scales"]},{"damage_healed":0.0,"max_hp_gain":0.0,"max_hp_loss":0.0,"gold_gain":0.0,"event_name":"Drug Dealer","player_choice":"Inject Mutagens","floor":19.0,"gold_loss":0.0,"damage_taken":0.0,"relics_obtained":["MutagenicStrength"]},{"damage_healed":0.0,"max_hp_gain":0.0,"max_hp_loss":0.0,"gold_gain":0.0,"event_name":"Forgotten Altar","player_choice":"Gave Idol","floor":20.0,"relics_lost":["Golden Idol"],"gold_loss":0.0,"damage_taken":0.0,"relics_obtained":["Bloody Idol"]},{"cards_removed":["Defend_B"],"damage_healed":0.0,"max_hp_gain":0.0,"max_hp_loss":0.0,"gold_gain":0.0,"event_name":"Designer","player_choice":"Upgrade and Remove","floor":21.0,"gold_loss":110.0,"damage_taken":0.0,"cards_upgraded":["Strike_B"]},{"damage_healed":0.0,"max_hp_gain":0.0,"max_hp_loss":0.0,"gold_gain":0.0,"event_name":"The Mausoleum","player_choice":"Opened","floor":29.0,"gold_loss":0.0,"damage_taken":0.0,"relics_obtained":["Boot"],"cards_obtained":["Writhe"]},{"cards_removed":["Strike_B"],"damage_healed":0.0,"max_hp_gain":0.0,"max_hp_loss":0.0,"gold_gain":0.0,"event_name":"Falling","player_choice":"Removed Attack","floor":36.0,"gold_loss":0.0,"damage_taken":0.0},{"damage_healed":0.0,"max_hp_gain":0.0,"max_hp_loss":0.0,"gold_gain":0.0,"event_name":"Mysterious Sphere","player_choice":"Ignored","floor":44.0,"gold_loss":0.0,"damage_taken":0.0},{"damage_healed":64,"gold_gain":0,"player_choice":"Heal","damage_taken":0,"max_hp_gain":0,"max_hp_loss":14,"event_name":"The Moai Head","floor":48,"gold_loss":0}],"is_beta":false,"boss_relics":[{"not_picked":["Runic Pyramid","Calling Bell"],"picked":"Cursed Key"},{"not_picked":["Orrery","White Beast Statue"],"picked":"Sozu"}],"items_purged_floors":[30,37],"is_endless":false,"potions_floor_spawned":[2,7,11,16,18,22,24,33,35,38,41],"killed_by":"Awakened One","ascension_level":20}