{"gold_per_floor":[143,163,163,174,185,210,210,243,243,270,270,301,301,317,317,420,420,432,357,357,375,24,56,73,73,98,127,127,144,161,187,187,286,286,297,297,572,585,170,170,170,185,185,217,230,230,230,265,265,265,265,265,5,37,37],"floor_reached":56,"playtime":3833,"items_purged":["Regret"],"score":1631,"play_id":"0142c589-a302-4f45-81d5-c8c10b5f88dd","local_time":"20190209055143","is_ascension_mode":true,"campfire_choices":[{"data":"Zap","floor":7,"key":"SMITH"},{"data":"Tempest","floor":11,"key":"SMITH"},{"floor":15,"key":"REST"},{"data":"Storm","floor":25,"key":"SMITH"},{"data":"Defragment","floor":32,"key":"SMITH"},{"floor":40,"key":"RECALL"},{"data":"Fission","floor":46,"key":"SMITH"},{"data":"Chill","floor":49,"key":"SMITH"},{"data":"Fission","floor":52,"key":"SMITH"}],"neow_cost":"NONE","seed_source_timestamp":4728900048204160,"circlet_count":0,"master_deck":["Zap+1","Dualcast","BootSequence","Tempest+1","Coolheaded","Chill+1","Sweeping Beam","Ball Lightning+1","Storm+1","Hello World+1","Self Repair","Electrodynamics","Core Surge","White Noise","Steam Power","Cold Snap","Glacier","Steam","Undo","Heatsinks","Turbo","Sunder","Defragment+1","Leap","Conserve Battery","Decay","White Noise+1","Loop+1","Steam+1","Thunder Strike+1","Static Discharge+1","Fusion+1","Glacier","Defragment+1","Fission+1","Go for the Eyes+1","Fission+1","Stack","Reboot"],"relics":["Cracked Core","Tiny Chest","Shuriken","Mercury Hourglass","Bird Faced Urn","Unceasing Top","Calipers","Pandora\u0027s Box","Centennial Puzzle","Orichalcum","Happy Flower","Question Card","Thread and Needle","Inserter","DollysMirror","Oddly Smooth Stone","Whetstone","Ancient Tea Set","OrangePellets","Bag of Marbles"],"potions_floor_usage":[6,6,10,12,16,27,55,55,55],"damage_taken":[{"damage":0,"enemies":"2 Louse","floor":1,"turns":2},{"damage":0,"enemies":"Small Slimes","floor":2,"turns":3},{"damage":1,"enemies":"Jaw Worm","floor":4,"turns":3},{"damage":0,"enemies":"Large Slime","floor":5,"turns":4},{"damage":11,"enemies":"Gremlin Nob","floor":6,"turns":3},{"damage":21,"enemies":"Lagavulin","floor":8,"turns":6},{"damage":0,"enemies":"3 Sentries","floor":10,"turns":3},{"damage":16,"enemies":"Gremlin Nob","floor":12,"turns":3},{"damage":0,"enemies":"Looter","floor":14,"turns":2},{"damage":0,"enemies":"Slime Boss","floor":16,"turns":8},{"damage":9,"enemies":"Spheric Guardian","floor":18,"turns":4},{"damage":0,"enemies":"Chosen","floor":21,"turns":3},{"damage":15,"enemies":"Book of Stabbing","floor":23,"turns":5},{"damage":0,"enemies":"3 Cultists","floor":24,"turns":4},{"damage":22,"enemies":"Slavers","floor":27,"turns":2},{"damage":2,"enemies":"Centurion and Healer","floor":29,"turns":5},{"damage":5,"enemies":"Shelled Parasite and Fungi","floor":30,"turns":5},{"damage":0,"enemies":"Gremlin Leader","floor":31,"turns":5},{"damage":0,"enemies":"Collector","floor":33,"turns":7},{"damage":1,"enemies":"Orb Walker","floor":35,"turns":3},{"damage":3,"enemies":"3 Darklings","floor":38,"turns":2},{"damage":19,"enemies":"Jaw Worm Horde","floor":42,"turns":4},{"damage":22,"enemies":"Reptomancer","floor":44,"turns":5},{"damage":0,"enemies":"Transient","floor":45,"turns":5},{"damage":0,"enemies":"Giant Head","floor":48,"turns":6},{"damage":0,"enemies":"Donu and Deca","floor":50,"turns":8},{"damage":1,"enemies":"Shield and Spear","floor":54,"turns":2},{"damage":5,"enemies":"The Heart","floor":55,"turns":7}],"seed_played":"-5137052190732772376","potions_obtained":[{"floor":2,"key":"Energy Potion"},{"floor":4,"key":"Swift Potion"},{"floor":8,"key":"Explosive Potion"},{"floor":10,"key":"Poison Potion"},{"floor":12,"key":"SkillPotion"},{"floor":18,"key":"Weak Potion"},{"floor":21,"key":"PowerPotion"},{"floor":23,"key":"GamblersBrew"},{"floor":27,"key":"GamblersBrew"},{"floor":35,"key":"SpeedPotion"},{"floor":48,"key":"PowerPotion"}],"is_trial":false,"path_per_floor":["M","M","?","M","M","E","R","E","T","E","R","E","?","M","R","B",null,"M","?","?","M","$","E","M","R","T","E","?","M","M","E","R","B",null,"M","?","?","M","$","R","?","M","T","E","M","R","T","E","R","B",null,"R","$","E","B",null],"character_chosen":"DEFECT","items_purchased":["Heatsinks","Turbo","Sunder","Centennial Puzzle","Glacier","DollysMirror","Ancient Potion","OrangePellets","Stack"],"campfire_rested":1,"item_purchase_floors":[22,22,22,22,39,39,39,53,53],"current_hp_per_floor":[75,75,68,67,67,56,56,35,35,35,35,19,4,8,30,43,75,73,73,73,75,75,69,75,75,75,64,64,75,75,75,75,75,75,75,71,71,71,71,71,71,69,69,70,71,71,71,71,71,71,71,71,71,71,71],"gold":37,"neow_bonus":"RANDOM_COMMON_RELIC","is_prod":false,"is_daily":false,"chose_seed":false,"campfire_upgraded":7,"win_rate":0,"timestamp":1549709503,"path_taken":["M","M","?","M","M","E","R","E","T","E","R","E","?","M","R","BOSS","M","?","?","M","$","E","M","R","T","E","?","M","?","E","R","BOSS","M","?","?","?","$","R","?","M","T","E","M","R","?","E","R","BOSS","R","$","E","BOSS"],"build_version":"2019-02-06","purchased_purges":1,"victory":true,"max_hp_per_floor":[75,75,75,75,75,75,75,75,75,75,75,75,75,75,75,75,75,75,75,75,75,75,75,75,75,75,75,75,75,75,75,75,75,75,75,71,71,71,71,71,71,71,71,71,71,71,71,71,71,71,71,71,71,71,71],"card_choices":[{"not_picked":["Cold Snap","Reinforced Body"],"picked":"BootSequence","floor":1},{"not_picked":["Genetic Algorithm","Steam"],"picked":"Tempest","floor":2},{"not_picked":["Turbo","Darkness"],"picked":"Coolheaded","floor":4},{"not_picked":["Leap","White Noise"],"picked":"Chill","floor":5},{"not_picked":["Steam","Hologram"],"picked":"Sweeping Beam","floor":6},{"not_picked":["Fission","Static Discharge"],"picked":"Ball Lightning","floor":8},{"not_picked":["Redo","Stack"],"picked":"Storm","floor":10},{"not_picked":["Conserve Battery","Stack"],"picked":"Hello World","floor":12},{"not_picked":["Heatsinks","Steam"],"picked":"Self Repair","floor":14},{"not_picked":["Biased Cognition","Core Surge"],"picked":"Electrodynamics","floor":16},{"not_picked":["Streamline","Rebound"],"picked":"Steam","floor":18},{"not_picked":["Reprogram","Coolheaded"],"picked":"Undo","floor":21},{"not_picked":["Barrage","Streamline"],"picked":"Defragment","floor":23},{"not_picked":["Stack","Ball Lightning"],"picked":"Leap","floor":24},{"not_picked":["Amplify","Turbo"],"picked":"Conserve Battery","floor":27},{"not_picked":["Cold Snap","Sunder","Fusion"],"picked":"White Noise+1","floor":29},{"not_picked":["Self Repair+1","BootSequence","Genetic Algorithm"],"picked":"Loop+1","floor":30},{"not_picked":["Turbo","Ball Lightning","Genetic Algorithm"],"picked":"Steam+1","floor":31},{"not_picked":["Meteor Strike","Seek","Echo Form"],"picked":"Thunder Strike","floor":33},{"not_picked":["Go for the Eyes","Hologram","Steam+1"],"picked":"Static Discharge+1","floor":35},{"not_picked":["Gash+1","Lockon","Go for the Eyes+1"],"picked":"Fusion+1","floor":38},{"not_picked":["Gash+1","Go for the Eyes+1","Loop"],"picked":"Fission","floor":42},{"not_picked":["Ball Lightning+1","Leap","Loop"],"picked":"Go for the Eyes+1","floor":44},{"not_picked":["Genetic Algorithm+1","Barrage+1","Redo","Compile Driver"],"picked":"SKIP","floor":45},{"not_picked":["Redo+1","Hologram","Steam+1"],"picked":"Fission","floor":48},{"not_picked":["Rebound+1","Recycle","Leap"],"picked":"Reboot","floor":54}],"player_experience":4430939,"relics_obtained":[{"floor":6,"key":"Shuriken"},{"floor":8,"key":"Mercury Hourglass"},{"floor":9,"key":"Bird Faced Urn"},{"floor":10,"key":"Unceasing Top"},{"floor":12,"key":"Calipers"},{"floor":23,"key":"Orichalcum"},{"floor":26,"key":"Happy Flower"},{"floor":27,"key":"Question Card"},{"floor":31,"key":"Thread and Needle"},{"floor":44,"key":"Oddly Smooth Stone"},{"floor":47,"key":"Whetstone"},{"floor":48,"key":"Ancient Tea Set"},{"floor":54,"key":"Bag of Marbles"}],"event_choices":[{"cards_removed":["Defend_B"],"damage_healed":0,"gold_gain":0,"player_choice":"Card Removal","damage_taken":7,"max_hp_gain":0,"max_hp_loss":0,"event_name":"Golden Wing","floor":3,"gold_loss":0},{"damage_healed":0,"gold_gain":0,"player_choice":"Entered Light","damage_taken":15,"max_hp_gain":0,"max_hp_loss":0,"event_name":"Shining Light","floor":13,"gold_loss":0,"cards_upgraded":["Defend_B","Hello World"]},{"cards_removed":["Gash"],"damage_healed":0,"gold_gain":0,"player_choice":"Gave Gold","damage_taken":0,"max_hp_gain":0,"max_hp_loss":0,"event_name":"Beggar","floor":19,"gold_loss":75},{"cards_removed":["Darkness"],"damage_healed":0,"gold_gain":0,"player_choice":"Elegance","damage_taken":0,"max_hp_gain":0,"max_hp_loss":0,"event_name":"Back to Basics","floor":20,"gold_loss":0},{"damage_healed":0,"gold_gain":0,"player_choice":"Cursed","damage_taken":0,"max_hp_gain":0,"max_hp_loss":0,"event_name":"Wheel of Change","floor":28,"gold_loss":0,"cards_obtained":["Decay"]},{"damage_healed":0,"gold_gain":0,"player_choice":"Max HP","damage_taken":0,"max_hp_gain":0,"max_hp_loss":4,"event_name":"Winding Halls","floor":36,"gold_loss":0},{"damage_healed":0,"gold_gain":275,"player_choice":"Desecrate","damage_taken":0,"max_hp_gain":0,"max_hp_loss":0,"event_name":"Golden Shrine","floor":37,"gold_loss":0,"cards_obtained":["Regret"]},{"damage_healed":0,"gold_gain":0,"player_choice":"Ignored","damage_taken":0,"max_hp_gain":0,"max_hp_loss":0,"event_name":"Tomb of Lord Red Mask","floor":41,"gold_loss":0}],"is_beta":true,"boss_relics":[{"not_picked":["Black Star","Snecko Eye"],"picked":"Pandora\u0027s Box"},{"not_picked":["Fusion Hammer","Lizard Tail"],"picked":"Inserter"}],"items_purged_floors":[39],"is_endless":false,"potions_floor_spawned":[2,4,8,10,12,18,21,23,27,35,42,48],"ascension_level":1}