{"gold_per_floor":[111,128,128,53,64,96,96,126,126,126],"floor_reached":10,"playtime":466,"items_purged":["Strike_G"],"score":69,"play_id":"e3695528-f567-4991-9524-297b95f37bb4","local_time":"20190203232034","is_ascension_mode":true,"campfire_choices":[{"data":"A Thousand Cuts","floor":7,"key":"SMITH"}],"neow_cost":"CURSE","seed_source_timestamp":608094384445949,"circlet_count":0,"master_deck":["Defend_G","Defend_G","Defend_G","Defend_G","Defend_G","Strike_G","Survivor","Neutralize","Shame","Backstab","Choke","Caltrops","Deadly Poison","A Thousand Cuts+1","Flying Knee","Dodge and Roll"],"relics":["Ring of the Snake","Kunai","Letter Opener","Unceasing Top"],"potions_floor_usage":[6],"damage_taken":[{"damage":5,"enemies":"2 Louse","floor":1,"turns":2},{"damage":3,"enemies":"Jaw Worm","floor":2,"turns":3},{"damage":15,"enemies":"Small Slimes","floor":5,"turns":2},{"damage":41,"enemies":"Gremlin Nob","floor":6,"turns":5},{"damage":14,"enemies":"3 Sentries","floor":10,"turns":4}],"seed_played":"-4218534032119019956","potions_obtained":[{"floor":2,"key":"Strength Potion"}],"is_trial":false,"path_per_floor":["M","M","?","$","M","E","R","?","T","E"],"character_chosen":"THE_SILENT","items_purchased":[],"campfire_rested":0,"item_purchase_floors":[],"current_hp_per_floor":[65,62,62,62,47,6,6,6,6,0],"gold":126,"neow_bonus":"TRANSFORM_TWO_CARDS","is_prod":false,"is_daily":false,"chose_seed":false,"campfire_upgraded":1,"win_rate":0,"timestamp":1549264834,"path_taken":["M","M","?","$","M","E","R","?","T","E"],"build_version":"2019-01-23","purchased_purges":1,"victory":false,"max_hp_per_floor":[70,70,70,70,70,70,70,70,70,70],"card_choices":[{"not_picked":["Sucker Punch","Flying Knee"],"picked":"Caltrops","floor":1},{"not_picked":["Flechettes","Dagger Throw"],"picked":"Deadly Poison","floor":2},{"not_picked":["Prepared","Eviscerate"],"picked":"Flying Knee","floor":5},{"not_picked":["Blade Dance","Cloak And Dagger"],"picked":"Dodge and Roll","floor":6}],"player_experience":62550,"relics_obtained":[{"floor":6,"key":"Kunai"},{"floor":9,"key":"Unceasing Top"}],"event_choices":[{"damage_healed":0,"gold_gain":0,"cards_transformed":["Strike_G"],"player_choice":"Change","damage_taken":0,"max_hp_gain":0,"max_hp_loss":0,"event_name":"Living Wall","floor":3,"gold_loss":0,"cards_obtained":["A Thousand Cuts"]},{"damage_healed":0,"gold_gain":30,"player_choice":"Searched \u00273\u0027 times","damage_taken":0,"relics_obtained":["Letter Opener"],"max_hp_gain":0,"max_hp_loss":0,"event_name":"Dead Adventurer","floor":8,"gold_loss":0}],"is_beta":false,"boss_relics":[],"items_purged_floors":[4],"is_endless":false,"potions_floor_spawned":[2],"killed_by":"3 Sentries","ascension_level":1}