{"gold_per_floor":[111,125,70,86,11,11,37,37,106,106,106,136,155,165,165,239,239,255,266,266],"floor_reached":20,"playtime":672,"items_purged":[],"score":339,"play_id":"a6ca1532-e456-4588-aecb-cdf8ab9a46d6","local_time":"20190104153504","is_ascension_mode":true,"campfire_choices":[{"data":"Genetic Algorithm","floor":6.0,"key":"SMITH"},{"floor":11.0,"key":"REST"},{"data":"Zap","floor":15.0,"key":"SMITH"}],"neow_cost":"PERCENT_DAMAGE","seed_source_timestamp":0,"circlet_count":0,"master_deck":["AscendersBane","Strike_B","Strike_B","Defend_B","Defend_B","Defend_B","Defend_B","Zap+1","Dualcast","Lockon","Gash","Gash","Genetic Algorithm+1","Sweeping Beam","Streamline","Defragment","Ball Lightning","Buffer","Tempest+1","Beam Cell"],"special_seed":0,"relics":["Cracked Core","Shovel","Pocketwatch","Shuriken","Odd Mushroom","Inserter"],"potions_floor_usage":[16,20],"damage_taken":[{"damage":0.0,"enemies":"Cultist","floor":1.0,"turns":3.0},{"damage":0.0,"enemies":"2 Louse","floor":2.0,"turns":2.0},{"damage":2.0,"enemies":"Jaw Worm","floor":4.0,"turns":3.0},{"damage":39.0,"enemies":"3 Sentries","floor":7.0,"turns":8.0},{"damage":3.0,"enemies":"The Mushroom Lair","floor":12.0,"turns":3.0},{"damage":2.0,"enemies":"Large Slime","floor":13.0,"turns":4.0},{"damage":5.0,"enemies":"3 Louse","floor":14.0,"turns":3.0},{"damage":21,"enemies":"The Guardian","floor":16,"turns":10},{"damage":21,"enemies":"Shell Parasite","floor":18,"turns":5},{"damage":25,"enemies":"2 Thieves","floor":19,"turns":4},{"damage":22,"enemies":"Colosseum Slavers","floor":20,"turns":1}],"seed_played":"-8907845349547984429","potions_obtained":[{"floor":1.0,"key":"SteroidPotion"},{"floor":4.0,"key":"EssenceOfSteel"},{"floor":7.0,"key":"SkillPotion"},{"floor":16,"key":"SteroidPotion"},{"floor":19,"key":"Swift Potion"}],"is_trial":false,"path_per_floor":["M","M","$","M","?","R","E","T","T","?","R","?","M","M","R","B",null,"M","M","?"],"character_chosen":"DEFECT","items_purchased":["Gash"],"campfire_rested":1,"item_purchase_floors":[3],"current_hp_per_floor":[60,60,60,58,58,58,19,19,19,12,37,34,32,27,27,6,65,44,19,0],"gold":266,"neow_bonus":"TWENTY_PERCENT_HP_BONUS","is_prod":false,"is_daily":false,"chose_seed":false,"campfire_upgraded":2,"win_rate":0,"timestamp":1546583704,"path_taken":["M","M","?","M","?","R","E","?","T","?","R","?","M","M","R","BOSS","M","M","?"],"build_version":"2019-01-03v3","purchased_purges":0,"victory":false,"max_hp_per_floor":[85,85,85,85,85,85,85,85,85,85,85,85,85,85,85,85,85,85,85,85],"card_choices":[{"not_picked":["Double Energy","Rebound"],"picked":"Lockon","floor":1.0},{"not_picked":["Leap","Rebound"],"picked":"Gash","floor":2.0},{"not_picked":["Darkness","Force Field"],"picked":"Genetic Algorithm","floor":4.0},{"not_picked":["Stack","Darkness"],"picked":"Sweeping Beam","floor":7.0},{"not_picked":["Cold Snap","Tempest"],"picked":"Streamline","floor":12.0},{"not_picked":["Rebound","Reprogram"],"picked":"Defragment","floor":13.0},{"not_picked":["Barrage","Cold Snap"],"picked":"Ball Lightning","floor":14.0},{"not_picked":["Reboot","Meteor Strike"],"picked":"Buffer","floor":16},{"not_picked":["Skim","Hologram"],"picked":"Tempest+1","floor":18},{"not_picked":["Barrage","Coolheaded"],"picked":"Beam Cell","floor":19}],"player_experience":999887,"relics_obtained":[{"floor":7.0,"key":"Shovel"},{"floor":8.0,"key":"Pocketwatch"},{"floor":9.0,"key":"Shuriken"},{"floor":12.0,"key":"Odd Mushroom"}],"event_choices":[{"cards_removed":["Strike_B"],"damage_healed":0.0,"max_hp_gain":0.0,"max_hp_loss":0.0,"gold_gain":0.0,"event_name":"The Cleric","player_choice":"Card Removal","floor":5.0,"gold_loss":75.0,"damage_taken":0.0},{"cards_removed":["Strike_B"],"damage_healed":0.0,"max_hp_gain":0.0,"max_hp_loss":0.0,"gold_gain":0.0,"event_name":"Golden Wing","player_choice":"Card Removal","floor":10.0,"gold_loss":0.0,"damage_taken":7.0},{"damage_healed":0.0,"max_hp_gain":0.0,"max_hp_loss":0.0,"gold_gain":0.0,"event_name":"Mushrooms","player_choice":"Fought Mushrooms","floor":12.0,"gold_loss":0.0,"damage_taken":0.0},{"damage_healed":0,"gold_gain":0,"player_choice":"Fight","damage_taken":0,"max_hp_gain":0,"max_hp_loss":0,"event_name":"Colosseum","floor":20,"gold_loss":0}],"is_beta":false,"boss_relics":[{"not_picked":["Tiny House","Philosopher\u0027s Stone"],"picked":"Inserter"}],"items_purged_floors":[],"is_endless":false,"potions_floor_spawned":[1,4,7,16,19],"killed_by":"Colosseum Slavers","ascension_level":19}