{"gold_per_floor":[360,360,230,250,250,250,283,283,283,283,39,39,4,19,19,93,93,108,108,123,123,141,141,141],"floor_reached":24,"playtime":592,"items_purged":["Pain","Defend_B"],"score":374,"play_id":"c42de82e-4381-41b1-8082-fc71f95012fb","local_time":"20190222200416","is_ascension_mode":true,"campfire_choices":[{"floor":6,"key":"REST"},{"data":"Go for the Eyes","floor":8,"key":"SMITH"},{"data":"Zap","floor":10,"key":"SMITH"},{"data":"Defragment","floor":15,"key":"SMITH"},{"floor":23,"key":"REST"}],"neow_cost":"CURSE","seed_source_timestamp":20886471642900,"circlet_count":0,"master_deck":["AscendersBane","Strike_B+1","Strike_B","Defend_B+1","Defend_B","Defend_B","Zap+1","Dualcast","Consume+1","Ball Lightning","Go for the Eyes+1","Loop","Conserve Battery","Defragment+1","Echo Form","Leap"],"relics":["Cracked Core","Matryoshka","Juzu Bracelet","Ice Cream","Cables","Empty Cage"],"potions_floor_usage":[20],"damage_taken":[{"damage":7,"enemies":"Small Slimes","floor":1,"turns":3},{"damage":1,"enemies":"2 Louse","floor":4,"turns":3},{"damage":22,"enemies":"Lagavulin","floor":7,"turns":6},{"damage":4,"enemies":"Jaw Worm","floor":14,"turns":2},{"damage":11,"enemies":"The Guardian","floor":16,"turns":7},{"damage":19,"enemies":"Shell Parasite","floor":18,"turns":5},{"damage":31,"enemies":"Chosen","floor":20,"turns":5},{"damage":24,"enemies":"Snecko","floor":22,"turns":6},{"damage":26,"enemies":"Centurion and Healer","floor":24,"turns":3}],"seed_played":"6972785655713289777","potions_obtained":[{"floor":7,"key":"GamblersBrew"},{"floor":18,"key":"Regen Potion"},{"floor":20,"key":"Strength Potion"}],"is_trial":false,"path_per_floor":["M","?","$","M","?","R","E","R","T","R","$","?","?","M","R","B",null,"M","?","M","?","M","R","M"],"character_chosen":"DEFECT","items_purchased":["Fire Potion","Loop","Conserve Battery"],"campfire_rested":2,"item_purchase_floors":[3,11,11],"current_hp_per_floor":[57,57,57,56,35,56,34,34,34,34,34,29,46,42,42,31,61,42,42,25,25,1,22,0],"gold":141,"neow_bonus":"TWO_FIFTY_GOLD","is_prod":false,"is_daily":false,"chose_seed":false,"campfire_upgraded":3,"win_rate":0,"timestamp":1550858656,"path_taken":["M","?","$","M","?","R","E","R","T","R","?","?","?","M","R","BOSS","M","?","M","?","M","R","M"],"build_version":"2019-01-23","purchased_purges":2,"victory":false,"max_hp_per_floor":[71,71,71,71,71,71,71,71,71,71,71,71,71,71,71,71,71,71,71,71,71,71,71,71],"card_choices":[{"not_picked":["Ball Lightning","Hologram"],"picked":"Consume","floor":1},{"not_picked":["Go for the Eyes","Hologram"],"picked":"Ball Lightning","floor":4},{"not_picked":["Reprogram","Loop"],"picked":"Go for the Eyes","floor":7},{"not_picked":["Conserve Battery","Blizzard"],"picked":"Defragment","floor":14},{"not_picked":["Fission","Multi-Cast"],"picked":"Echo Form","floor":16},{"not_picked":["Turbo","Recycle","Steam"],"picked":"SKIP","floor":18},{"not_picked":["Streamline","Barrage"],"picked":"Leap","floor":20},{"not_picked":["Amplify","Rip and Tear","Leap"],"picked":"SKIP","floor":22}],"player_experience":878359,"relics_obtained":[{"floor":7,"key":"Matryoshka"},{"floor":9,"key":"Juzu Bracelet"},{"floor":9,"key":"Ice Cream"}],"event_choices":[{"damage_healed":0,"gold_gain":0,"player_choice":"Grow","damage_taken":0,"max_hp_gain":0,"max_hp_loss":0,"event_name":"Living Wall","floor":2,"gold_loss":0,"cards_upgraded":["Consume"]},{"damage_healed":0,"gold_gain":0,"player_choice":"Entered Light","damage_taken":21,"max_hp_gain":0,"max_hp_loss":0,"event_name":"Shining Light","floor":5,"gold_loss":0,"cards_upgraded":["Defend_B","Strike_B"]},{"damage_healed":0,"gold_gain":0,"player_choice":"Success","damage_taken":5,"relics_obtained":["Cables"],"max_hp_gain":0,"max_hp_loss":0,"event_name":"Scrap Ooze","floor":12,"gold_loss":0},{"damage_healed":17,"gold_gain":0,"player_choice":"Healed","damage_taken":0,"max_hp_gain":0,"max_hp_loss":0,"event_name":"The Cleric","floor":13,"gold_loss":35},{"damage_healed":0,"gold_gain":0,"player_choice":"Ignored","damage_taken":0,"max_hp_gain":0,"max_hp_loss":0,"event_name":"The Mausoleum","floor":19,"gold_loss":0},{"damage_healed":0,"gold_gain":0,"player_choice":"Ignored","damage_taken":0,"max_hp_gain":0,"max_hp_loss":0,"event_name":"Vampires","floor":21,"gold_loss":0}],"is_beta":false,"boss_relics":[{"not_picked":["White Beast Statue","Astrolabe"],"picked":"Empty Cage"}],"items_purged_floors":[3,11],"is_endless":false,"potions_floor_spawned":[7,14,18,20],"killed_by":"Centurion and Healer","ascension_level":19}