{"gold_per_floor":[119,139,139,69,83,83,122,87,114,164,176,188,215,243,255,363,375,405,417,453,481,493,545,557,569,581,593,70,83,83,122,122,212,212,225,245,245,270,291,291,335,356,383,383,383,383,273,292,292,292],"floor_reached":50,"playtime":1873,"items_purged":["Writhe"],"score":1064,"play_id":"082569dc-79bb-4ea3-b25e-498a933b2c57","local_time":"20190111164731","is_ascension_mode":true,"campfire_choices":[{"data":"Streamline","floor":6.0,"key":"SMITH"},{"floor":11.0,"key":"REST"},{"data":"Defragment","floor":15.0,"key":"SMITH"},{"floor":25.0,"key":"REST"},{"floor":27.0,"key":"REST"},{"floor":30.0,"key":"REST"},{"floor":32.0,"key":"REST"},{"floor":40.0,"key":"REST"},{"floor":44,"key":"REST"},{"floor":49,"key":"RECALL"}],"neow_cost":"NONE","seed_source_timestamp":0,"circlet_count":0,"master_deck":["AscendersBane","Strike_B","Defend_B","Defend_B","Defend_B","Zap","Dualcast","Streamline+1","Steam","Leap","Defragment+1","Sweeping Beam","Undo","Ball Lightning","Seek","Core Surge+1","Creative AI+1","Go for the Eyes+1","Conserve Battery+1","Redo+1","Tempest+1","Electrodynamics","Doom and Gloom+1","Machine Learning","FTL","Conserve Battery+1","Streamline+1","Reboot","Hologram+1","Stack"],"special_seed":0,"relics":["Cracked Core","Bag of Marbles","Golden Idol","DataDisk","Sundial","MawBank","Cables","Astrolabe","FossilizedHelix","Smiling Mask","Dodecahedron","Thread and Needle","Anchor","Torii","Inserter","Shovel","StoneCalendar"],"potions_floor_usage":[50,50],"damage_taken":[{"damage":0.0,"enemies":"Small Slimes","floor":1.0,"turns":2.0},{"damage":2.0,"enemies":"2 Louse","floor":2.0,"turns":3.0},{"damage":0.0,"enemies":"Cultist","floor":5.0,"turns":3.0},{"damage":23.0,"enemies":"Lagavulin","floor":7.0,"turns":7.0},{"damage":26.0,"enemies":"Gremlin Nob","floor":10.0,"turns":4.0},{"damage":1.0,"enemies":"2 Fungi Beasts","floor":13.0,"turns":2.0},{"damage":5.0,"enemies":"3 Louse","floor":14.0,"turns":3.0},{"damage":37.0,"enemies":"Hexaghost","floor":16.0,"turns":7.0},{"damage":9.0,"enemies":"Chosen","floor":18.0,"turns":4.0},{"damage":19.0,"enemies":"2 Thieves","floor":20.0,"turns":3.0},{"damage":13.0,"enemies":"Cultist and Chosen","floor":21.0,"turns":4.0},{"damage":28.0,"enemies":"Gremlin Leader","floor":23.0,"turns":7.0},{"damage":25.0,"enemies":"3 Cultists","floor":29.0,"turns":4.0},{"damage":14.0,"enemies":"Slavers","floor":31.0,"turns":2.0},{"damage":49.0,"enemies":"Collector","floor":33.0,"turns":8.0},{"damage":0.0,"enemies":"Orb Walker","floor":35.0,"turns":3.0},{"damage":0.0,"enemies":"3 Darklings","floor":36.0,"turns":2.0},{"damage":22.0,"enemies":"Maw","floor":38.0,"turns":7.0},{"damage":56.0,"enemies":"Writhing Mass","floor":39.0,"turns":4.0},{"damage":16.0,"enemies":"Reptomancer","floor":41.0,"turns":6.0},{"damage":7,"enemies":"3 Darklings","floor":42,"turns":3},{"damage":0,"enemies":"Sphere and 2 Shapes","floor":48,"turns":3},{"damage":73,"enemies":"Awakened One","floor":50,"turns":13}],"seed_played":"-3994114536737265510","potions_obtained":[{"floor":2.0,"key":"AttackPotion"},{"floor":7.0,"key":"Weak Potion"},{"floor":13.0,"key":"FairyPotion"},{"floor":20.0,"key":"Regen Potion"},{"floor":29.0,"key":"GamblersBrew"},{"floor":35.0,"key":"SkillPotion"},{"floor":37.0,"key":"PowerPotion"},{"floor":41.0,"key":"SpeedPotion"},{"floor":48,"key":"Dexterity Potion"}],"is_trial":false,"path_per_floor":["M","M","?","?","M","R","E","?","T","E","R","?","M","M","R","B",null,"M","?","M","M","?","E","?","R","T","R","$","M","R","E","R","B",null,"M","M","?","M","M","R","E","M","T","R","T","?","?","M","R","B"],"character_chosen":"DEFECT","items_purchased":["Thread and Needle","Anchor"],"campfire_rested":7,"item_purchase_floors":[28,28],"current_hp_per_floor":[64,62,38,38,38,38,15,32,32,6,27,71,70,65,65,28,60,51,51,32,19,19,6,6,27,27,48,48,23,44,30,51,2,54,54,54,54,32,7,28,12,5,5,26,26,71,71,71,71,0],"gold":292,"neow_bonus":"RANDOM_COMMON_RELIC","is_prod":false,"is_daily":false,"chose_seed":false,"campfire_upgraded":2,"win_rate":0,"timestamp":1547192851,"path_taken":["M","M","?","?","?","R","E","?","T","E","R","?","?","M","R","BOSS","M","?","M","?","?","E","?","R","T","R","?","M","R","E","R","BOSS","M","M","?","?","M","R","E","M","T","R","?","?","?","?","R","BOSS"],"build_version":"2019-01-10","purchased_purges":1,"victory":false,"max_hp_per_floor":[71,71,71,71,71,71,71,71,71,71,71,71,71,71,71,71,71,71,71,71,71,71,71,71,71,71,71,71,71,71,71,71,71,71,71,71,71,71,71,71,71,71,71,71,71,71,71,71,71,71],"card_choices":[{"not_picked":["Chaos","Barrage"],"picked":"Streamline","floor":1.0},{"not_picked":["Static Discharge","Barrage"],"picked":"Steam","floor":2.0},{"not_picked":["Compile Driver","Redo"],"picked":"Leap","floor":5.0},{"not_picked":["Rebound","Blizzard"],"picked":"Defragment","floor":7.0},{"not_picked":["Lockon","Double Energy"],"picked":"Sweeping Beam","floor":10.0},{"not_picked":["Beam Cell","Coolheaded"],"picked":"Undo","floor":13.0},{"not_picked":["Streamline","Undo"],"picked":"Ball Lightning","floor":14.0},{"not_picked":["Multi-Cast","Reboot"],"picked":"Seek","floor":16.0},{"not_picked":["Barrage","Cold Snap","Sweeping Beam"],"picked":"SKIP","floor":18.0},{"not_picked":["Capacitor","Gash"],"picked":"Conserve Battery+1","floor":20.0},{"not_picked":["Go for the Eyes","Melter"],"picked":"Redo+1","floor":21.0},{"not_picked":["Sweeping Beam","Defragment"],"picked":"Tempest+1","floor":23.0},{"not_picked":["Glacier","Turbo"],"picked":"Electrodynamics","floor":29.0},{"not_picked":["Rip and Tear","Rebound"],"picked":"Doom and Gloom","floor":31.0},{"not_picked":["Amplify","Thunder Strike"],"picked":"Machine Learning","floor":33.0},{"not_picked":["Lockon","Streamline+1"],"picked":"FTL","floor":35.0},{"not_picked":["Gash+1","Heatsinks","Hologram"],"picked":"SKIP","floor":36.0},{"not_picked":["Hologram","Gash"],"picked":"Conserve Battery+1","floor":38.0},{"not_picked":["Compile Driver+1","Beam Cell"],"picked":"Streamline+1","floor":39.0},{"not_picked":["Doom and Gloom","Tempest+1"],"picked":"Reboot","floor":41.0},{"not_picked":["Doom and Gloom","Rebound"],"picked":"Hologram+1","floor":42},{"not_picked":["Hologram","Undo"],"picked":"Stack","floor":48}],"player_experience":1028803,"relics_obtained":[{"floor":7.0,"key":"Sundial"},{"floor":9.0,"key":"MawBank"},{"floor":10.0,"key":"Cables"},{"floor":23.0,"key":"FossilizedHelix"},{"floor":26.0,"key":"Dodecahedron"},{"floor":31.0,"key":"Torii"},{"floor":41.0,"key":"Shovel"},{"floor":45,"key":"StoneCalendar"}],"event_choices":[{"damage_healed":0.0,"max_hp_gain":0.0,"max_hp_loss":0.0,"gold_gain":0.0,"event_name":"Golden Idol","player_choice":"Take Damage","floor":3.0,"gold_loss":0.0,"damage_taken":24.0,"relics_obtained":["Golden Idol"]},{"damage_healed":0.0,"max_hp_gain":0.0,"max_hp_loss":0.0,"gold_gain":0.0,"event_name":"WeMeetAgain","player_choice":"Paid Gold","floor":4.0,"gold_loss":70.0,"damage_taken":0.0,"relics_obtained":["DataDisk"]},{"damage_healed":17.0,"max_hp_gain":0.0,"max_hp_loss":0.0,"gold_gain":0.0,"event_name":"The Cleric","player_choice":"Healed","floor":8.0,"gold_loss":35.0,"damage_taken":0.0},{"damage_healed":44.0,"max_hp_gain":0.0,"max_hp_loss":0.0,"gold_gain":0.0,"event_name":"Wheel of Change","player_choice":"Full Heal","floor":12.0,"gold_loss":0.0,"damage_taken":0.0},{"cards_removed":["Strike_B"],"damage_healed":0.0,"max_hp_gain":0.0,"max_hp_loss":0.0,"gold_gain":0.0,"event_name":"Bonfire Elementals","player_choice":"Offered Basic","floor":19.0,"gold_loss":0.0,"damage_taken":0.0},{"damage_healed":0.0,"max_hp_gain":0.0,"max_hp_loss":0.0,"gold_gain":0.0,"event_name":"Cursed Tome","player_choice":"Ignored","floor":22.0,"gold_loss":0.0,"damage_taken":0.0},{"damage_healed":0.0,"max_hp_gain":0.0,"max_hp_loss":0.0,"gold_gain":0.0,"event_name":"The Mausoleum","player_choice":"Opened","floor":24.0,"gold_loss":0.0,"damage_taken":0.0,"relics_obtained":["Smiling Mask"],"cards_obtained":["Writhe"]},{"damage_healed":0.0,"max_hp_gain":0.0,"max_hp_loss":0.0,"gold_gain":0.0,"event_name":"Lab","player_choice":"Got Potions","floor":37.0,"gold_loss":0.0,"damage_taken":0.0},{"damage_healed":45,"gold_gain":0,"player_choice":"Heal","damage_taken":0,"max_hp_gain":0,"max_hp_loss":0,"event_name":"MindBloom","floor":46,"gold_loss":0,"cards_obtained":["Doubt"]},{"cards_removed":["Doubt"],"damage_healed":0,"gold_gain":0,"player_choice":"Upgrade and Remove","damage_taken":0,"max_hp_gain":0,"max_hp_loss":0,"event_name":"Designer","floor":47,"gold_loss":110,"cards_upgraded":["Doom and Gloom"]}],"is_beta":false,"boss_relics":[{"not_picked":["Fusion Hammer","Snecko Eye"],"picked":"Astrolabe"},{"not_picked":["Nuclear Battery","Velvet Choker"],"picked":"Inserter"}],"items_purged_floors":[28],"is_endless":false,"potions_floor_spawned":[2,7,13,20,21,29,35,41,48],"killed_by":"Awakened One","ascension_level":19}