{"gold_per_floor":[115,115,128,146,166,166,196,196,196,196,528,528,542,575,575,680,680,692,702,702,617,617,426,426,452,452,452,471,497,517,77,77,180,180,191,207,207,226,226,226,226],"floor_reached":41,"playtime":2782,"items_purged":["Strike_G"],"score":624,"play_id":"f06e1c13-acae-41ae-9b2b-2096fb3a3949","local_time":"20190213141500","is_ascension_mode":true,"campfire_choices":[{"data":"Deadly Poison","floor":6,"key":"SMITH"},{"data":"Wraith Form v2","floor":8,"key":"SMITH"},{"data":"Neutralize","floor":10,"key":"SMITH"},{"data":"Dagger Spray","floor":15,"key":"SMITH"},{"data":"Leg Sweep","floor":24,"key":"SMITH"},{"data":"Backflip","floor":27,"key":"SMITH"},{"floor":32,"key":"REST"},{"floor":40,"key":"REST"}],"neow_cost":"NONE","seed_source_timestamp":71215787911614,"circlet_count":0,"master_deck":["Defend_G","Defend_G","Defend_G","Defend_G","Defend_G","Strike_G","Strike_G","Strike_G","Survivor","Neutralize+1","PiercingWail","Deadly Poison+1","Quick Slash","Sucker Punch+1","Wraith Form v2+1","Heel Hook","Dagger Spray+1","Well Laid Plans+1","After Image+1","Backstab","Deadly Poison","Backflip+1","Leg Sweep+1","Cloak And Dagger","Blur","Well Laid Plans+1","Caltrops+1","Dodge and Roll+1","Crippling Poison+1","Bouncing Flask+1","Burst","Wraith Form v2+1","Acrobatics+1"],"relics":["Ring of the Snake","NeowsBlessing","Art of War","Shuriken","Old Coin","Frozen Egg 2","Orrery","Enchiridion","Regal Pillow","Pen Nib","Gambling Chip","Bottled Tornado","Oddly Smooth Stone","Bag of Preparation","Snecko Eye"],"potions_floor_usage":[16,18,33,33],"damage_taken":[{"damage":0,"enemies":"Jaw Worm","floor":1,"turns":1},{"damage":0,"enemies":"Small Slimes","floor":3,"turns":1},{"damage":0,"enemies":"Cultist","floor":4,"turns":1},{"damage":3,"enemies":"Blue Slaver","floor":5,"turns":5},{"damage":11,"enemies":"Lagavulin","floor":7,"turns":10},{"damage":2,"enemies":"Gremlin Nob","floor":11,"turns":5},{"damage":1,"enemies":"2 Fungi Beasts","floor":13,"turns":3},{"damage":10,"enemies":"Lagavulin","floor":14,"turns":7},{"damage":0,"enemies":"Slime Boss","floor":16,"turns":6},{"damage":7,"enemies":"3 Byrds","floor":18,"turns":5},{"damage":10,"enemies":"Spheric Guardian","floor":19,"turns":7},{"damage":20,"enemies":"Gremlin Leader","floor":25,"turns":9},{"damage":7,"enemies":"Shelled Parasite and Fungi","floor":28,"turns":6},{"damage":24,"enemies":"Slavers","floor":29,"turns":6},{"damage":5,"enemies":"Centurion and Healer","floor":30,"turns":9},{"damage":26,"enemies":"Automaton","floor":33,"turns":11},{"damage":0,"enemies":"3 Darklings","floor":35,"turns":4},{"damage":0,"enemies":"3 Shapes","floor":36,"turns":4},{"damage":30,"enemies":"Writhing Mass","floor":38,"turns":5},{"damage":77,"enemies":"Giant Head","floor":41,"turns":7}],"seed_played":"1184715440343375572","potions_obtained":[{"floor":7,"key":"Fire Potion"},{"floor":11,"key":"Explosive Potion"},{"floor":28,"key":"Dexterity Potion"},{"floor":29,"key":"Dexterity Potion"},{"floor":30,"key":"Explosive Potion"}],"is_trial":false,"path_per_floor":["M","?","M","M","M","R","E","R","T","R","E","?","M","E","R","B",null,"M","M","?","?","?","$","R","E","T","R","M","E","M","$","R","B",null,"M","M","?","M","$","R","E"],"character_chosen":"THE_SILENT","items_purchased":["Blur","Well Laid Plans+1","Oddly Smooth Stone","Bag of Preparation","Burst"],"campfire_rested":2,"item_purchase_floors":[23,23,31,31,31],"current_hp_per_floor":[70,70,70,70,67,67,56,56,56,56,54,54,53,43,43,43,63,56,46,30,30,70,70,70,50,50,50,43,19,14,14,50,24,59,59,59,59,29,29,63,0],"gold":226,"neow_bonus":"THREE_ENEMY_KILL","is_prod":false,"is_daily":false,"chose_seed":false,"campfire_upgraded":6,"win_rate":0,"timestamp":1550096100,"path_taken":["M","?","M","M","M","R","E","R","T","R","E","?","M","E","R","BOSS","M","M","?","?","?","$","R","E","T","R","?","E","M","$","R","BOSS","M","M","?","M","$","R","E"],"build_version":"2019-01-23","purchased_purges":1,"victory":false,"max_hp_per_floor":[70,70,70,70,70,70,70,70,70,70,70,70,70,70,70,70,70,70,70,70,70,70,70,70,70,70,70,70,70,70,70,70,70,70,70,70,66,66,66,66,66],"card_choices":[{"not_picked":["Poisoned Stab","Calculated Gamble"],"picked":"PiercingWail","floor":1},{"not_picked":["Catalyst","Prepared"],"picked":"Deadly Poison","floor":3},{"not_picked":["Blade Dance","Bane"],"picked":"Quick Slash","floor":4},{"not_picked":["Infinite Blades","Acrobatics"],"picked":"Sucker Punch","floor":5},{"not_picked":["Sucker Punch","Dagger Throw"],"picked":"Wraith Form v2","floor":7},{"not_picked":["Masterful Stab","Eviscerate"],"picked":"Heel Hook","floor":11},{"not_picked":["PiercingWail","Caltrops"],"picked":"Dagger Spray","floor":13},{"not_picked":["Dash","Eviscerate"],"picked":"Well Laid Plans","floor":14},{"not_picked":["Grand Finale","Venomology"],"picked":"After Image+1","floor":16},{"not_picked":["Deadly Poison","Sucker Punch"],"picked":"Backstab","floor":17},{"not_picked":["Outmaneuver","Blade Dance"],"picked":"Deadly Poison","floor":17},{"not_picked":["Underhanded Strike","Predator"],"picked":"Backflip","floor":17},{"not_picked":["Escape Plan","Blur"],"picked":"Leg Sweep","floor":17},{"not_picked":["Quick Slash","Deadly Poison"],"picked":"Cloak And Dagger","floor":17},{"not_picked":["Outmaneuver","Riddle With Holes","Bane"],"picked":"SKIP","floor":18},{"not_picked":["Choke","Slice","Dagger Spray"],"picked":"SKIP","floor":19},{"not_picked":["Setup","PiercingWail"],"picked":"Caltrops+1","floor":25},{"not_picked":["Riddle With Holes+1","Sucker Punch"],"picked":"Dodge and Roll+1","floor":28},{"not_picked":["Escape Plan+1","Bane"],"picked":"Crippling Poison+1","floor":29},{"not_picked":["PiercingWail+1","Poisoned Stab"],"picked":"Bouncing Flask+1","floor":30},{"not_picked":["Grand Finale","Phantasmal Killer"],"picked":"Wraith Form v2+1","floor":33},{"not_picked":["Acrobatics","Blade Dance","Well Laid Plans+1"],"picked":"SKIP","floor":35},{"not_picked":["Poisoned Stab","Setup+1"],"picked":"Acrobatics+1","floor":36},{"not_picked":["Reflex+1","Accuracy+1","Slice+1"],"picked":"SKIP","floor":38}],"player_experience":136504,"relics_obtained":[{"floor":7,"key":"Art of War"},{"floor":9,"key":"Shuriken"},{"floor":11,"key":"Old Coin"},{"floor":14,"key":"Frozen Egg 2"},{"floor":20,"key":"Enchiridion"},{"floor":25,"key":"Pen Nib"},{"floor":26,"key":"Gambling Chip"},{"floor":29,"key":"Bottled Tornado"}],"event_choices":[{"damage_healed":0,"gold_gain":0,"cards_transformed":["Strike_G"],"player_choice":"Change","damage_taken":0,"max_hp_gain":0,"max_hp_loss":0,"event_name":"Living Wall","floor":2,"gold_loss":0,"cards_obtained":["Endless Agony"]},{"damage_healed":0,"gold_gain":0,"player_choice":"Upgraded","damage_taken":0,"max_hp_gain":0,"max_hp_loss":0,"event_name":"Upgrade Shrine","floor":12,"gold_loss":0,"cards_upgraded":["Sucker Punch"]},{"damage_healed":0,"gold_gain":0,"player_choice":"Obtained Book","damage_taken":16,"max_hp_gain":0,"max_hp_loss":0,"event_name":"Cursed Tome","floor":20,"gold_loss":0},{"damage_healed":0,"gold_gain":0,"player_choice":"Obtained Relic","damage_taken":0,"relics_obtained":["Regal Pillow"],"max_hp_gain":0,"max_hp_loss":0,"event_name":"Addict","floor":21,"gold_loss":85},{"cards_removed":["Endless Agony"],"damage_healed":40,"gold_gain":0,"player_choice":"Offered Uncommon","damage_taken":0,"max_hp_gain":0,"max_hp_loss":0,"event_name":"Bonfire Elementals","floor":22,"gold_loss":0},{"damage_healed":0,"gold_gain":0,"player_choice":"Max HP","damage_taken":0,"max_hp_gain":0,"max_hp_loss":4,"event_name":"Winding Halls","floor":37,"gold_loss":0}],"is_beta":false,"boss_relics":[{"not_picked":["Fusion Hammer","Calling Bell"],"picked":"Orrery"},{"not_picked":["Eternal Feather","Runic Dome"],"picked":"Snecko Eye"}],"items_purged_floors":[23],"is_endless":false,"potions_floor_spawned":[7,11,28,29,30],"killed_by":"Giant Head","ascension_level":5}