{"gold_per_floor":[114,94,105,121,121,121,149,175,175,13,13,13,33,49,49,150,150,170,245,262,278,203,203],"floor_reached":23,"playtime":785,"items_purged":[],"score":229,"play_id":"f218f98a-95dd-4a6c-b246-021395516d63","local_time":"20190222223516","is_ascension_mode":true,"campfire_choices":[{"data":"Dualcast","floor":6.0,"key":"SMITH"},{"floor":12.0,"key":"REST"},{"data":"Consume","floor":15.0,"key":"SMITH"}],"neow_cost":"NONE","seed_source_timestamp":25714508595225,"circlet_count":0,"master_deck":["Strike_B","Strike_B","Strike_B","Defend_B","Defend_B","Defend_B","Defend_B","Zap+1","Dualcast+1","Capacitor","Steam","Streamline+1","Ball Lightning","Apotheosis","Double Energy","Consume+1","Biased Cognition","Steam","Capacitor","Conserve Battery"],"special_seed":0,"relics":["Cracked Core","Odd Mushroom","Bottled Flame","DataDisk","Nuclear Battery"],"potions_floor_usage":[16,21],"damage_taken":[{"damage":9.0,"enemies":"Jaw Worm","floor":1.0,"turns":3.0},{"damage":1.0,"enemies":"Cultist","floor":3.0,"turns":4.0},{"damage":7.0,"enemies":"Small Slimes","floor":4.0,"turns":4.0},{"damage":12.0,"enemies":"The Mushroom Lair","floor":7.0,"turns":4.0},{"damage":20.0,"enemies":"Gremlin Nob","floor":8.0,"turns":4.0},{"damage":2.0,"enemies":"Blue Slaver","floor":13.0,"turns":2.0},{"damage":1.0,"enemies":"2 Fungi Beasts","floor":14.0,"turns":2.0},{"damage":43,"enemies":"The Guardian","floor":16,"turns":8},{"damage":15,"enemies":"Shell Parasite","floor":18,"turns":5},{"damage":16,"enemies":"Spheric Guardian","floor":20,"turns":4},{"damage":9,"enemies":"Centurion and Healer","floor":21,"turns":6},{"damage":33,"enemies":"Book of Stabbing","floor":23,"turns":4}],"seed_played":"9109620466413975955","potions_obtained":[{"floor":2.0,"key":"LiquidBronze"},{"floor":3.0,"key":"SkillPotion"},{"floor":8.0,"key":"SpeedPotion"},{"floor":13.0,"key":"Energy Potion"}],"is_trial":false,"path_per_floor":["M","?","M","M","?","R","?","E","T","$","$","R","M","M","R","B",null,"M","?","M","M","?","E"],"character_chosen":"DEFECT","items_purchased":["Apotheosis"],"campfire_rested":1,"item_purchase_floors":[10],"current_hp_per_floor":[66,66,65,58,58,58,46,26,26,26,26,48,46,45,45,2,75,60,53,37,28,28,0],"gold":203,"neow_bonus":"UPGRADE_CARD","is_prod":false,"is_daily":false,"chose_seed":false,"campfire_upgraded":2,"win_rate":0,"timestamp":1550871316,"path_taken":["M","?","M","?","?","R","?","E","T","?","$","R","M","M","R","BOSS","M","?","?","?","?","E"],"build_version":"2019-01-23","purchased_purges":0,"victory":false,"max_hp_per_floor":[75,75,75,75,75,75,75,75,75,75,75,75,75,75,75,75,75,75,75,75,75,75,75],"card_choices":[{"not_picked":["Conserve Battery","Static Discharge"],"picked":"Capacitor","floor":1.0},{"not_picked":["Hello World","Compile Driver"],"picked":"Steam","floor":3.0},{"not_picked":["Hello World","Steam"],"picked":"Streamline","floor":4.0},{"not_picked":["Hologram","Leap"],"picked":"Ball Lightning","floor":7.0},{"not_picked":["Scrape","Storm","Beam Cell"],"picked":"SKIP","floor":8.0},{"not_picked":["White Noise","Turbo"],"picked":"Double Energy","floor":13.0},{"not_picked":["Aggregate","FTL"],"picked":"Consume","floor":14.0},{"not_picked":["Multi-Cast","Creative AI"],"picked":"Biased Cognition","floor":16},{"not_picked":["Hello World","Compile Driver+1"],"picked":"Steam","floor":18},{"not_picked":["Conserve Battery","Fusion"],"picked":"Capacitor","floor":20},{"not_picked":["Barrage+1","Beam Cell"],"picked":"Conserve Battery","floor":21}],"player_experience":232543,"relics_obtained":[{"floor":7.0,"key":"Odd Mushroom"},{"floor":8.0,"key":"Bottled Flame"},{"floor":9.0,"key":"DataDisk"}],"event_choices":[{"damage_healed":0.0,"max_hp_gain":0.0,"max_hp_loss":0.0,"gold_gain":0.0,"event_name":"The Woman in Blue","player_choice":"Bought 1 Potion","floor":2.0,"gold_loss":0.0,"damage_taken":0.0},{"damage_healed":0.0,"max_hp_gain":0.0,"max_hp_loss":0.0,"gold_gain":0.0,"event_name":"Living Wall","player_choice":"Grow","floor":5.0,"gold_loss":0.0,"damage_taken":0.0,"cards_upgraded":["Streamline"]},{"damage_healed":0.0,"max_hp_gain":0.0,"max_hp_loss":0.0,"gold_gain":0.0,"event_name":"Mushrooms","player_choice":"Fought Mushrooms","floor":7.0,"gold_loss":0.0,"damage_taken":0.0},{"damage_healed":0,"gold_gain":75,"player_choice":"Touch","damage_taken":7,"max_hp_gain":0,"max_hp_loss":0,"event_name":"FaceTrader","floor":19,"gold_loss":0},{"cards_removed":["Strike_B"],"damage_healed":0,"gold_gain":0,"player_choice":"Gave Gold","damage_taken":0,"max_hp_gain":0,"max_hp_loss":0,"event_name":"Beggar","floor":22,"gold_loss":75}],"is_beta":false,"boss_relics":[{"not_picked":["Eternal Feather","Velvet Choker"],"picked":"Nuclear Battery"}],"items_purged_floors":[],"is_endless":false,"potions_floor_spawned":[3,8,13,14],"killed_by":"Book of Stabbing","ascension_level":4}