{"gold_per_floor":[111,129,129,139,139,166,166,183,206,241,24,99,115,15,15,119,119,131,131,131,131],"floor_reached":21,"playtime":1292,"items_purged":["Strike_R","Defend_R"],"score":262,"play_id":"58678bad-6305-462f-a2dc-fea658f8526f","local_time":"20190219131503","is_ascension_mode":true,"campfire_choices":[{"data":"Bash","floor":7,"key":"SMITH"},{"data":"Evolve","floor":15,"key":"SMITH"}],"neow_cost":"NONE","seed_source_timestamp":322428296117971,"circlet_count":0,"master_deck":["Strike_R","Strike_R","Strike_R","Defend_R","Defend_R","Bash+1","True Grit","True Grit","Flex","Perfected Strike","Twin Strike","Dropkick","Warcry","Panacea","Twin Strike","Evolve+1","Feed","Warcry","RitualDagger","Evolve"],"relics":["Burning Blood","CultistMask","Regal Pillow","PreservedInsect","Ancient Tea Set","Philosopher\u0027s Stone"],"potions_floor_usage":[6,6,6,10,16,18],"damage_taken":[{"damage":6,"enemies":"Small Slimes","floor":1,"turns":5},{"damage":3,"enemies":"Cultist","floor":2,"turns":4},{"damage":1,"enemies":"2 Louse","floor":4,"turns":3},{"damage":32,"enemies":"3 Sentries","floor":6,"turns":9},{"damage":14,"enemies":"Blue Slaver","floor":8,"turns":3},{"damage":15,"enemies":"Lagavulin","floor":10,"turns":3},{"damage":1,"enemies":"3 Louse","floor":13,"turns":4},{"damage":38,"enemies":"Slime Boss","floor":16,"turns":7},{"damage":54,"enemies":"3 Byrds","floor":18,"turns":8},{"damage":19,"enemies":"Spheric Guardian","floor":21,"turns":3}],"seed_played":"-1172831122166556381","potions_obtained":[{"floor":2,"key":"EntropicBrew"},{"floor":6,"key":"FearPotion"},{"floor":10,"key":"Regen Potion"},{"floor":16,"key":"Energy Potion"}],"is_trial":false,"path_per_floor":["M","M","?","M","?","E","R","M","T","E","$","?","M","$","R","B",null,"M","?","?","M"],"character_chosen":"IRONCLAD","items_purchased":["Panacea","Twin Strike"],"campfire_rested":0,"item_purchase_floors":[11,11],"current_hp_per_floor":[72,75,75,80,80,62,62,54,54,45,45,34,39,39,39,22,66,21,15,15,0],"gold":131,"neow_bonus":"THREE_CARDS","is_prod":false,"is_daily":false,"chose_seed":false,"campfire_upgraded":2,"win_rate":0,"timestamp":1550560503,"path_taken":["M","M","?","?","?","E","R","?","T","E","$","?","M","$","R","BOSS","M","?","?","M"],"build_version":"2019-01-23","purchased_purges":2,"victory":false,"max_hp_per_floor":[80,80,80,80,80,80,80,80,80,80,80,80,80,80,80,80,80,83,83,83,83],"card_choices":[{"not_picked":["Pommel Strike","Second Wind"],"picked":"True Grit","floor":0},{"not_picked":["Body Slam","Headbutt"],"picked":"True Grit","floor":1},{"not_picked":["True Grit","Whirlwind"],"picked":"Flex","floor":2},{"not_picked":["Anger","Armaments"],"picked":"Twin Strike","floor":4},{"not_picked":["Thunderclap","Whirlwind"],"picked":"Dropkick","floor":6},{"not_picked":["Burning Pact","Seeing Red"],"picked":"Warcry","floor":8},{"not_picked":["Dual Wield","Iron Wave","Sever Soul"],"picked":"SKIP","floor":10},{"not_picked":["Body Slam","Exhume"],"picked":"Evolve","floor":13},{"not_picked":["Limit Break","Juggernaut"],"picked":"Feed","floor":16},{"not_picked":["Cleave","Rage+1"],"picked":"Warcry","floor":18}],"player_experience":829012,"relics_obtained":[{"floor":6,"key":"Regal Pillow"},{"floor":9,"key":"PreservedInsect"},{"floor":10,"key":"Ancient Tea Set"}],"event_choices":[{"damage_healed":0,"gold_gain":0,"cards_transformed":["Defend_R"],"player_choice":"Transformed","damage_taken":0,"max_hp_gain":0,"max_hp_loss":0,"event_name":"Transmorgrifier","floor":3,"gold_loss":0,"cards_obtained":["Perfected Strike"]},{"damage_healed":0,"gold_gain":0,"player_choice":"Trade","damage_taken":0,"relics_obtained":["CultistMask"],"max_hp_gain":0,"max_hp_loss":0,"event_name":"FaceTrader","floor":5,"gold_loss":0},{"damage_healed":0,"gold_gain":75,"player_choice":"Gather Gold","damage_taken":11,"max_hp_gain":0,"max_hp_loss":0,"event_name":"World of Goop","floor":12,"gold_loss":0},{"damage_healed":0,"gold_gain":0,"player_choice":"Joined the Cult","damage_taken":6,"max_hp_gain":0,"max_hp_loss":0,"event_name":"Nest","floor":19,"gold_loss":0,"cards_obtained":["RitualDagger"]},{"damage_healed":0,"gold_gain":0,"cards_transformed":["Strike_R"],"player_choice":"Transformed","damage_taken":0,"max_hp_gain":0,"max_hp_loss":0,"event_name":"Transmorgrifier","floor":20,"gold_loss":0,"cards_obtained":["Evolve"]}],"is_beta":false,"boss_relics":[{"not_picked":["Eternal Feather","Astrolabe"],"picked":"Philosopher\u0027s Stone"}],"items_purged_floors":[11,14],"is_endless":false,"potions_floor_spawned":[2,6,10,16],"killed_by":"Spheric Guardian","ascension_level":8}