{"gold_per_floor":[118,118,138,213,232,288,288,288,356,370,370,403,418,428,428,532,532,551,131,146,146,158,193,193,210,290,290,37,47,47,65,65,164,164,177,31,0,0,0,33,53,53,78,93,21,36,36,52,52,52],"floor_reached":51,"playtime":3921,"items_purged":[],"score":851,"play_id":"bbe8918c-99bd-4b6b-acec-73c4512af370","local_time":"20190212223031","is_ascension_mode":true,"campfire_choices":[{"data":"Skewer","floor":8,"key":"SMITH"},{"data":"Neutralize","floor":11,"key":"SMITH"},{"data":"Noxious Fumes","floor":15,"key":"SMITH"},{"floor":24,"key":"REST"},{"data":"Wraith Form v2","floor":27,"key":"SMITH"},{"floor":30,"key":"REST"},{"data":"Malaise","floor":32,"key":"SMITH"},{"data":"Noxious Fumes","floor":42,"key":"SMITH"},{"data":"Venomology","floor":47,"key":"SMITH"},{"data":"Calculated Gamble","floor":49,"key":"SMITH"}],"neow_cost":"NONE","seed_source_timestamp":8218383773344,"circlet_count":0,"master_deck":["Survivor","Neutralize+1","Calculated Gamble+1","Venomology+1","Dash","Skewer+1","Backflip","Noxious Fumes+1","Blur","PiercingWail","Adrenaline","Backflip","Malaise+1","Wraith Form v2+1","Bouncing Flask","A Thousand Cuts","Heel Hook","Flechettes","Outmaneuver","Leg Sweep","Noxious Fumes+1","Dagger Throw+1","Cloak And Dagger+1","Malaise","Dagger Spray+1","Die Die Die","Finisher","Deadly Poison","Parasite"],"relics":["Ring of the Snake","NeowsBlessing","Tiny Chest","Ornamental Fan","Centennial Puzzle","Pandora\u0027s Box","Lantern","Shuriken","Nilry\u0027s Codex","Ancient Tea Set","Darkstone Periapt","Mummified Hand","Busted Crown","Bag of Marbles","Red Mask","Dodecahedron","Potion Belt"],"potions_floor_usage":[6,12,13,14,14,16,16,16,20,20,23,25,29,31,33,33,41,46,48,48,50,50,50],"damage_taken":[{"damage":0,"enemies":"Small Slimes","floor":1,"turns":1},{"damage":0,"enemies":"Cultist","floor":3,"turns":1},{"damage":0,"enemies":"2 Louse","floor":5,"turns":1},{"damage":12,"enemies":"3 Sentries","floor":6,"turns":12},{"damage":1,"enemies":"Looter","floor":10,"turns":3},{"damage":8,"enemies":"Gremlin Nob","floor":12,"turns":4},{"damage":5,"enemies":"Exordium Thugs","floor":13,"turns":4},{"damage":0,"enemies":"Lots of Slimes","floor":14,"turns":4},{"damage":29,"enemies":"Slime Boss","floor":16,"turns":12},{"damage":0,"enemies":"Chosen","floor":18,"turns":4},{"damage":10,"enemies":"2 Thieves","floor":20,"turns":4},{"damage":3,"enemies":"Snake Plant","floor":22,"turns":5},{"damage":31,"enemies":"Book of Stabbing","floor":23,"turns":6},{"damage":15,"enemies":"Centurion and Healer","floor":25,"turns":8},{"damage":12,"enemies":"Shelled Parasite and Fungi","floor":29,"turns":6},{"damage":0,"enemies":"Cultist and Chosen","floor":31,"turns":5},{"damage":0,"enemies":"Collector","floor":33,"turns":8},{"damage":0,"enemies":"3 Darklings","floor":35,"turns":5},{"damage":6,"enemies":"Nemesis","floor":40,"turns":9},{"damage":11,"enemies":"Orb Walker","floor":41,"turns":3},{"damage":1,"enemies":"4 Shapes","floor":44,"turns":4},{"damage":0,"enemies":"Maw","floor":46,"turns":6},{"damage":0,"enemies":"Writhing Mass","floor":48,"turns":3},{"damage":53,"enemies":"Awakened One","floor":50,"turns":12}],"seed_played":"-2778520596608502701","potions_obtained":[{"floor":3,"key":"SpeedPotion"},{"floor":7,"key":"EssenceOfSteel"},{"floor":12,"key":"LiquidBronze"},{"floor":14,"key":"Energy Potion"},{"floor":16,"key":"Swift Potion"},{"floor":29,"key":"SteroidPotion"},{"floor":31,"key":"GhostInAJar"}],"is_trial":false,"path_per_floor":["M","?","M","?","M","E","?","R","T","M","R","E","M","M","R","B",null,"M","$","M","?","M","E","R","M","T","R","$","M","R","M","R","B",null,"M","$","?","?","$","E","M","R","T","M","$","M","R","M","R","B",null],"character_chosen":"THE_SILENT","items_purchased":["Noxious Fumes","Lantern","Shuriken","Mummified Hand","Bag of Marbles","GamblersBrew"],"campfire_rested":2,"item_purchase_floors":[19,19,19,28,36,45],"current_hp_per_floor":[70,70,70,59,59,47,47,47,47,46,46,38,33,33,33,4,70,70,70,60,44,41,10,31,16,16,16,16,4,25,25,25,25,70,70,70,70,70,70,64,53,53,53,52,52,52,52,58,58,5],"gold":52,"neow_bonus":"THREE_ENEMY_KILL","is_prod":false,"is_daily":false,"chose_seed":false,"campfire_upgraded":8,"win_rate":0,"timestamp":1550039431,"path_taken":["M","?","?","?","M","E","?","R","T","M","R","E","?","M","R","BOSS","M","?","?","?","M","E","R","M","T","R","$","M","R","M","R","BOSS","M","$","?","?","$","E","M","R","T","M","$","M","R","?","R","BOSS"],"build_version":"2019-01-23","purchased_purges":0,"victory":true,"max_hp_per_floor":[70,70,70,70,70,70,70,70,70,70,70,70,70,70,70,70,70,70,70,70,70,70,70,70,70,70,70,70,70,70,70,70,70,70,70,70,70,70,70,70,70,70,70,70,70,70,70,76,76,76],"card_choices":[{"not_picked":["Outmaneuver","Poisoned Stab"],"picked":"Calculated Gamble","floor":1},{"not_picked":["Quick Slash","Riddle With Holes"],"picked":"Dash","floor":3},{"not_picked":["Dagger Spray","Blade Dance"],"picked":"Skewer","floor":5},{"not_picked":["Masterful Stab","Dodge and Roll"],"picked":"Backflip","floor":6},{"not_picked":["Underhanded Strike","Prepared"],"picked":"Noxious Fumes","floor":10},{"not_picked":["Storm of Steel","Glass Knife"],"picked":"Blur","floor":12},{"not_picked":["Bane","Escape Plan"],"picked":"PiercingWail","floor":13},{"not_picked":["Skewer","Terror","Slice"],"picked":"SKIP","floor":14},{"not_picked":["Bullet Time","A Thousand Cuts"],"picked":"Adrenaline","floor":16},{"not_picked":["Sucker Punch","Escape Plan"],"picked":"Leg Sweep","floor":18},{"not_picked":["Blade Dance","Poisoned Stab"],"picked":"Dagger Throw+1","floor":20},{"not_picked":["Dagger Throw","PiercingWail+1"],"picked":"Cloak And Dagger+1","floor":22},{"not_picked":["Blade Dance+1","Leg Sweep+1","Eviscerate"],"picked":"SKIP","floor":23},{"not_picked":["Skewer","Dagger Throw","Underhanded Strike+1"],"picked":"SKIP","floor":25},{"not_picked":["Prepared","Leg Sweep"],"picked":"Malaise","floor":29},{"not_picked":["Acrobatics+1","Setup+1"],"picked":"Dagger Spray+1","floor":31},{"not_picked":["Storm of Steel","A Thousand Cuts"],"picked":"Die Die Die","floor":33},{"not_picked":["Outmaneuver"],"picked":"SKIP","floor":35},{"not_picked":[],"picked":"Deadly Poison","floor":40},{"not_picked":["Blade Dance"],"picked":"SKIP","floor":41},{"not_picked":["Dagger Throw"],"picked":"SKIP","floor":44},{"not_picked":["Poisoned Stab"],"picked":"SKIP","floor":46},{"not_picked":["Sucker Punch+1"],"picked":"SKIP","floor":48}],"player_experience":130981,"relics_obtained":[{"floor":6,"key":"Tiny Chest"},{"floor":9,"key":"Ornamental Fan"},{"floor":12,"key":"Centennial Puzzle"},{"floor":21,"key":"Nilry\u0027s Codex"},{"floor":23,"key":"Ancient Tea Set"},{"floor":26,"key":"Darkstone Periapt"},{"floor":40,"key":"Dodecahedron"},{"floor":43,"key":"Potion Belt"}],"event_choices":[{"damage_healed":0,"gold_gain":0,"cards_transformed":["Strike_G"],"player_choice":"Transformed","damage_taken":0,"max_hp_gain":0,"max_hp_loss":0,"event_name":"Transmorgrifier","floor":2,"gold_loss":0,"cards_obtained":["Venomology"]},{"damage_healed":0,"gold_gain":75,"player_choice":"Gather Gold","damage_taken":11,"max_hp_gain":0,"max_hp_loss":0,"event_name":"World of Goop","floor":4,"gold_loss":0},{"damage_healed":0,"gold_gain":0,"player_choice":"Got Potions","damage_taken":0,"max_hp_gain":0,"max_hp_loss":0,"event_name":"Lab","floor":7,"gold_loss":0},{"damage_healed":0,"gold_gain":0,"player_choice":"Obtained Book","damage_taken":16,"max_hp_gain":0,"max_hp_loss":0,"event_name":"Cursed Tome","floor":21,"gold_loss":0},{"damage_healed":0,"gold_gain":0,"player_choice":"Paid","damage_taken":0,"relics_obtained":["Red Mask"],"max_hp_gain":0,"max_hp_loss":0,"event_name":"Tomb of Lord Red Mask","floor":37,"gold_loss":31},{"damage_healed":0,"gold_gain":0,"cards_transformed":["Blade Dance"],"player_choice":"Transformed","damage_taken":0,"max_hp_gain":0,"max_hp_loss":0,"event_name":"Transmorgrifier","floor":38,"gold_loss":0,"cards_obtained":["Finisher"]}],"is_beta":false,"boss_relics":[{"not_picked":["Snecko Eye","Empty Cage"],"picked":"Pandora\u0027s Box"},{"not_picked":["Runic Dome","Eternal Feather"],"picked":"Busted Crown"}],"items_purged_floors":[],"is_endless":false,"potions_floor_spawned":[3,12,13,14,16,29,31,41,46],"ascension_level":4}