{"gold_per_floor":[117,117,131,147,147,176,176,187,263,281,281],"floor_reached":11,"playtime":339,"items_purged":[],"score":150,"play_id":"3c8e8a7c-bea1-47ef-934a-87fbeb45c363","local_time":"20190123193347","is_ascension_mode":true,"campfire_choices":[{"data":"Streamline","floor":7.0,"key":"SMITH"}],"neow_cost":"NONE","seed_source_timestamp":1160492589575408,"circlet_count":0,"master_deck":["AscendersBane","Strike_B","Strike_B","Strike_B","Strike_B","Defend_B","Defend_B","Defend_B","Defend_B","Zap","Dualcast","Beam Cell+1","Cold Snap","Coolheaded","All For One","Steam","FTL+1","Gash","Reinforced Body","Streamline+1","Core Surge","Hologram"],"special_seed":0,"relics":["Orrery","FossilizedHelix","Sundial"],"potions_floor_usage":[10],"damage_taken":[{"damage":15.0,"enemies":"Jaw Worm","floor":1.0,"turns":4.0},{"damage":0.0,"enemies":"Cultist","floor":3.0,"turns":3.0},{"damage":5.0,"enemies":"Small Slimes","floor":4.0,"turns":3.0},{"damage":22.0,"enemies":"Lagavulin","floor":6.0,"turns":5.0},{"damage":18,"enemies":"Gremlin Gang","floor":8,"turns":4},{"damage":0,"enemies":"Looter","floor":10,"turns":3},{"damage":22,"enemies":"Gremlin Nob","floor":11,"turns":3}],"seed_played":"1677400403087197646","potions_obtained":[{"floor":1.0,"key":"Poison Potion"},{"floor":8,"key":"SpeedPotion"}],"is_trial":false,"path_per_floor":["M","?","M","M","?","E","R","M","T","M","E"],"character_chosen":"DEFECT","items_purchased":[],"campfire_rested":0,"item_purchase_floors":[],"current_hp_per_floor":[49,49,49,44,44,22,22,4,4,4,0],"gold":281,"neow_bonus":"BOSS_RELIC","is_prod":false,"is_daily":false,"chose_seed":false,"campfire_upgraded":1,"win_rate":0,"timestamp":1548290027,"path_taken":["M","?","M","M","?","E","R","M","T","?","E"],"build_version":"2019-01-23","purchased_purges":0,"victory":false,"max_hp_per_floor":[71,71,71,71,71,71,71,71,71,71,71],"card_choices":[{"not_picked":["Heatsinks","Hologram"],"picked":"Beam Cell","floor":0.0},{"not_picked":["Doom and Gloom","Compile Driver"],"picked":"Cold Snap","floor":0.0},{"not_picked":["Sweeping Beam","BootSequence"],"picked":"Coolheaded","floor":0.0},{"not_picked":["Steam","BootSequence"],"picked":"All For One","floor":0.0},{"not_picked":["Rebound","Rip and Tear"],"picked":"Steam","floor":0.0},{"not_picked":["Hologram","Ball Lightning"],"picked":"FTL","floor":1.0},{"not_picked":["Rebound","Glacier"],"picked":"Gash","floor":3.0},{"not_picked":["Doom and Gloom","Barrage"],"picked":"Reinforced Body","floor":4.0},{"not_picked":["White Noise","Go for the Eyes"],"picked":"Streamline","floor":6.0},{"not_picked":["Chaos","Barrage"],"picked":"Core Surge","floor":8},{"not_picked":["Static Discharge","Rebound"],"picked":"Hologram","floor":10}],"player_experience":806361,"relics_obtained":[{"floor":6.0,"key":"FossilizedHelix"},{"floor":9,"key":"Sundial"}],"event_choices":[{"damage_healed":0.0,"max_hp_gain":0.0,"max_hp_loss":0.0,"gold_gain":0.0,"event_name":"Living Wall","player_choice":"Grow","floor":2.0,"gold_loss":0.0,"damage_taken":0.0,"cards_upgraded":["Beam Cell"]},{"damage_healed":0.0,"max_hp_gain":0.0,"max_hp_loss":0.0,"gold_gain":0.0,"event_name":"Upgrade Shrine","player_choice":"Upgraded","floor":5.0,"gold_loss":0.0,"damage_taken":0.0,"cards_upgraded":["FTL"]}],"is_beta":true,"boss_relics":[],"items_purged_floors":[],"is_endless":false,"potions_floor_spawned":[1,8],"killed_by":"Gremlin Nob","ascension_level":20}