{"gold_per_floor":[213,227,97,114,128,128,156,173,173,188,188,188,19,54,54,126,126,138,149,149,149,199,231,231,261,315,315],"floor_reached":27,"playtime":1184,"items_purged":["Strike_B"],"score":543,"play_id":"aa9db96c-6150-46a0-b064-fe9d6fd0ddf4","local_time":"20181212134150","is_ascension_mode":true,"campfire_choices":[{"data":"Zap","floor":6.0,"key":"SMITH"},{"floor":11.0,"key":"REST"},{"data":"Creative AI","floor":15.0,"key":"SMITH"},{"floor":24.0,"key":"REST"}],"neow_cost":"NONE","seed_source_timestamp":0,"circlet_count":0,"master_deck":["AscendersBane","Strike_B+1","Strike_B+1","Strike_B+1","Defend_B+1","Defend_B+1","Defend_B+1","Defend_B+1","Zap+1","Dualcast","Streamline","Cold Snap","Glacier","BootSequence","Double Energy","Conserve Battery","Creative AI+1","Loop","Machine Learning","Recycle","Storm","Steam","Compile Driver+1"],"special_seed":0,"relics":["Cracked Core","Bronze Scales","Happy Flower","Blue Candle","Omamori","Blood Vial","Cursed Key","Mango","Molten Egg 2","Boot","Dream Catcher"],"potions_floor_usage":[25,25,27],"damage_taken":[{"damage":0.0,"enemies":"Cultist","floor":1.0,"turns":4.0},{"damage":4.0,"enemies":"Jaw Worm","floor":2.0,"turns":3.0},{"damage":1.0,"enemies":"2 Louse","floor":4.0,"turns":2.0},{"damage":0.0,"enemies":"Exordium Thugs","floor":5.0,"turns":5.0},{"damage":35.0,"enemies":"Gremlin Nob","floor":7.0,"turns":5.0},{"damage":0.0,"enemies":"3 Louse","floor":8.0,"turns":4.0},{"damage":7.0,"enemies":"Red Slaver","floor":10.0,"turns":4.0},{"damage":0.0,"enemies":"Lagavulin","floor":14.0,"turns":7.0},{"damage":37.0,"enemies":"The Guardian","floor":16.0,"turns":11.0},{"damage":11.0,"enemies":"Spheric Guardian","floor":18.0,"turns":7.0},{"damage":2.0,"enemies":"Shell Parasite","floor":19.0,"turns":8.0},{"damage":56.0,"enemies":"Slavers","floor":23.0,"turns":5.0},{"damage":31,"enemies":"Book of Stabbing","floor":25,"turns":6},{"damage":6,"enemies":"Shelled Parasite and Fungi","floor":27,"turns":1}],"seed_played":"8912735599064169864","potions_obtained":[{"floor":2.0,"key":"EssenceOfSteel"},{"floor":7.0,"key":"PowerPotion"},{"floor":23.0,"key":"Swift Potion"},{"floor":25,"key":"SpeedPotion"}],"is_trial":false,"path_per_floor":["M","M","$","M","M","R","E","M","T","M","R","T","$","E","R","B",null,"M","M","?","T","?","E","R","E","T","M"],"character_chosen":"DEFECT","items_purchased":["PowerPotion","Omamori"],"campfire_rested":2,"item_purchase_floors":[3,13],"current_hp_per_floor":[64,60,60,59,59,59,24,24,24,17,38,38,38,38,38,3,54,45,45,45,59,59,5,30,1,1,0],"gold":315,"neow_bonus":"HUNDRED_GOLD","is_prod":false,"is_daily":false,"chose_seed":false,"campfire_upgraded":2,"win_rate":0,"timestamp":1544589710,"path_taken":["M","M","?","?","?","R","E","M","T","M","R","?","?","E","R","BOSS","M","M","?","?","?","E","R","E","T","?"],"build_version":"2018-12-06","purchased_purges":1,"victory":false,"max_hp_per_floor":[71,71,71,71,71,71,71,71,71,71,71,71,71,71,71,71,71,71,71,71,85,85,85,85,85,85,85],"card_choices":[{"not_picked":["Hologram","White Noise"],"picked":"Streamline","floor":1.0},{"not_picked":["Steam","Turbo"],"picked":"Cold Snap","floor":2.0},{"not_picked":["Hello World","Beam Cell"],"picked":"Glacier","floor":4.0},{"not_picked":["Coolheaded","Hello World"],"picked":"BootSequence","floor":5.0},{"not_picked":["Heatsinks","Recycle"],"picked":"Double Energy","floor":7.0},{"not_picked":["Streamline","Sweeping Beam"],"picked":"Conserve Battery","floor":8.0},{"not_picked":["Undo","Leap"],"picked":"Creative AI","floor":10.0},{"not_picked":["Rebound","Reprogram"],"picked":"Loop","floor":14.0},{"not_picked":["Meteor Strike","Thunder Strike"],"picked":"Machine Learning","floor":16.0},{"not_picked":["Go for the Eyes","Gash"],"picked":"Recycle","floor":18.0},{"not_picked":["Capacitor","Redo"],"picked":"Storm","floor":19.0},{"not_picked":["Static Discharge","Capacitor"],"picked":"Steam","floor":23.0},{"not_picked":["Turbo","Loop+1"],"picked":"Compile Driver+1","floor":25}],"player_experience":980100,"relics_obtained":[{"floor":7.0,"key":"Bronze Scales"},{"floor":9.0,"key":"Happy Flower"},{"floor":12.0,"key":"Blue Candle"},{"floor":14.0,"key":"Blood Vial"},{"floor":21.0,"key":"Mango"},{"floor":23.0,"key":"Molten Egg 2"},{"floor":25,"key":"Boot"},{"floor":26,"key":"Dream Catcher"}],"event_choices":[{"damage_healed":0.0,"max_hp_gain":0.0,"max_hp_loss":0.0,"gold_gain":0.0,"event_name":"Back to Basics","player_choice":"Simplicity","floor":20.0,"gold_loss":0.0,"damage_taken":0.0,"cards_upgraded":["Strike_B","Strike_B","Strike_B","Defend_B","Defend_B","Defend_B","Defend_B"]},{"damage_healed":0.0,"max_hp_gain":0.0,"max_hp_loss":0.0,"gold_gain":50.0,"event_name":"Nest","player_choice":"Stole From Cult","floor":22.0,"gold_loss":0.0,"damage_taken":0.0}],"is_beta":false,"boss_relics":[{"not_picked":["Eternal Feather","Calling Bell"],"picked":"Cursed Key"}],"items_purged_floors":[3],"is_endless":false,"potions_floor_spawned":[2,7,10,14,16,19,23,25],"killed_by":"Shelled Parasite and Fungi","ascension_level":18}