{"gold_per_floor":[118,118,118,41,57,125,125,169,194,194,210,245,245,259,259,384,384,400,400,419,419,419,419,454,468,491,529,116,189,189,202,202,325,325,349,349,474,490,508,542,100,100,126,162,185,185,60,76,76,76,76,76,53,84,84],"floor_reached":56,"playtime":5143,"items_purged":["Strike_R+1","Clumsy","Strike_R+1"],"score":1681,"play_id":"561a34da-1382-46bf-94f7-147aff6ff526","local_time":"20181224093846","is_ascension_mode":true,"campfire_choices":[{"data":"Metallicize","floor":7,"key":"SMITH"},{"data":"Bash","floor":10,"key":"SMITH"},{"data":"Rampage","floor":15,"key":"SMITH"},{"data":"Juggernaut","floor":23,"key":"SMITH"},{"data":"True Grit","floor":30,"key":"SMITH"},{"floor":32,"key":"REST"},{"floor":42,"key":"REST"},{"floor":49,"key":"RECALL"},{"data":"Barricade","floor":52,"key":"SMITH"}],"neow_cost":"NONE","seed_source_timestamp":681009209401886,"circlet_count":0,"master_deck":["Strike_R+1","Strike_R+1","Defend_R+1","Defend_R+1","Defend_R+1","Defend_R+1","Bash+1","Disarm","Metallicize+1","Pommel Strike+1","Offering","Clash+1","Rampage+1","Shrug It Off","Headbutt","Juggernaut+1","Evolve","Shrug It Off","Warcry+1","True Grit+1","Havoc","Feel No Pain","Second Wind+1","Havoc+1","Barricade+1","Intimidate+1","Warcry+1","Shrug It Off+1","Shrug It Off+1","Warcry+1","True Grit+1","Shockwave+1","Body Slam+1","Metallicize+1","True Grit+1","Flame Barrier+1"],"relics":["Burning Blood","Orichalcum","Golden Idol","Tiny Chest","StoneCalendar","Regal Pillow","Omamori","Pocketwatch","Sozu","Nilry\u0027s Codex","Dream Catcher","Lantern","Mango","Frozen Eye","Toxic Egg 2","Calling Bell","Juzu Bracelet","Dodecahedron","Calipers","Thread and Needle","FossilizedHelix","Pantograph","Oddly Smooth Stone","Whetstone"],"potions_floor_usage":[16,55,55],"damage_taken":[{"damage":0,"enemies":"Cultist","floor":1,"turns":3},{"damage":0,"enemies":"2 Louse","floor":5,"turns":4},{"damage":21,"enemies":"Lagavulin","floor":6,"turns":8},{"damage":0,"enemies":"3 Sentries","floor":8,"turns":12},{"damage":0,"enemies":"Jaw Worm","floor":11,"turns":3},{"damage":8,"enemies":"Gremlin Nob","floor":12,"turns":4},{"damage":0,"enemies":"Looter","floor":14,"turns":3},{"damage":0,"enemies":"Slime Boss","floor":16,"turns":5},{"damage":6,"enemies":"Spheric Guardian","floor":18,"turns":3},{"damage":18,"enemies":"2 Thieves","floor":20,"turns":3},{"damage":6,"enemies":"Book of Stabbing","floor":24,"turns":5},{"damage":0,"enemies":"Snecko","floor":25,"turns":4},{"damage":38,"enemies":"Slavers","floor":27,"turns":5},{"damage":4,"enemies":"Centurion and Healer","floor":31,"turns":7},{"damage":10,"enemies":"Champ","floor":33,"turns":9},{"damage":9,"enemies":"3 Darklings","floor":35,"turns":6},{"damage":14,"enemies":"Mind Bloom Boss Battle","floor":37,"turns":7},{"damage":0,"enemies":"Orb Walker","floor":38,"turns":4},{"damage":31,"enemies":"Sphere and 2 Shapes","floor":39,"turns":4},{"damage":25,"enemies":"Reptomancer","floor":40,"turns":7},{"damage":0,"enemies":"Nemesis","floor":44,"turns":7},{"damage":0,"enemies":"Maw","floor":45,"turns":6},{"damage":0,"enemies":"Jaw Worm Horde","floor":48,"turns":5},{"damage":0,"enemies":"Awakened One","floor":50,"turns":12},{"damage":0,"enemies":"Shield and Spear","floor":54,"turns":6},{"damage":6,"enemies":"The Heart","floor":55,"turns":9}],"seed_played":"-360578082316134610","potions_obtained":[{"floor":1,"key":"SpeedPotion"},{"floor":6,"key":"Ancient Potion"},{"floor":8,"key":"AttackPotion"}],"is_trial":false,"path_per_floor":["M","?","?","$","M","E","R","E","T","R","M","E","T","M","R","B",null,"M","?","M","?","?","R","E","M","T","E","$","T","R","M","R","B",null,"M","?","?","M","M","E","$","R","T","E","M","?","$","M","R","B",null,"R","$","E","B",null],"character_chosen":"IRONCLAD","items_purchased":["Metallicize","True Grit","Havoc","Feel No Pain","Frozen Eye","Pantograph","Warcry+1","True Grit+1","True Grit+1"],"campfire_rested":2,"item_purchase_floors":[4,28,28,28,28,41,41,41,53],"current_hp_per_floor":[80,60,53,53,59,44,44,50,50,50,56,54,54,60,60,66,80,80,80,68,80,64,64,64,70,70,52,52,52,52,54,94,90,94,91,91,83,89,64,45,45,88,88,94,94,94,94,94,94,94,94,94,94,94,94],"gold":84,"neow_bonus":"RANDOM_COMMON_RELIC","is_prod":false,"is_daily":false,"chose_seed":false,"campfire_upgraded":6,"win_rate":0,"timestamp":1545662326,"path_taken":["M","?","?","$","M","E","R","E","T","R","M","E","?","M","R","BOSS","M","?","M","?","?","R","E","M","T","E","$","?","R","M","R","BOSS","M","?","?","M","M","E","?","R","T","E","M","?","$","M","R","BOSS","R","$","E","BOSS"],"build_version":"2018-12-20","purchased_purges":3,"victory":true,"max_hp_per_floor":[80,80,80,80,80,80,80,80,80,80,80,80,80,80,80,80,80,80,80,80,80,80,80,80,80,80,94,94,94,94,94,94,94,94,94,94,94,94,94,94,94,94,94,94,94,94,94,94,94,94,94,94,94,94,94],"card_choices":[{"not_picked":["Rage","Warcry"],"picked":"Disarm","floor":1},{"not_picked":["Evolve","Iron Wave"],"picked":"Pommel Strike","floor":5},{"not_picked":["Sword Boomerang","Hemokinesis"],"picked":"Offering","floor":6},{"not_picked":["Intimidate","Berserk"],"picked":"Clash","floor":8},{"not_picked":["Rage","Warcry"],"picked":"Rampage","floor":11},{"not_picked":["Dropkick","Flex"],"picked":"Shrug It Off","floor":12},{"not_picked":["Heavy Blade","Wild Strike"],"picked":"Headbutt","floor":14},{"not_picked":["Feed","Exhume"],"picked":"Juggernaut","floor":16},{"not_picked":["Flex+1","Body Slam","Heavy Blade"],"picked":"SKIP","floor":18},{"not_picked":["Flame Barrier","Pummel"],"picked":"Evolve","floor":20},{"not_picked":["Warcry+1","Inflame"],"picked":"Shrug It Off","floor":24},{"not_picked":["Heavy Blade","Twin Strike","Perfected Strike"],"picked":"SKIP","floor":25},{"not_picked":["Twin Strike","Clothesline"],"picked":"Warcry+1","floor":27},{"not_picked":["Evolve","Reaper"],"picked":"Second Wind+1","floor":31},{"not_picked":["Iron Wave","Rampage+1"],"picked":"Havoc+1","floor":32},{"not_picked":["Bludgeon","Demon Form"],"picked":"Barricade","floor":33},{"not_picked":["Iron Wave","Anger+1"],"picked":"Intimidate+1","floor":35},{"not_picked":["Inflame+1","Cleave+1"],"picked":"Warcry+1","floor":37},{"not_picked":["Dropkick+1","Cleave+1"],"picked":"Shrug It Off+1","floor":38},{"not_picked":["Spot Weakness+1","Body Slam+1","Heavy Blade+1"],"picked":"SKIP","floor":39},{"not_picked":["Headbutt+1","Pommel Strike"],"picked":"Shrug It Off+1","floor":40},{"not_picked":["Sword Boomerang+1","Flex+1"],"picked":"Shockwave+1","floor":42},{"not_picked":["Inflame","Juggernaut"],"picked":"Body Slam+1","floor":44},{"not_picked":["Anger","Iron Wave","Shockwave+1"],"picked":"SKIP","floor":45},{"not_picked":["Thunderclap","Sword Boomerang+1"],"picked":"Metallicize+1","floor":48},{"not_picked":["Immolate","Intimidate+1"],"picked":"Flame Barrier+1","floor":54}],"player_experience":3894674,"relics_obtained":[{"floor":6,"key":"Tiny Chest"},{"floor":8,"key":"StoneCalendar"},{"floor":9,"key":"Regal Pillow"},{"floor":12,"key":"Omamori"},{"floor":13,"key":"Pocketwatch"},{"floor":22,"key":"Nilry\u0027s Codex"},{"floor":24,"key":"Dream Catcher"},{"floor":26,"key":"Lantern"},{"floor":27,"key":"Mango"},{"floor":29,"key":"Toxic Egg 2"},{"floor":34,"key":"Juzu Bracelet"},{"floor":34,"key":"Dodecahedron"},{"floor":34,"key":"Calipers"},{"floor":37,"key":"Thread and Needle"},{"floor":40,"key":"FossilizedHelix"},{"floor":44,"key":"Oddly Smooth Stone"},{"floor":54,"key":"Whetstone"}],"event_choices":[{"damage_healed":0,"gold_gain":0,"player_choice":"Take Damage","damage_taken":20,"relics_obtained":["Golden Idol"],"max_hp_gain":0,"max_hp_loss":0,"event_name":"Golden Idol","floor":2,"gold_loss":0},{"cards_removed":["Strike_R"],"damage_healed":0,"gold_gain":0,"player_choice":"Card Removal","damage_taken":7,"max_hp_gain":0,"max_hp_loss":0,"event_name":"Golden Wing","floor":3,"gold_loss":0},{"damage_healed":0,"gold_gain":0,"player_choice":"Simplicity","damage_taken":0,"max_hp_gain":0,"max_hp_loss":0,"event_name":"Back to Basics","floor":19,"gold_loss":0,"cards_upgraded":["Strike_R","Strike_R","Strike_R","Strike_R","Defend_R","Defend_R","Defend_R","Defend_R"]},{"damage_healed":26,"gold_gain":0,"player_choice":"Heal","damage_taken":0,"max_hp_gain":0,"max_hp_loss":0,"event_name":"The Library","floor":21,"gold_loss":0},{"damage_healed":0,"gold_gain":0,"player_choice":"Obtained Book","damage_taken":16,"max_hp_gain":0,"max_hp_loss":0,"event_name":"Cursed Tome","floor":22,"gold_loss":0},{"damage_healed":0,"gold_gain":0,"player_choice":"Ignored","damage_taken":0,"max_hp_gain":0,"max_hp_loss":0,"event_name":"Mysterious Sphere","floor":36,"gold_loss":0},{"damage_healed":0,"gold_gain":0,"player_choice":"Fight","damage_taken":0,"max_hp_gain":0,"max_hp_loss":0,"event_name":"MindBloom","floor":37,"gold_loss":0},{"damage_healed":0,"gold_gain":0,"player_choice":"Ignored","damage_taken":0,"max_hp_gain":0,"max_hp_loss":0,"event_name":"Tomb of Lord Red Mask","floor":46,"gold_loss":0}],"is_beta":true,"boss_relics":[{"not_picked":["Snecko Eye","Mark of Pain"],"picked":"Sozu"},{"not_picked":["Empty Cage","Orrery"],"picked":"Calling Bell"}],"items_purged_floors":[28,41,47],"is_endless":false,"potions_floor_spawned":[1,6,8,14,20,25,27,39,44,45],"ascension_level":1}