{"gold_per_floor":[211,286,286,299,299,299,334,334,404,431,447,447,447,460,460,534,534,552,552,552,552,313,313,332,350,350,350,350],"floor_reached":28,"playtime":1140,"items_purged":["Strike_B"],"score":417,"play_id":"7ff79245-984f-4d5a-86ca-9e3cc08d9c63","local_time":"20190116143848","is_ascension_mode":true,"campfire_choices":[{"data":"Zap","floor":6.0,"key":"SMITH"},{"floor":8,"key":"REST"},{"data":"Dualcast","floor":13,"key":"SMITH"},{"data":"Steam","floor":15,"key":"SMITH"},{"data":"Electrodynamics","floor":23,"key":"SMITH"},{"floor":27,"key":"REST"}],"neow_cost":"NONE","seed_source_timestamp":0,"circlet_count":0,"master_deck":["AscendersBane","Strike_B","Strike_B","Defend_B","Defend_B","Defend_B","Defend_B","Zap+1","Dualcast+1","Rebound","Cold Snap","Rebound","Ball Lightning","Steam+1","Electrodynamics+1","Ball Lightning","Rebound+1","Steam+1","Clumsy"],"special_seed":0,"relics":["Cracked Core","Symbiotic Virus","Ancient Tea Set","Blue Candle","Boot","Cursed Key","MutagenicStrength","Lantern","Pocketwatch"],"potions_floor_usage":[25,28],"damage_taken":[{"damage":4.0,"enemies":"Jaw Worm","floor":1.0,"turns":4.0},{"damage":9.0,"enemies":"Small Slimes","floor":4.0,"turns":3.0},{"damage":16,"enemies":"Lagavulin","floor":7,"turns":5},{"damage":0,"enemies":"2 Louse","floor":11,"turns":2},{"damage":4,"enemies":"Looter","floor":14,"turns":2},{"damage":18,"enemies":"The Guardian","floor":16,"turns":14},{"damage":2,"enemies":"3 Byrds","floor":18,"turns":2},{"damage":10,"enemies":"Shell Parasite","floor":24,"turns":3},{"damage":24,"enemies":"Shelled Parasite and Fungi","floor":25,"turns":3},{"damage":45,"enemies":"Book of Stabbing","floor":28,"turns":2}],"seed_played":"6590847791639022817","potions_obtained":[{"floor":7,"key":"Ancient Potion"},{"floor":12,"key":"Fire Potion"},{"floor":16,"key":"Block Potion"}],"is_trial":false,"path_per_floor":["M","?","?","M","?","R","E","R","T","T","M","?","R","M","R","B",null,"M","?","$","?","$","R","M","M","T","R","E"],"character_chosen":"DEFECT","items_purchased":["Lantern"],"campfire_rested":2,"item_purchase_floors":[22],"current_hp_per_floor":[60,49,49,40,22,22,6,27,27,27,27,27,27,23,23,5,55,53,53,53,53,53,53,43,19,19,40,0],"gold":350,"neow_bonus":"HUNDRED_GOLD","is_prod":false,"is_daily":false,"chose_seed":false,"campfire_upgraded":4,"win_rate":0,"timestamp":1547617128,"path_taken":["M","?","?","M","?","R","E","R","T","?","M","?","R","M","R","BOSS","M","?","$","?","$","R","M","M","T","R","E"],"build_version":"2019-01-10","purchased_purges":1,"victory":false,"max_hp_per_floor":[71,71,71,71,71,71,71,71,71,71,71,71,71,71,71,71,71,71,71,71,71,71,71,71,71,71,71,71],"card_choices":[{"not_picked":["Beam Cell","Double Energy"],"picked":"Rebound","floor":1.0},{"not_picked":["Leap","Hologram"],"picked":"Cold Snap","floor":4.0},{"not_picked":["Static Discharge","Coolheaded"],"picked":"Rebound","floor":7},{"not_picked":["Reinforced Body","Loop"],"picked":"Ball Lightning","floor":11},{"not_picked":["Redo","Coolheaded"],"picked":"Steam","floor":14},{"not_picked":["Fission","Biased Cognition"],"picked":"Electrodynamics","floor":16},{"not_picked":["Darkness","White Noise"],"picked":"Ball Lightning","floor":18},{"not_picked":["Sweeping Beam+1","Chill"],"picked":"Rebound+1","floor":24},{"not_picked":["Streamline","Doom and Gloom"],"picked":"Steam+1","floor":25}],"player_experience":1039912,"relics_obtained":[{"floor":7,"key":"Ancient Tea Set"},{"floor":9,"key":"Blue Candle"},{"floor":10,"key":"Boot"},{"floor":26,"key":"Pocketwatch"}],"event_choices":[{"damage_healed":0.0,"max_hp_gain":0.0,"max_hp_loss":0.0,"gold_gain":75.0,"event_name":"World of Goop","player_choice":"Gather Gold","floor":2.0,"gold_loss":0.0,"damage_taken":11.0},{"cards_removed":["Strike_B"],"damage_healed":0.0,"max_hp_gain":0.0,"max_hp_loss":0.0,"gold_gain":0.0,"event_name":"Living Wall","player_choice":"Forget","floor":3.0,"gold_loss":0.0,"damage_taken":0.0},{"damage_healed":0.0,"max_hp_gain":0.0,"max_hp_loss":0.0,"gold_gain":0.0,"event_name":"Scrap Ooze","player_choice":"Success","floor":5.0,"gold_loss":0.0,"damage_taken":18.0,"relics_obtained":["Symbiotic Virus"]},{"damage_healed":0,"gold_gain":0,"player_choice":"Got Potions","damage_taken":0,"max_hp_gain":0,"max_hp_loss":0,"event_name":"Lab","floor":12,"gold_loss":0},{"damage_healed":0,"gold_gain":0,"player_choice":"Inject Mutagens","damage_taken":0,"relics_obtained":["MutagenicStrength"],"max_hp_gain":0,"max_hp_loss":0,"event_name":"Drug Dealer","floor":19,"gold_loss":0},{"damage_healed":0,"gold_gain":0,"player_choice":"Ignored","damage_taken":0,"max_hp_gain":0,"max_hp_loss":0,"event_name":"Vampires","floor":21,"gold_loss":0}],"is_beta":false,"boss_relics":[{"not_picked":["Calling Bell","Nuclear Battery"],"picked":"Cursed Key"}],"items_purged_floors":[22],"is_endless":false,"potions_floor_spawned":[7,16],"killed_by":"Book of Stabbing","ascension_level":19}