{"gold_per_floor":[113,133,151,169,183,216,216,248,317,335,335,348,383,409,409,514,514,529,543,61,61,61,95,95,125,125,26,56,69,102,114,114,210,210,230,1229,1229,678,678,678,122,141,141,141,153,186,204,214,214,214,214,214,5,35,35],"floor_reached":56,"playtime":2916,"items_purged":["Strike_G","Normality","Normality"],"score":1912,"play_id":"09823afb-d8a1-47e2-b7a1-3655909cd3aa","local_time":"20190215230224","is_ascension_mode":true,"campfire_choices":[{"data":"Neutralize","floor":7,"key":"SMITH"},{"data":"Dagger Spray","floor":11,"key":"SMITH"},{"floor":15,"key":"REST"},{"floor":24,"key":"REST"},{"data":"Adrenaline","floor":32,"key":"SMITH"},{"floor":40,"key":"REST"},{"floor":44,"key":"RECALL"},{"floor":49,"key":"REST"},{"floor":52,"key":"REST"}],"neow_cost":"NONE","seed_source_timestamp":13557601701317,"circlet_count":0,"master_deck":["Defend_G","Defend_G","Defend_G","Defend_G","Defend_G","Strike_G","Strike_G","Strike_G","Strike_G","Survivor","Neutralize+1","Dagger Throw","Predator","Poisoned Stab","Sucker Punch","Dagger Spray+1","Die Die Die","Backflip","Cloak And Dagger","PiercingWail","Die Die Die","Backflip","Adrenaline+1","Noxious Fumes+1","Footwork+1","RitualDagger","Footwork+1","Blade Dance+1","Dodge and Roll","Envenom+1","Acrobatics","Crippling Poison+1","After Image+1","Cloak And Dagger+1","Well Laid Plans+1","Backstab","Acrobatics","Footwork+1","Calculated Gamble","Noxious Fumes+1","Backflip+1","Footwork+1","Leg Sweep+1","Adrenaline+1","Accuracy+1"],"relics":["Ring of the Snake","Pocketwatch","Bag of Marbles","Frozen Egg 2","Calipers","Odd Mushroom","Sozu","Ornamental Fan","Anchor","Snake Skull","Paper Crane","Bottled Tornado","Bottled Flame","Bag of Preparation","Fusion Hammer","Mummified Hand","Oddly Smooth Stone","PreservedInsect","Bronze Scales","DollysMirror","Blood Vial"],"potions_floor_usage":[6,8,13,16,23,55],"damage_taken":[{"damage":0,"enemies":"Small Slimes","floor":1,"turns":4},{"damage":2,"enemies":"2 Louse","floor":2,"turns":3},{"damage":0,"enemies":"Jaw Worm","floor":3,"turns":3},{"damage":0,"enemies":"Large Slime","floor":4,"turns":4},{"damage":3,"enemies":"Looter","floor":5,"turns":3},{"damage":29,"enemies":"Gremlin Nob","floor":6,"turns":5},{"damage":21,"enemies":"3 Sentries","floor":8,"turns":6},{"damage":0,"enemies":"Lots of Slimes","floor":10,"turns":1},{"damage":0,"enemies":"Exordium Wildlife","floor":12,"turns":3},{"damage":5,"enemies":"Gremlin Nob","floor":13,"turns":3},{"damage":0,"enemies":"The Mushroom Lair","floor":14,"turns":2},{"damage":7,"enemies":"Slime Boss","floor":16,"turns":6},{"damage":9,"enemies":"2 Thieves","floor":18,"turns":4},{"damage":1,"enemies":"Chosen","floor":19,"turns":4},{"damage":11,"enemies":"Slavers","floor":23,"turns":3},{"damage":0,"enemies":"Gremlin Leader","floor":25,"turns":6},{"damage":5,"enemies":"Slavers","floor":28,"turns":3},{"damage":0,"enemies":"3 Cultists","floor":29,"turns":3},{"damage":12,"enemies":"Book of Stabbing","floor":30,"turns":5},{"damage":0,"enemies":"Centurion and Healer","floor":31,"turns":5},{"damage":7,"enemies":"Automaton","floor":33,"turns":9},{"damage":0,"enemies":"3 Darklings","floor":35,"turns":3},{"damage":0,"enemies":"Orb Walker","floor":42,"turns":2},{"damage":0,"enemies":"Maw","floor":45,"turns":6},{"damage":0,"enemies":"Nemesis","floor":46,"turns":5},{"damage":0,"enemies":"3 Darklings","floor":47,"turns":2},{"damage":6,"enemies":"Transient","floor":48,"turns":5},{"damage":0,"enemies":"Awakened One","floor":50,"turns":13},{"damage":0,"enemies":"Shield and Spear","floor":54,"turns":4},{"damage":13,"enemies":"The Heart","floor":55,"turns":9}],"seed_played":"6076683827058964812","potions_obtained":[{"floor":0,"key":"Energy Potion"},{"floor":0,"key":"Swift Potion"},{"floor":0,"key":"SmokeBomb"},{"floor":4,"key":"Regen Potion"},{"floor":10,"key":"Regen Potion"},{"floor":12,"key":"Strength Potion"},{"floor":13,"key":"FearPotion"},{"floor":14,"key":"GhostInAJar"},{"floor":16,"key":"SpeedPotion"}],"is_trial":false,"path_per_floor":["M","M","M","M","M","E","R","E","T","M","R","M","E","?","R","B",null,"M","M","$","?","?","E","R","E","T","$","E","M","E","M","R","B",null,"M","?","?","$","?","R","$","M","T","R","M","E","M","M","R","B",null,"R","$","E","B",null],"character_chosen":"THE_SILENT","items_purchased":["Footwork+1","Ornamental Fan","Anchor","Dodge and Roll","Well Laid Plans+1","Mummified Hand","Backstab","Acrobatics","Oddly Smooth Stone","PreservedInsect","Footwork+1","Calculated Gamble","DollysMirror"],"campfire_rested":5,"item_purchase_floors":[20,20,20,27,38,38,38,38,41,41,41,41,53],"current_hp_per_floor":[63,61,61,61,58,29,29,22,22,22,22,22,26,26,47,40,63,54,53,53,53,47,36,57,57,57,57,52,52,40,40,40,33,61,61,61,61,61,61,70,70,70,70,70,70,70,70,64,70,70,70,70,70,70,57],"gold":35,"neow_bonus":"THREE_SMALL_POTIONS","is_prod":false,"is_daily":false,"chose_seed":false,"campfire_upgraded":3,"win_rate":0,"timestamp":1550300544,"path_taken":["M","M","M","M","M","E","R","E","T","M","R","M","E","?","R","BOSS","M","M","$","?","?","E","R","E","T","$","E","M","E","M","R","BOSS","M","?","?","$","?","R","$","M","T","R","M","E","M","M","R","BOSS","R","$","E","BOSS"],"build_version":"2019-01-23","purchased_purges":3,"victory":true,"max_hp_per_floor":[70,70,70,70,70,70,70,70,70,70,70,70,70,70,70,70,70,70,70,70,70,70,70,70,70,70,70,70,70,70,70,70,70,70,70,70,70,70,70,70,70,70,70,70,70,70,70,70,70,70,70,70,70,70,70],"card_choices":[{"not_picked":["Riddle With Holes","Blade Dance"],"picked":"Dagger Throw","floor":1},{"not_picked":["Blade Dance","Prepared"],"picked":"Predator","floor":2},{"not_picked":["Outmaneuver","Phantasmal Killer"],"picked":"Poisoned Stab","floor":3},{"not_picked":["Heel Hook","Acrobatics"],"picked":"Sucker Punch","floor":4},{"not_picked":["Infinite Blades","Prepared"],"picked":"Dagger Spray","floor":5},{"not_picked":["Deflect","Prepared"],"picked":"Die Die Die","floor":6},{"not_picked":["Blade Dance","Riddle With Holes"],"picked":"Backflip","floor":8},{"not_picked":["Masterful Stab","Acrobatics"],"picked":"Cloak And Dagger","floor":10},{"not_picked":["Deflect","Acrobatics"],"picked":"PiercingWail","floor":12},{"not_picked":["Poisoned Stab","Skewer"],"picked":"Die Die Die","floor":13},{"not_picked":["Quick Slash","Prepared"],"picked":"Backflip","floor":14},{"not_picked":["Bullet Time","Die Die Die"],"picked":"Adrenaline","floor":16},{"not_picked":["Cloak And Dagger","Finisher","Backflip"],"picked":"SKIP","floor":18},{"not_picked":["Dagger Throw","Deadly Poison"],"picked":"Noxious Fumes+1","floor":19},{"not_picked":["Tactician+1","Poisoned Stab"],"picked":"Footwork+1","floor":23},{"not_picked":["Venomology","Outmaneuver+1"],"picked":"Blade Dance+1","floor":25},{"not_picked":["Deflect","Expertise"],"picked":"Envenom+1","floor":28},{"not_picked":["Underhanded Strike+1","Eviscerate+1"],"picked":"Acrobatics","floor":29},{"not_picked":["Infinite Blades+1","Slice","Prepared"],"picked":"SKIP","floor":30},{"not_picked":["Infinite Blades+1","Slice","Prepared"],"picked":"SKIP","floor":30},{"not_picked":["Catalyst","Deflect"],"picked":"Crippling Poison+1","floor":31},{"not_picked":["Glass Knife","Adrenaline"],"picked":"After Image+1","floor":33},{"not_picked":["Bouncing Flask+1","Quick Slash"],"picked":"Cloak And Dagger+1","floor":35},{"not_picked":["Deadly Poison","Dash","Terror+1"],"picked":"SKIP","floor":42},{"not_picked":["PiercingWail","Slice+1"],"picked":"Noxious Fumes+1","floor":45},{"not_picked":["Dagger Spray","Sucker Punch+1"],"picked":"Backflip+1","floor":46},{"not_picked":["Finisher","PiercingWail"],"picked":"Footwork+1","floor":47},{"not_picked":["Sucker Punch","Bane+1","Leg Sweep+1"],"picked":"SKIP","floor":48},{"not_picked":["Sucker Punch","Bane+1"],"picked":"Leg Sweep+1","floor":48},{"not_picked":["Outmaneuver","Backstab"],"picked":"Accuracy+1","floor":54}],"player_experience":178822,"relics_obtained":[{"floor":6,"key":"Pocketwatch"},{"floor":8,"key":"Bag of Marbles"},{"floor":9,"key":"Frozen Egg 2"},{"floor":13,"key":"Calipers"},{"floor":14,"key":"Odd Mushroom"},{"floor":23,"key":"Snake Skull"},{"floor":25,"key":"Paper Crane"},{"floor":26,"key":"Bottled Tornado"},{"floor":28,"key":"Bottled Flame"},{"floor":30,"key":"Bag of Preparation"},{"floor":46,"key":"Bronze Scales"},{"floor":54,"key":"Blood Vial"}],"event_choices":[{"damage_healed":0,"gold_gain":0,"player_choice":"Fought Mushrooms","damage_taken":0,"max_hp_gain":0,"max_hp_loss":0,"event_name":"Mushrooms","floor":14,"gold_loss":0},{"damage_healed":0,"gold_gain":0,"player_choice":"Ignored","damage_taken":0,"max_hp_gain":0,"max_hp_loss":0,"event_name":"Vampires","floor":21,"gold_loss":0},{"damage_healed":0,"gold_gain":0,"player_choice":"Joined the Cult","damage_taken":6,"max_hp_gain":0,"max_hp_loss":0,"event_name":"Nest","floor":22,"gold_loss":0,"cards_obtained":["RitualDagger"]},{"damage_healed":0,"gold_gain":999,"player_choice":"Gold","damage_taken":0,"max_hp_gain":0,"max_hp_loss":0,"event_name":"MindBloom","floor":36,"gold_loss":0,"cards_obtained":["Normality","Normality"]},{"damage_healed":0,"gold_gain":0,"player_choice":"Ignored","damage_taken":0,"max_hp_gain":0,"max_hp_loss":0,"event_name":"Tomb of Lord Red Mask","floor":37,"gold_loss":0},{"damage_healed":0,"gold_gain":0,"player_choice":"Memory 1","damage_taken":0,"max_hp_gain":0,"max_hp_loss":0,"event_name":"SensoryStone","floor":39,"gold_loss":0}],"is_beta":false,"boss_relics":[{"not_picked":["Calling Bell","Ectoplasm"],"picked":"Sozu"},{"not_picked":["Black Star","Velvet Choker"],"picked":"Fusion Hammer"}],"items_purged_floors":[27,38,41],"is_endless":false,"potions_floor_spawned":[4,5,10,12,13,14,16,23,28,29,30,33,46,47],"ascension_level":9}