{"gold_per_floor":[110,185,185,196,196,229,14,14,41,68,68,100,100,120,120,219,219,234,55,155,141,49,49,49,74,74,74,99,115,127,139,139,237,237,248,301,325,338,338,338,354,379,379,407,407,407,4,15,15,15,15,15,15,46,46],"floor_reached":56,"playtime":3323,"items_purged":["Strike_B","Strike_B"],"score":1453,"play_id":"8f1173a7-1e95-477e-ba34-53aeb8a868e6","local_time":"20190205040741","is_ascension_mode":true,"campfire_choices":[{"data":"Coolheaded","floor":8,"key":"SMITH"},{"data":"Storm","floor":13,"key":"SMITH"},{"data":"Static Discharge","floor":15,"key":"SMITH"},{"data":"Loop","floor":23,"key":"SMITH"},{"floor":27,"key":"REST"},{"data":"Consume","floor":32,"key":"SMITH"},{"floor":40,"key":"RECALL"},{"floor":46,"key":"REST"},{"floor":49,"key":"REST"},{"floor":52,"key":"REST"}],"neow_cost":"NONE","seed_source_timestamp":4377628143343106,"circlet_count":0,"master_deck":["Strike_B+1","Defend_B","Defend_B","Defend_B","Defend_B","Zap+1","Dualcast","Glacier","Chill+1","Streamline","Ball Lightning","Coolheaded+1","BootSequence","Storm+1","Ball Lightning","White Noise","Static Discharge+1","Creative AI","BootSequence+1","Loop+1","Force Field","Hello World","Conserve Battery","Necronomicurse","Meteor Strike","Consume+1","Sunder","Capacitor","Heatsinks","Meteor Strike","Turbo+1","Reinforced Body","Capacitor+1","Undo+1","Core Surge"],"relics":["Cracked Core","Calipers","Bronze Scales","Odd Mushroom","Pantograph","Snecko Eye","Necronomicon","Centennial Puzzle","FossilizedHelix","Nunchaku","Fusion Hammer","Ginger","Emotion Chip","Pen Nib","Incense Burner","ClockworkSouvenir","Sundial"],"potions_floor_usage":[25,25,41,55,55,55],"damage_taken":[{"damage":0,"enemies":"2 Louse","floor":1,"turns":2},{"damage":0,"enemies":"Cultist","floor":4,"turns":2},{"damage":8,"enemies":"Gremlin Nob","floor":6,"turns":4},{"damage":1,"enemies":"The Mushroom Lair","floor":10,"turns":4},{"damage":5,"enemies":"Lagavulin","floor":12,"turns":6},{"damage":7,"enemies":"Jaw Worm","floor":14,"turns":3},{"damage":25,"enemies":"Hexaghost","floor":16,"turns":5},{"damage":0,"enemies":"Shell Parasite","floor":18,"turns":4},{"damage":0,"enemies":"2 Thieves","floor":21,"turns":5},{"damage":18,"enemies":"Slavers","floor":25,"turns":4},{"damage":0,"enemies":"Book of Stabbing","floor":28,"turns":4},{"damage":0,"enemies":"Snecko","floor":29,"turns":3},{"damage":0,"enemies":"Shelled Parasite and Fungi","floor":30,"turns":5},{"damage":0,"enemies":"Centurion and Healer","floor":31,"turns":3},{"damage":0,"enemies":"Collector","floor":33,"turns":7},{"damage":0,"enemies":"Orb Walker","floor":35,"turns":3},{"damage":15,"enemies":"2 Orb Walkers","floor":36,"turns":4},{"damage":0,"enemies":"3 Shapes","floor":38,"turns":2},{"damage":0,"enemies":"Jaw Worm Horde","floor":41,"turns":3},{"damage":0,"enemies":"Giant Head","floor":42,"turns":6},{"damage":0,"enemies":"Nemesis","floor":44,"turns":5},{"damage":0,"enemies":"Maw","floor":48,"turns":5},{"damage":16,"enemies":"Donu and Deca","floor":50,"turns":7},{"damage":0,"enemies":"Shield and Spear","floor":54,"turns":5},{"damage":36,"enemies":"The Heart","floor":55,"turns":6}],"seed_played":"-622091454519797992","potions_obtained":[{"floor":1,"key":"AttackPotion"},{"floor":6,"key":"Ancient Potion"},{"floor":16,"key":"FearPotion"},{"floor":25,"key":"EssenceOfSteel"},{"floor":28,"key":"EssenceOfSteel"},{"floor":41,"key":"EssenceOfSteel"},{"floor":42,"key":"LiquidBronze"}],"is_trial":false,"path_per_floor":["M","?","?","M","?","E","$","R","T","?","?","E","R","M","R","B",null,"M","$","?","M","$","R","?","E","T","R","E","M","M","M","R","B",null,"M","?","T","M","?","R","M","E","T","E","?","R","$","M","R","B",null,"R","$","E","B",null],"character_chosen":"DEFECT","items_purchased":["BootSequence","Storm","Loop","Hello World","Conserve Battery","ClockworkSouvenir","Core Surge","Weak Potion"],"campfire_rested":4,"item_purchase_floors":[7,7,19,22,22,47,47,47],"current_hp_per_floor":[75,64,64,64,49,41,41,41,41,40,33,28,28,21,21,21,75,75,75,75,75,75,75,59,41,41,63,63,63,63,63,63,75,75,75,60,60,60,60,60,60,60,60,60,60,71,71,71,71,55,71,71,71,71,35],"gold":46,"neow_bonus":"UPGRADE_CARD","is_prod":false,"is_daily":false,"chose_seed":false,"campfire_upgraded":5,"win_rate":0,"timestamp":1549357661,"path_taken":["M","?","?","?","?","E","?","R","T","?","?","E","R","M","R","BOSS","M","$","?","?","?","R","?","E","T","R","E","M","M","M","R","BOSS","M","?","?","M","?","R","?","E","T","E","?","R","?","M","R","BOSS","R","$","E","BOSS"],"build_version":"2019-01-23","purchased_purges":2,"victory":true,"max_hp_per_floor":[75,75,75,75,75,75,75,75,75,75,75,75,75,75,75,75,75,75,75,75,75,75,75,75,75,75,75,75,75,75,75,75,75,75,75,75,75,75,75,75,75,75,75,75,71,71,71,71,71,71,71,71,71,71,71],"card_choices":[{"not_picked":["Barrage","Melter"],"picked":"Glacier","floor":1},{"not_picked":["Doom and Gloom","Fusion"],"picked":"Ball Lightning","floor":4},{"not_picked":["Steam","Leap"],"picked":"Coolheaded","floor":6},{"not_picked":["Streamline","Hologram"],"picked":"Ball Lightning","floor":10},{"not_picked":["Storm","Conserve Battery"],"picked":"White Noise","floor":12},{"not_picked":["Rebound","Beam Cell"],"picked":"Static Discharge","floor":14},{"not_picked":["All For One","Fission"],"picked":"Creative AI","floor":16},{"not_picked":["Redo","Streamline"],"picked":"BootSequence+1","floor":18},{"not_picked":["Rip and Tear","Rebound+1"],"picked":"Force Field","floor":21},{"not_picked":["Streamline","Rip and Tear"],"picked":"Meteor Strike","floor":25},{"not_picked":["Streamline","Rip and Tear"],"picked":"Consume","floor":28},{"not_picked":["Streamline","Steam"],"picked":"Sunder","floor":29},{"not_picked":["Darkness","Sweeping Beam"],"picked":"Capacitor","floor":30},{"not_picked":["Gash","Leap"],"picked":"Heatsinks","floor":31},{"not_picked":["Buffer","Thunder Strike"],"picked":"Meteor Strike","floor":33},{"not_picked":["Rip and Tear","Heatsinks","Streamline+1"],"picked":"SKIP","floor":35},{"not_picked":["Compile Driver","Go for the Eyes+1"],"picked":"Turbo+1","floor":36},{"not_picked":["Conserve Battery+1","Hologram+1"],"picked":"Reinforced Body","floor":38},{"not_picked":["Beam Cell+1","Hello World+1"],"picked":"Capacitor+1","floor":41},{"not_picked":["Genetic Algorithm+1","Recycle","Coolheaded+1"],"picked":"SKIP","floor":42},{"not_picked":["Beam Cell","Steam+1"],"picked":"Undo+1","floor":44},{"not_picked":["Chill+1","Go for the Eyes+1","Barrage+1"],"picked":"SKIP","floor":48},{"not_picked":["Electrodynamics","Turbo","BootSequence"],"picked":"SKIP","floor":54}],"player_experience":4365527,"relics_obtained":[{"floor":6,"key":"Calipers"},{"floor":9,"key":"Bronze Scales"},{"floor":10,"key":"Odd Mushroom"},{"floor":12,"key":"Pantograph"},{"floor":24,"key":"Necronomicon"},{"floor":25,"key":"Centennial Puzzle"},{"floor":26,"key":"FossilizedHelix"},{"floor":28,"key":"Nunchaku"},{"floor":36,"key":"Ginger"},{"floor":42,"key":"Emotion Chip"},{"floor":43,"key":"Pen Nib"},{"floor":44,"key":"Incense Burner"},{"floor":54,"key":"Sundial"}],"event_choices":[{"damage_healed":0,"gold_gain":75,"player_choice":"Gather Gold","damage_taken":11,"max_hp_gain":0,"max_hp_loss":0,"event_name":"World of Goop","floor":2,"gold_loss":0},{"damage_healed":0,"gold_gain":0,"player_choice":"2 cards matched","damage_taken":0,"max_hp_gain":0,"max_hp_loss":0,"event_name":"Match and Keep!","floor":3,"gold_loss":0,"cards_obtained":["Chill","Streamline"]},{"damage_healed":0,"gold_gain":0,"player_choice":"Entered Light","damage_taken":15,"max_hp_gain":0,"max_hp_loss":0,"event_name":"Shining Light","floor":5,"gold_loss":0,"cards_upgraded":["Strike_B","Chill"]},{"damage_healed":0,"gold_gain":0,"player_choice":"Fought Mushrooms","damage_taken":0,"max_hp_gain":0,"max_hp_loss":0,"event_name":"Mushrooms","floor":10,"gold_loss":0},{"cards_removed":["Strike_B"],"damage_healed":0,"gold_gain":0,"player_choice":"Card Removal","damage_taken":7,"max_hp_gain":0,"max_hp_loss":0,"event_name":"Golden Wing","floor":11,"gold_loss":0},{"damage_healed":0,"gold_gain":100,"player_choice":"Pray","damage_taken":0,"max_hp_gain":0,"max_hp_loss":0,"event_name":"Golden Shrine","floor":20,"gold_loss":0},{"damage_healed":0,"gold_gain":0,"player_choice":"Obtained Book","damage_taken":16,"max_hp_gain":0,"max_hp_loss":0,"event_name":"Cursed Tome","floor":24,"gold_loss":0},{"damage_healed":0,"gold_gain":0,"player_choice":"Fight","damage_taken":0,"max_hp_gain":0,"max_hp_loss":0,"event_name":"Mysterious Sphere","floor":36,"gold_loss":0},{"damage_healed":0,"gold_gain":0,"player_choice":"Ignored","damage_taken":0,"max_hp_gain":0,"max_hp_loss":0,"event_name":"SecretPortal","floor":39,"gold_loss":0},{"damage_healed":0,"gold_gain":0,"player_choice":"Max HP","damage_taken":0,"max_hp_gain":0,"max_hp_loss":4,"event_name":"Winding Halls","floor":45,"gold_loss":0}],"is_beta":true,"boss_relics":[{"not_picked":["FrozenCore","Calling Bell"],"picked":"Snecko Eye"},{"not_picked":["Empty Cage","Black Star"],"picked":"Fusion Hammer"}],"items_purged_floors":[7,19],"is_endless":false,"potions_floor_spawned":[1,6,16,25,28,29,41,42,44,48,54],"ascension_level":1}