{"gold_per_floor":[210,210,1,1,25,64,64,108,108,144,165,179,203,236,236,355,355,380,393,393,33,33,33,69,69,69,110,110,128,128,148,148,279,279,300,300,100,114,132,172,61,86,112,153,153,197,197,233,233,233,233,233,12,46,46],"floor_reached":56,"playtime":4634,"items_purged":["Strike_B","Shame"],"score":1619,"play_id":"626aa579-d53c-4d77-816b-63120fcfd6e0","local_time":"20190202222912","is_ascension_mode":true,"campfire_choices":[{"data":"Apotheosis","floor":7,"key":"SMITH"},{"floor":15,"key":"REST"},{"data":"Defragment","floor":23,"key":"SMITH"},{"data":"Echo Form","floor":25,"key":"SMITH"},{"data":"Coolheaded","floor":30,"key":"SMITH"},{"floor":32,"key":"RECALL"},{"data":"Storm","floor":47,"key":"SMITH"},{"data":"Buffer","floor":49,"key":"SMITH"},{"data":"Machine Learning","floor":52,"key":"SMITH"}],"neow_cost":"NONE","seed_source_timestamp":4183242232391254,"circlet_count":0,"master_deck":["Strike_B","Strike_B","Strike_B+1","Defend_B","Defend_B","Defend_B","Defend_B","Zap","Dualcast","Go for the Eyes","Apotheosis+1","Streamline","Capacitor","Stack","Leap","Cold Snap","Darkness","Consume","Loop","Buffer+1","Echo Form","Hologram+1","Self Repair","Echo Form+1","Mayhem","Cold Snap","Defragment+1","Capacitor","Force Field+1","Coolheaded+1","Turbo+1","Electrodynamics","Coolheaded+1","Storm+1","Capacitor","Conserve Battery+1","Undo+1","Recycle+1","Undo","Machine Learning+1","White Noise+1","All For One+1","Mayhem","Stack","Fusion+1"],"relics":["Cracked Core","Golden Idol","FossilizedHelix","Darkstone Periapt","Ornamental Fan","The Courier","Bottled Flame","Bottled Lightning","Snecko Eye","Kunai","Pantograph","Bronze Scales","Symbiotic Virus","Nuclear Battery","Anchor","Vajra","Gremlin Horn","Potion Belt","Turnip","Whetstone"],"potions_floor_usage":[8,16,24,50,55,55,55,55],"damage_taken":[{"damage":0,"enemies":"Cultist","floor":1,"turns":3},{"damage":0,"enemies":"2 Louse","floor":5,"turns":3},{"damage":0,"enemies":"Lagavulin","floor":6,"turns":7},{"damage":10,"enemies":"3 Sentries","floor":8,"turns":6},{"damage":0,"enemies":"Lagavulin","floor":10,"turns":6},{"damage":0,"enemies":"Small Slimes","floor":11,"turns":3},{"damage":3,"enemies":"Exordium Thugs","floor":12,"turns":4},{"damage":0,"enemies":"3 Louse","floor":13,"turns":2},{"damage":4,"enemies":"3 Sentries","floor":14,"turns":8},{"damage":0,"enemies":"The Guardian","floor":16,"turns":7},{"damage":0,"enemies":"Shell Parasite","floor":18,"turns":7},{"damage":0,"enemies":"Chosen","floor":19,"turns":6},{"damage":0,"enemies":"Gremlin Leader","floor":24,"turns":10},{"damage":6,"enemies":"Slavers","floor":27,"turns":7},{"damage":0,"enemies":"Centurion and Healer","floor":29,"turns":7},{"damage":0,"enemies":"Snecko","floor":31,"turns":6},{"damage":0,"enemies":"Automaton","floor":33,"turns":9},{"damage":10,"enemies":"3 Darklings","floor":35,"turns":5},{"damage":9,"enemies":"3 Shapes","floor":38,"turns":5},{"damage":0,"enemies":"Sphere and 2 Shapes","floor":39,"turns":4},{"damage":0,"enemies":"Giant Head","floor":40,"turns":9},{"damage":0,"enemies":"Spire Growth","floor":42,"turns":3},{"damage":0,"enemies":"Nemesis","floor":44,"turns":7},{"damage":4,"enemies":"Reptomancer","floor":46,"turns":5},{"damage":0,"enemies":"Giant Head","floor":48,"turns":5},{"damage":28,"enemies":"Awakened One","floor":50,"turns":11},{"damage":15,"enemies":"Shield and Spear","floor":54,"turns":7},{"damage":6,"enemies":"The Heart","floor":55,"turns":8}],"seed_played":"600908363366650492","potions_obtained":[{"floor":1,"key":"SteroidPotion"},{"floor":6,"key":"FocusPotion"},{"floor":8,"key":"Ancient Potion"},{"floor":10,"key":"AttackPotion"},{"floor":16,"key":"EssenceOfSteel"},{"floor":24,"key":"PowerPotion"},{"floor":31,"key":"Swift Potion"},{"floor":46,"key":"Fire Potion"},{"floor":48,"key":"Poison Potion"}],"is_trial":false,"path_per_floor":["M","?","$","?","M","E","R","E","T","E","M","M","M","E","R","B",null,"M","M","?","$","?","R","E","R","T","E","?","M","R","M","R","B",null,"M","?","$","M","M","E","$","M","T","E","?","E","R","E","R","B",null,"R","$","E","B",null],"character_chosen":"DEFECT","items_purchased":["Apotheosis","Streamline","Mayhem","Cold Snap","Defragment","Capacitor","Storm","Capacitor","Undo","Machine Learning","Mayhem","Dexterity Potion","Stack"],"campfire_rested":1,"item_purchase_floors":[3,3,21,21,21,21,37,37,41,41,53,53,53],"current_hp_per_floor":[75,69,69,66,66,66,66,56,56,56,56,53,53,49,69,69,69,69,69,69,69,75,75,75,75,75,75,75,75,75,75,75,75,75,75,75,75,75,75,75,75,75,75,75,65,75,75,75,75,47,75,75,75,70,69],"gold":46,"neow_bonus":"HUNDRED_GOLD","is_prod":false,"is_daily":false,"chose_seed":false,"campfire_upgraded":7,"win_rate":0,"timestamp":1549164552,"path_taken":["M","?","$","?","M","E","R","E","T","E","M","M","M","E","R","BOSS","M","M","?","?","?","R","E","R","T","E","?","M","R","?","R","BOSS","M","?","$","?","M","E","$","?","T","E","?","E","R","E","R","BOSS","R","$","E","BOSS"],"build_version":"2019-01-23","purchased_purges":2,"victory":true,"max_hp_per_floor":[75,69,69,69,69,69,69,69,69,69,69,69,69,69,69,69,69,69,69,69,69,75,75,75,75,75,75,75,75,75,75,75,75,75,75,75,75,75,75,75,75,75,75,75,75,75,75,75,75,75,75,75,75,75,75],"card_choices":[{"not_picked":["Force Field","Lockon"],"picked":"Go for the Eyes","floor":1},{"not_picked":["Stack","Blizzard"],"picked":"Capacitor","floor":5},{"not_picked":["Recycle","Go for the Eyes"],"picked":"Stack","floor":6},{"not_picked":["Beam Cell","Rebound"],"picked":"Leap","floor":8},{"not_picked":["Gash","Blizzard"],"picked":"Cold Snap","floor":10},{"not_picked":["Conserve Battery","Cold Snap"],"picked":"Darkness","floor":11},{"not_picked":["Conserve Battery","Rainbow"],"picked":"Consume","floor":12},{"not_picked":["Streamline","Gash"],"picked":"Loop","floor":13},{"not_picked":["Blizzard","White Noise"],"picked":"Buffer","floor":14},{"not_picked":["Machine Learning","Creative AI"],"picked":"Echo Form","floor":16},{"not_picked":["FTL+1","Redo+1"],"picked":"Hologram+1","floor":18},{"not_picked":["Go for the Eyes+1","Sweeping Beam"],"picked":"Self Repair","floor":19},{"not_picked":["Rebound","Thunder Strike"],"picked":"Force Field+1","floor":24},{"not_picked":["Redo","Skim","Go for the Eyes"],"picked":"SKIP","floor":27},{"not_picked":["Steam+1","Rebound+1"],"picked":"Coolheaded","floor":29},{"not_picked":["Ball Lightning+1","Compile Driver"],"picked":"Turbo+1","floor":31},{"not_picked":["Hyperbeam","Thunder Strike"],"picked":"Electrodynamics","floor":33},{"not_picked":["Ball Lightning","Go for the Eyes+1"],"picked":"Coolheaded+1","floor":35},{"not_picked":["Go for the Eyes+1","FTL"],"picked":"Conserve Battery+1","floor":38},{"not_picked":["Static Discharge+1","Compile Driver+1"],"picked":"Undo+1","floor":39},{"not_picked":["Rebound","Steam"],"picked":"Recycle+1","floor":40},{"not_picked":["Recycle+1","Compile Driver"],"picked":"White Noise+1","floor":42},{"not_picked":["Streamline","Gash+1","Redo+1"],"picked":"SKIP","floor":44},{"not_picked":["Cold Snap+1","Rebound"],"picked":"All For One","floor":46},{"not_picked":["Rip and Tear","Aggregate","Sweeping Beam+1"],"picked":"SKIP","floor":48},{"not_picked":["Beam Cell","Go for the Eyes+1"],"picked":"Fusion+1","floor":54}],"player_experience":4327718,"relics_obtained":[{"floor":6,"key":"Darkstone Periapt"},{"floor":8,"key":"Ornamental Fan"},{"floor":9,"key":"The Courier"},{"floor":10,"key":"Bottled Flame"},{"floor":14,"key":"Bottled Lightning"},{"floor":24,"key":"Pantograph"},{"floor":27,"key":"Bronze Scales"},{"floor":40,"key":"Anchor"},{"floor":43,"key":"Vajra"},{"floor":44,"key":"Gremlin Horn"},{"floor":46,"key":"Potion Belt"},{"floor":48,"key":"Turnip"},{"floor":54,"key":"Whetstone"}],"event_choices":[{"damage_healed":0,"gold_gain":0,"player_choice":"Lose Max HP","damage_taken":0,"relics_obtained":["Golden Idol"],"max_hp_gain":0,"max_hp_loss":6,"event_name":"Golden Idol","floor":2,"gold_loss":0},{"damage_healed":0,"gold_gain":0,"player_choice":"Success","damage_taken":3,"relics_obtained":["FossilizedHelix"],"max_hp_gain":0,"max_hp_loss":0,"event_name":"Scrap Ooze","floor":4,"gold_loss":0},{"damage_healed":0,"gold_gain":0,"player_choice":"Copied","damage_taken":0,"max_hp_gain":0,"max_hp_loss":0,"event_name":"Duplicator","floor":20,"gold_loss":0,"cards_obtained":["Echo Form"]},{"damage_healed":0,"gold_gain":0,"player_choice":"Stole Relic","damage_taken":0,"relics_obtained":["Kunai"],"max_hp_gain":0,"max_hp_loss":0,"event_name":"Addict","floor":22,"gold_loss":0,"cards_obtained":["Shame"]},{"damage_healed":0,"gold_gain":0,"player_choice":"Gave Potion","damage_taken":0,"relics_obtained":["Symbiotic Virus"],"max_hp_gain":0,"max_hp_loss":0,"event_name":"WeMeetAgain","floor":28,"gold_loss":0},{"damage_healed":0,"gold_gain":0,"player_choice":"Got Potions","damage_taken":0,"max_hp_gain":0,"max_hp_loss":0,"event_name":"Lab","floor":36,"gold_loss":0},{"damage_healed":0,"gold_gain":0,"player_choice":"Memory 3","damage_taken":10,"max_hp_gain":0,"max_hp_loss":0,"event_name":"SensoryStone","floor":45,"gold_loss":0}],"is_beta":true,"boss_relics":[{"not_picked":["Busted Crown","Tiny House"],"picked":"Snecko Eye"},{"not_picked":["Calling Bell","Velvet Choker"],"picked":"Nuclear Battery"}],"items_purged_floors":[21,37],"is_endless":false,"potions_floor_spawned":[1,6,8,10,13,16,24,27,31,38,39,46,48],"ascension_level":1}