{"gold_per_floor":[218,218,218,28,28,53,53,53,103,128,172,188,43,74,74,197,197,218,143,193,17,33,67,67,400,400,400,421,461,476,512,512,640,640,655,655,680,694,654,727,1060,1060,1060,1072,1097,1111,679,709,709,709,709,709,24,51,51],"floor_reached":55,"playtime":3520,"items_purged":["Regret","Strike_R","Strike_R","Defend_R"],"score":974,"play_id":"a0045628-c059-4c47-888e-46e271543dcd","local_time":"20181207011304","is_ascension_mode":true,"campfire_choices":[{"data":"Armaments","floor":8,"key":"SMITH"},{"data":"Discovery","floor":15,"key":"SMITH"},{"data":"Immolate","floor":27,"key":"SMITH"},{"data":"True Grit","floor":32,"key":"SMITH"},{"floor":42,"key":"RECALL"},{"data":"Offering","floor":49,"key":"SMITH"},{"data":"Spot Weakness","floor":52,"key":"SMITH"}],"neow_cost":"NONE","seed_source_timestamp":1108051823854297,"circlet_count":0,"master_deck":["Defend_R","Defend_R","Defend_R","Bash","Anger","Discovery+1","Armaments+1","Disarm","Headbutt","Anger","Clothesline","Double Tap","True Grit+1","Shrug It Off","Reaper","Immolate+1","Thunderclap+1","Havoc+1","Spot Weakness+1","True Grit","Offering+1","Power Through+1","Metallicize+1","Spot Weakness","Anger+1","Offering","Jack Of All Trades","Havoc+1"],"relics":["Burning Blood","PreservedInsect","Pocketwatch","Juzu Bracelet","Red Skull","Paper Frog","Bag of Preparation","Empty Cage","Ornamental Fan","Old Coin","Ginger","Regal Pillow","Lantern","Mark of Pain","Tiny Chest","Frozen Egg 2","Toolbox","FossilizedHelix","TheAbacus","Bottled Lightning","Thread and Needle"],"potions_floor_usage":[11,16,18,25,31,38,55,55,55],"damage_taken":[{"damage":9,"enemies":"Small Slimes","floor":1,"turns":4},{"damage":8,"enemies":"Gremlin Nob","floor":6,"turns":3},{"damage":1,"enemies":"Jaw Worm","floor":10,"turns":3},{"damage":11,"enemies":"Lagavulin","floor":11,"turns":6},{"damage":0,"enemies":"2 Louse","floor":12,"turns":3},{"damage":15,"enemies":"3 Sentries","floor":14,"turns":6},{"damage":19,"enemies":"Hexaghost","floor":16,"turns":6},{"damage":5,"enemies":"2 Thieves","floor":18,"turns":2},{"damage":0,"enemies":"Chosen","floor":22,"turns":4},{"damage":35,"enemies":"Slavers","floor":23,"turns":7},{"damage":0,"enemies":"Gremlin Leader","floor":25,"turns":3},{"damage":12,"enemies":"Centurion and Healer","floor":28,"turns":3},{"damage":19,"enemies":"Slavers","floor":29,"turns":2},{"damage":1,"enemies":"Snecko","floor":30,"turns":5},{"damage":5,"enemies":"Book of Stabbing","floor":31,"turns":4},{"damage":23,"enemies":"Champ","floor":33,"turns":9},{"damage":0,"enemies":"3 Darklings","floor":35,"turns":1},{"damage":11,"enemies":"Orb Walker","floor":37,"turns":3},{"damage":6,"enemies":"3 Darklings","floor":38,"turns":4},{"damage":7,"enemies":"Giant Head","floor":40,"turns":6},{"damage":0,"enemies":"Sphere and 2 Shapes","floor":44,"turns":1},{"damage":6,"enemies":"Nemesis","floor":45,"turns":5},{"damage":17,"enemies":"4 Shapes","floor":46,"turns":3},{"damage":11,"enemies":"Giant Head","floor":48,"turns":7},{"damage":62,"enemies":"Awakened One","floor":50,"turns":12},{"damage":2,"enemies":"Shield and Spear","floor":54,"turns":2},{"damage":105,"enemies":"The Heart","floor":55,"turns":6}],"seed_played":"-7590895785407268662","potions_obtained":[{"floor":10,"key":"Weak Potion"},{"floor":14,"key":"SkillPotion"},{"floor":16,"key":"Fire Potion"},{"floor":18,"key":"LiquidBronze"},{"floor":23,"key":"SteroidPotion"},{"floor":29,"key":"Poison Potion"},{"floor":31,"key":"SpeedPotion"},{"floor":33,"key":"SteroidPotion"},{"floor":37,"key":"Block Potion"},{"floor":39,"key":"PowerPotion"},{"floor":45,"key":"Dexterity Potion"}],"is_trial":false,"path_per_floor":["M","?","T","$","?","E","?","R","T","M","E","M","$","E","R","B",null,"M","?","?","$","M","E","?","E","T","R","M","E","M","E","R","B",null,"M","?","M","M","?","E","?","R","T","M","E","M","$","E","R","B",null,"R","$","E","B"],"character_chosen":"IRONCLAD","items_purchased":["Discovery","Armaments","Anger","True Grit","Toolbox","Spot Weakness","TheAbacus","Offering","Bottled Lightning","Jack Of All Trades"],"campfire_rested":0,"item_purchase_floors":[4,4,13,21,47,47,53,53,53,53],"current_hp_per_floor":[77,77,77,77,77,75,55,55,55,60,55,61,61,52,52,39,80,80,80,80,80,80,51,51,80,80,80,74,61,70,71,71,61,80,80,76,71,76,76,76,76,76,76,76,76,65,65,64,64,29,76,76,76,76,0],"gold":51,"neow_bonus":"HUNDRED_GOLD","is_prod":false,"is_daily":false,"chose_seed":false,"campfire_upgraded":6,"win_rate":0,"timestamp":1544163184,"path_taken":["M","?","?","?","?","E","?","R","T","M","E","M","$","E","R","BOSS","M","?","?","$","M","E","?","E","T","R","M","E","M","E","R","BOSS","M","?","M","M","?","E","?","R","T","M","E","M","$","E","R","BOSS","R","$","E","BOSS"],"build_version":"2018-12-06","purchased_purges":4,"victory":false,"max_hp_per_floor":[80,80,80,80,80,80,80,80,80,80,80,80,80,80,80,80,80,80,80,80,80,80,80,80,80,80,80,80,80,80,80,80,80,80,80,76,76,76,76,76,76,76,76,76,76,76,76,76,76,76,76,76,76,76,76],"card_choices":[{"not_picked":["Havoc","Wild Strike"],"picked":"Anger","floor":1},{"not_picked":["Armaments","Entrench"],"picked":"Disarm","floor":6},{"not_picked":["Thunderclap","Clash","Pommel Strike"],"picked":"SKIP","floor":10},{"not_picked":["Warcry","Exhume","Dropkick"],"picked":"SKIP","floor":11},{"not_picked":["Intimidate","Clothesline"],"picked":"Headbutt","floor":12},{"not_picked":["Combust","Sword Boomerang"],"picked":"Clothesline","floor":14},{"not_picked":["Exhume","Barricade"],"picked":"Double Tap","floor":16},{"not_picked":["Flex","Sword Boomerang","Heavy Blade"],"picked":"SKIP","floor":18},{"not_picked":["Twin Strike","Clash"],"picked":"Shrug It Off","floor":22},{"not_picked":["Reckless Charge","Clash"],"picked":"Reaper","floor":23},{"not_picked":["Havoc","True Grit"],"picked":"Immolate","floor":25},{"not_picked":["Blood for Blood","Dropkick+1"],"picked":"Thunderclap+1","floor":28},{"not_picked":["Thunderclap","Barricade"],"picked":"Havoc+1","floor":29},{"not_picked":["Cleave","Fire Breathing"],"picked":"Spot Weakness","floor":30},{"not_picked":["Heavy Blade+1","Perfected Strike+1"],"picked":"True Grit","floor":31},{"not_picked":["Feed","Exhume"],"picked":"Offering","floor":33},{"not_picked":["Heavy Blade","Flex+1","Perfected Strike+1"],"picked":"SKIP","floor":35},{"not_picked":["Havoc","Cleave","Iron Wave+1"],"picked":"SKIP","floor":37},{"not_picked":["Cleave+1","Pommel Strike+1","Perfected Strike"],"picked":"SKIP","floor":38},{"not_picked":["Clash+1","Juggernaut","Armaments+1"],"picked":"SKIP","floor":40},{"not_picked":["Intimidate","Perfected Strike+1"],"picked":"Power Through+1","floor":44},{"not_picked":["Dark Embrace","Burning Pact"],"picked":"Metallicize+1","floor":45},{"not_picked":["Body Slam+1","Headbutt+1","Whirlwind+1"],"picked":"SKIP","floor":46},{"not_picked":["Second Wind+1","Wild Strike+1"],"picked":"Anger+1","floor":48},{"not_picked":["Seeing Red+1","Armaments+1"],"picked":"Havoc+1","floor":54}],"player_experience":3697446,"relics_obtained":[{"floor":3,"key":"Pocketwatch"},{"floor":6,"key":"Juzu Bracelet"},{"floor":9,"key":"Red Skull"},{"floor":11,"key":"Paper Frog"},{"floor":14,"key":"Bag of Preparation"},{"floor":23,"key":"Ornamental Fan"},{"floor":25,"key":"Old Coin"},{"floor":26,"key":"Ginger"},{"floor":29,"key":"Regal Pillow"},{"floor":31,"key":"Lantern"},{"floor":40,"key":"Tiny Chest"},{"floor":45,"key":"Frozen Egg 2"},{"floor":48,"key":"FossilizedHelix"},{"floor":54,"key":"Thread and Needle"}],"event_choices":[{"damage_healed":0,"gold_gain":0,"player_choice":"Box","damage_taken":0,"relics_obtained":["PreservedInsect"],"max_hp_gain":0,"max_hp_loss":0,"event_name":"Big Fish","floor":2,"gold_loss":0,"cards_obtained":["Regret"]},{"damage_healed":0,"gold_gain":0,"player_choice":"Leave","damage_taken":0,"max_hp_gain":0,"max_hp_loss":0,"event_name":"The Cleric","floor":5,"gold_loss":0},{"damage_healed":0,"gold_gain":0,"player_choice":"Take Damage","damage_taken":20,"relics_obtained":["Golden Idol"],"max_hp_gain":0,"max_hp_loss":0,"event_name":"Golden Idol","floor":7,"gold_loss":0},{"cards_removed":["Strike_R"],"damage_healed":0,"gold_gain":0,"player_choice":"Gave Gold","damage_taken":0,"max_hp_gain":0,"max_hp_loss":0,"event_name":"Beggar","floor":19,"gold_loss":75},{"damage_healed":0,"gold_gain":100,"player_choice":"Bet on Murderer","damage_taken":0,"max_hp_gain":0,"max_hp_loss":0,"event_name":"The Joust","floor":20,"gold_loss":50},{"damage_healed":0,"gold_gain":0,"player_choice":"Ignored","damage_taken":0,"max_hp_gain":0,"max_hp_loss":0,"event_name":"N\u0027loth","floor":24,"gold_loss":0},{"damage_healed":0,"gold_gain":0,"player_choice":"Max HP","damage_taken":0,"max_hp_gain":0,"max_hp_loss":4,"event_name":"Winding Halls","floor":36,"gold_loss":0},{"damage_healed":0,"gold_gain":0,"player_choice":"Bought 3 Potions","damage_taken":0,"max_hp_gain":0,"max_hp_loss":0,"event_name":"The Woman in Blue","floor":39,"gold_loss":0},{"damage_healed":0,"gold_gain":333,"player_choice":"Gave Idol","damage_taken":0,"max_hp_gain":0,"max_hp_loss":0,"event_name":"The Moai Head","floor":41,"relics_lost":["Golden Idol"],"gold_loss":0}],"is_beta":true,"boss_relics":[{"not_picked":["Runic Cube","Busted Crown"],"picked":"Empty Cage"},{"not_picked":["Velvet Choker","Fusion Hammer"],"picked":"Mark of Pain"}],"items_purged_floors":[4,13,21,47],"is_endless":false,"potions_floor_spawned":[10,14,16,18,23,29,31,33,35,37,45,48,54],"killed_by":"The Heart","ascension_level":1}