{"gold_per_floor":[113,133,58,77,21,21,36,69,69,69,88,119,182,212,212,286,286,306,306,306,666,91,91,110,120,193,193,207,227,261,261],"floor_reached":31,"playtime":1591,"items_purged":[],"score":600,"play_id":"19033d9b-1107-44e7-9df2-1300994399e4","local_time":"20190130123537","is_ascension_mode":true,"campfire_choices":[{"data":"Zap","floor":6.0,"key":"SMITH"},{"data":"Defragment","floor":10.0,"key":"SMITH"},{"floor":15,"key":"REST"},{"floor":23,"key":"REST"},{"data":"Fission","floor":27,"key":"SMITH"}],"neow_cost":"NONE","seed_source_timestamp":1739021020454737,"circlet_count":0,"master_deck":["AscendersBane","Defend_B","Defend_B","Zap+1","Dualcast","Coolheaded+1","Chaos+1","Redo+1","Compile Driver","Glacier","Melter","Ball Lightning","Defragment+1","Leap","Fission+1","Go for the Eyes","Coolheaded","Machine Learning","Streamline+1","Defragment","Loop","Sweeping Beam+1","Go for the Eyes+1","Cold Snap+1","Fission","Steam+1"],"special_seed":0,"relics":["Astrolabe","Bottled Flame","Darkstone Periapt","Kunai","Bottled Lightning","Bottled Tornado","Empty Cage","Molten Egg 2","Centennial Puzzle","Frozen Egg 2","DataDisk"],"potions_floor_usage":[14,14,28,30,30],"damage_taken":[{"damage":2.0,"enemies":"2 Louse","floor":1.0,"turns":4.0},{"damage":2.0,"enemies":"Jaw Worm","floor":2.0,"turns":3.0},{"damage":0.0,"enemies":"Small Slimes","floor":4.0,"turns":4.0},{"damage":5.0,"enemies":"2 Fungi Beasts","floor":7.0,"turns":3.0},{"damage":10.0,"enemies":"3 Sentries","floor":8.0,"turns":9.0},{"damage":10.0,"enemies":"Gremlin Gang","floor":11.0,"turns":3.0},{"damage":0.0,"enemies":"Lagavulin","floor":12.0,"turns":6.0},{"damage":11.0,"enemies":"Gremlin Nob","floor":13.0,"turns":3.0},{"damage":7,"enemies":"Gremlin Nob","floor":14,"turns":3},{"damage":9,"enemies":"The Guardian","floor":16,"turns":12},{"damage":11,"enemies":"Spheric Guardian","floor":18,"turns":4},{"damage":1,"enemies":"Shell Parasite","floor":24,"turns":7},{"damage":2,"enemies":"Snecko","floor":25,"turns":7},{"damage":16,"enemies":"Shelled Parasite and Fungi","floor":28,"turns":5},{"damage":0,"enemies":"Sentry and Sphere","floor":29,"turns":4},{"damage":14,"enemies":"Book of Stabbing","floor":30,"turns":6},{"damage":13,"enemies":"Chosen and Byrds","floor":31,"turns":4}],"seed_played":"-1897385383340705495","potions_obtained":[{"floor":7.0,"key":"LiquidBronze"},{"floor":12.0,"key":"FearPotion"},{"floor":13.0,"key":"Poison Potion"},{"floor":16,"key":"GamblersBrew"},{"floor":25,"key":"Swift Potion"},{"floor":29,"key":"AttackPotion"}],"is_trial":false,"path_per_floor":["M","M","?","M","$","R","M","E","T","R","M","E","?","E","R","B",null,"M","?","?","?","$","R","M","M","T","R","M","M","E","M"],"character_chosen":"DEFECT","items_purchased":["Ball Lightning","Loop","Molten Egg 2","Sweeping Beam+1","Centennial Puzzle"],"campfire_rested":2,"item_purchase_floors":[5,22,22,22,22],"current_hp_per_floor":[62,60,60,60,60,60,55,45,45,45,35,35,24,17,38,29,61,50,50,50,15,15,36,35,33,33,33,17,17,3,0],"gold":261,"neow_bonus":"BOSS_RELIC","is_prod":false,"is_daily":false,"chose_seed":false,"campfire_upgraded":3,"win_rate":0,"timestamp":1548869737,"path_taken":["M","M","?","M","$","R","M","E","T","R","M","E","?","E","R","BOSS","M","?","?","?","$","R","M","M","T","R","M","M","E","M"],"build_version":"2019-01-23","purchased_purges":0,"victory":false,"max_hp_per_floor":[71,71,71,71,71,71,71,71,71,71,71,71,71,71,71,71,71,71,71,71,71,71,71,71,71,71,71,71,71,71,71],"card_choices":[{"not_picked":["Sweeping Beam","Rebound"],"picked":"Compile Driver","floor":1.0},{"not_picked":["Go for the Eyes","Cold Snap"],"picked":"Glacier","floor":2.0},{"not_picked":["Coolheaded","Rebound"],"picked":"Melter","floor":4.0},{"not_picked":["Tempest","Ball Lightning"],"picked":"Defragment","floor":7.0},{"not_picked":["White Noise","Aggregate","Double Energy"],"picked":"SKIP","floor":8.0},{"not_picked":["Gash","Storm"],"picked":"Leap","floor":11.0},{"not_picked":["Conserve Battery","Coolheaded"],"picked":"Fission","floor":12.0},{"not_picked":["Redo","Hologram"],"picked":"Go for the Eyes","floor":13.0},{"not_picked":["Conserve Battery","Stack"],"picked":"Coolheaded","floor":14},{"not_picked":["Reboot","All For One"],"picked":"Machine Learning","floor":16},{"not_picked":["Gash","Genetic Algorithm"],"picked":"Streamline+1","floor":18},{"not_picked":["Hologram","Rip and Tear+1"],"picked":"Go for the Eyes+1","floor":24},{"not_picked":["Reinforced Body","Double Energy","Skim"],"picked":"SKIP","floor":25},{"not_picked":["Turbo","Sweeping Beam+1"],"picked":"Cold Snap+1","floor":28},{"not_picked":["Redo","Conserve Battery"],"picked":"Fission","floor":29},{"not_picked":["Steam Power","Tempest"],"picked":"Steam+1","floor":30}],"player_experience":844016,"relics_obtained":[{"floor":8.0,"key":"Bottled Flame"},{"floor":9.0,"key":"Darkstone Periapt"},{"floor":12.0,"key":"Kunai"},{"floor":13.0,"key":"Bottled Lightning"},{"floor":14,"key":"Bottled Tornado"},{"floor":26,"key":"Frozen Egg 2"},{"floor":30,"key":"DataDisk"}],"event_choices":[{"cards_removed":["Strike_B"],"damage_healed":0.0,"max_hp_gain":0.0,"max_hp_loss":0.0,"gold_gain":0.0,"event_name":"The Cleric","player_choice":"Card Removal","floor":3.0,"gold_loss":75.0,"damage_taken":0.0},{"damage_healed":0.0,"max_hp_gain":0.0,"max_hp_loss":0.0,"gold_gain":0.0,"event_name":"Dead Adventurer","player_choice":"Searched \u00271\u0027 times","floor":13.0,"gold_loss":0.0,"damage_taken":0.0},{"damage_healed":0,"gold_gain":0,"player_choice":"Ignored","damage_taken":0,"max_hp_gain":0,"max_hp_loss":0,"event_name":"Vampires","floor":19,"gold_loss":0},{"damage_healed":0,"gold_gain":0,"player_choice":"Read","damage_taken":0,"max_hp_gain":0,"max_hp_loss":0,"event_name":"The Library","floor":20,"gold_loss":0,"cards_obtained":["Defragment"]},{"damage_healed":0,"gold_gain":360,"player_choice":"GOLD GOLD GOLD GOLD ","damage_taken":35,"max_hp_gain":0,"max_hp_loss":0,"event_name":"Knowing Skull","floor":21,"potions_obtained":[],"gold_loss":0,"cards_obtained":[]}],"is_beta":false,"boss_relics":[{"not_picked":["Philosopher\u0027s Stone","Cursed Key"],"picked":"Empty Cage"}],"items_purged_floors":[],"is_endless":false,"potions_floor_spawned":[7,12,13,16,25,29],"killed_by":"Chosen and Byrds","ascension_level":20}