{"gold_per_floor":[111,122,122,122,47,47,63,63,87,87,102,102,170,199,199,199],"floor_reached":16,"playtime":484,"items_purged":["Regret"],"score":196,"play_id":"6fea6608-00e8-4b99-a14f-c9ed1dd0f893","local_time":"20190122231145","is_ascension_mode":true,"campfire_choices":[{"data":"Streamline","floor":6,"key":"SMITH"},{"data":"Genetic Algorithm","floor":8,"key":"SMITH"},{"data":"Zap","floor":10,"key":"SMITH"},{"data":"Seek","floor":15,"key":"SMITH"}],"neow_cost":"NONE","seed_source_timestamp":1087145964123483,"circlet_count":0,"master_deck":["AscendersBane","Strike_B","Strike_B","Strike_B","Strike_B","Defend_B","Defend_B","Defend_B","Defend_B","Zap+1","Dualcast","Streamline+1","Turbo","Ball Lightning","Genetic Algorithm+1","Chill","Seek+1"],"relics":["Cracked Core","Potion Belt","PreservedInsect","Vajra","Bag of Preparation"],"potions_floor_usage":[16,16],"damage_taken":[{"damage":1,"enemies":"Cultist","floor":1,"turns":3},{"damage":2,"enemies":"Small Slimes","floor":2,"turns":3},{"damage":2,"enemies":"Jaw Worm","floor":7,"turns":3},{"damage":11,"enemies":"Looter","floor":11,"turns":3},{"damage":6,"enemies":"3 Sentries","floor":14,"turns":4},{"damage":35,"enemies":"Slime Boss","floor":16,"turns":6}],"seed_played":"-6065966552572500223","potions_obtained":[{"floor":7,"key":"EssenceOfSteel"},{"floor":14,"key":"Dexterity Potion"}],"is_trial":false,"path_per_floor":["?","?","M","?","?"],"character_chosen":"DEFECT","items_purchased":[],"campfire_rested":0,"item_purchase_floors":[],"current_hp_per_floor":[63,61,61,61,61,61,59,59,59,59,48,37,37,31,31,0],"gold":199,"neow_bonus":"THREE_CARDS","is_prod":false,"is_daily":false,"chose_seed":false,"campfire_upgraded":4,"win_rate":0,"timestamp":1548216705,"path_taken":["M","M","?","?","$","R","M","R","T","R","?","?","?","E","R","BOSS"],"build_version":"2019-01-22","purchased_purges":1,"victory":false,"max_hp_per_floor":[71,71,71,71,71,71,71,71,71,71,71,71,71,71,71,71],"card_choices":[{"not_picked":["Beam Cell","Sweeping Beam"],"picked":"Streamline","floor":0},{"not_picked":["Leap","Rebound"],"picked":"Turbo","floor":1},{"not_picked":["Force Field","Steam Power"],"picked":"Ball Lightning","floor":2},{"not_picked":["Gash","Go for the Eyes"],"picked":"Genetic Algorithm","floor":7},{"not_picked":["Coolheaded","Chaos"],"picked":"Chill","floor":11},{"not_picked":["Hologram","Cold Snap"],"picked":"Seek","floor":14}],"player_experience":803124,"relics_obtained":[{"floor":9,"key":"PreservedInsect"},{"floor":14,"key":"Bag of Preparation"}],"event_choices":[{"damage_healed":0,"gold_gain":0,"player_choice":"Box","damage_taken":0,"relics_obtained":["Potion Belt"],"max_hp_gain":0,"max_hp_loss":0,"event_name":"Big Fish","floor":3,"gold_loss":0,"cards_obtained":["Regret"]},{"damage_healed":0,"gold_gain":0,"player_choice":"Leave","damage_taken":0,"max_hp_gain":0,"max_hp_loss":0,"event_name":"The Cleric","floor":4,"gold_loss":0},{"damage_healed":0,"gold_gain":0,"player_choice":"Success","damage_taken":11,"relics_obtained":["Vajra"],"max_hp_gain":0,"max_hp_loss":0,"event_name":"Scrap Ooze","floor":12,"gold_loss":0},{"damage_healed":0,"gold_gain":68,"player_choice":"Gained Gold","damage_taken":0,"max_hp_gain":0,"max_hp_loss":0,"event_name":"Golden Wing","floor":13,"gold_loss":0}],"is_beta":true,"boss_relics":[],"items_purged_floors":[5],"is_endless":false,"potions_floor_spawned":[7,14],"killed_by":"Slime Boss","ascension_level":20}