{"gold_per_floor":[218,234,254,267,417,417,442,442,466,466],"floor_reached":10,"playtime":310,"items_purged":[],"score":116,"play_id":"bc566cf9-5b7c-4a99-9a0b-2460311a05b9","local_time":"20190220140833","is_ascension_mode":true,"campfire_choices":[{"data":"Bash","floor":6.0,"key":"SMITH"},{"floor":8.0,"key":"REST"}],"neow_cost":"NONE","seed_source_timestamp":577585981652082,"circlet_count":0,"master_deck":["AscendersBane","Strike_R","Strike_R","Strike_R","Strike_R","Strike_R","Defend_R","Defend_R","Defend_R","Defend_R","Bash+1","Flame Barrier","Disarm","Iron Wave","Doubt","Rage"],"special_seed":0,"relics":["Burning Blood","Odd Mushroom","Ancient Tea Set"],"potions_floor_usage":[],"damage_taken":[{"damage":7.0,"enemies":"Cultist","floor":1.0,"turns":4.0},{"damage":1.0,"enemies":"2 Louse","floor":2.0,"turns":4.0},{"damage":5.0,"enemies":"Small Slimes","floor":3.0,"turns":4.0},{"damage":33.0,"enemies":"Exordium Wildlife","floor":4.0,"turns":9.0},{"damage":41.0,"enemies":"The Mushroom Lair","floor":7.0,"turns":7.0},{"damage":43,"enemies":"Lagavulin","floor":10,"turns":6}],"seed_played":"1436905288535198180","potions_obtained":[{"floor":1.0,"key":"Weak Potion"},{"floor":3.0,"key":"Energy Potion"},{"floor":4.0,"key":"Swift Potion"}],"is_trial":false,"path_per_floor":["M","M","M","M","?","R","?","R","T","E"],"character_chosen":"IRONCLAD","items_purchased":[],"campfire_rested":1,"item_purchase_floors":[],"current_hp_per_floor":[67,72,73,46,46,46,11,33,33,0],"gold":466,"neow_bonus":"HUNDRED_GOLD","is_prod":false,"is_daily":false,"chose_seed":false,"campfire_upgraded":1,"win_rate":0,"timestamp":1550639313,"path_taken":["M","?","M","M","?","R","?","R","T","E"],"build_version":"2019-01-23","purchased_purges":0,"victory":false,"max_hp_per_floor":[75,75,75,75,75,75,75,75,75,75],"card_choices":[{"not_picked":["Rupture","Warcry"],"picked":"Flame Barrier","floor":1.0},{"not_picked":["Wild Strike","Pommel Strike"],"picked":"Disarm","floor":2.0},{"not_picked":["Clash","Pommel Strike"],"picked":"Iron Wave","floor":3.0},{"not_picked":["Fire Breathing","Clothesline","Flex"],"picked":"SKIP","floor":4.0},{"not_picked":["Pummel","Clash"],"picked":"Rage","floor":7.0}],"player_experience":1144947,"relics_obtained":[{"floor":7.0,"key":"Odd Mushroom"},{"floor":9.0,"key":"Ancient Tea Set"}],"event_choices":[{"damage_healed":0.0,"max_hp_gain":0.0,"max_hp_loss":0.0,"gold_gain":150.0,"event_name":"Liars Game","player_choice":"AGREE","floor":5.0,"gold_loss":0.0,"damage_taken":0.0,"cards_obtained":["Doubt"]},{"damage_healed":0.0,"max_hp_gain":0.0,"max_hp_loss":0.0,"gold_gain":0.0,"event_name":"Mushrooms","player_choice":"Fought Mushrooms","floor":7.0,"gold_loss":0.0,"damage_taken":0.0}],"is_beta":false,"boss_relics":[],"items_purged_floors":[],"is_endless":false,"potions_floor_spawned":[1,3,4],"killed_by":"Lagavulin","ascension_level":20}