{"gold_per_floor":[113,188,188,204,354,381,392,44,44,73,36,36,47,64,64,139,139,158,158,158,158,184,184,212,212,212,212,212],"floor_reached":28,"playtime":689,"items_purged":["Doubt"],"score":634,"play_id":"4d71fd7e-c9a4-42ae-938a-e5bc291b4ba9","local_time":"20190222223258","is_ascension_mode":true,"campfire_choices":[{"floor":12,"key":"REST"},{"floor":15,"key":"REST"},{"floor":23,"key":"REST"},{"data":"Defragment","floor":25,"key":"SMITH"},{"floor":27,"key":"REST"}],"neow_cost":"NONE","seed_source_timestamp":29711697287100,"circlet_count":0,"master_deck":["AscendersBane","Strike_B","Strike_B+1","Strike_B","Strike_B","Defend_B+1","Defend_B","Defend_B","Defend_B+1","Zap","Dualcast","Cold Snap","Go for the Eyes","Apotheosis+1","White Noise","Echo Form","Defragment+1","White Noise","Electrodynamics","Conserve Battery+1","Tempest+1"],"relics":["Cracked Core","NeowsBlessing","Mango","WingedGreaves","Question Card","Black Star","Kunai","Happy Flower","Pantograph","War Paint","Blue Candle"],"potions_floor_usage":[10,16,18],"damage_taken":[{"damage":0,"enemies":"Small Slimes","floor":1,"turns":1},{"damage":0,"enemies":"Jaw Worm","floor":4,"turns":1},{"damage":0,"enemies":"Lagavulin","floor":6,"turns":1},{"damage":0,"enemies":"2 Louse","floor":7,"turns":2},{"damage":37,"enemies":"3 Sentries","floor":10,"turns":8},{"damage":15,"enemies":"Exordium Thugs","floor":13,"turns":5},{"damage":8,"enemies":"3 Louse","floor":14,"turns":4},{"damage":0,"enemies":"The Guardian","floor":16,"turns":10},{"damage":48,"enemies":"3 Byrds","floor":18,"turns":5},{"damage":23,"enemies":"Gremlin Leader","floor":24,"turns":6},{"damage":74,"enemies":"Book of Stabbing","floor":28,"turns":5}],"seed_played":"-2453341237407764311","potions_obtained":[{"floor":4,"key":"Swift Potion"},{"floor":13,"key":"Fire Potion"},{"floor":14,"key":"Fire Potion"}],"is_trial":false,"path_per_floor":["M","?","?","M","?","E","M","$","T","E","$","R","M","M","R","B",null,"M","?","?","T","T","R","E","R","T","R","E"],"character_chosen":"DEFECT","items_purchased":["Apotheosis","White Noise","Defragment"],"campfire_rested":4,"item_purchase_floors":[8,8,11],"current_hp_per_floor":[64,53,32,32,32,46,46,46,46,9,9,34,19,11,36,36,73,25,42,42,42,42,67,44,44,44,69,0],"gold":212,"neow_bonus":"THREE_ENEMY_KILL","is_prod":false,"is_daily":false,"chose_seed":false,"campfire_upgraded":1,"win_rate":0,"timestamp":1550867578,"path_taken":["M","?","?","M","?","E","?","$","T","E","$","R","M","M","R","BOSS","M","?","?","?","?","R","E","R","T","R","E"],"build_version":"2019-01-23","purchased_purges":1,"victory":false,"max_hp_per_floor":[71,71,71,71,71,85,85,85,85,85,85,85,85,85,85,85,85,85,85,85,85,85,85,85,85,85,85,85],"card_choices":[{"not_picked":["Gash","Undo","Coolheaded"],"picked":"SKIP","floor":1},{"not_picked":["Sweeping Beam","Redo","Stack"],"picked":"SKIP","floor":4},{"not_picked":["Sweeping Beam","Machine Learning"],"picked":"Cold Snap","floor":6},{"not_picked":["Hologram","Turbo"],"picked":"Go for the Eyes","floor":7},{"not_picked":["Aggregate","Blizzard"],"picked":"Echo Form","floor":10},{"not_picked":["Turbo","Chaos","Melter","Hologram"],"picked":"SKIP","floor":13},{"not_picked":["Cold Snap","Leap","Hologram"],"picked":"White Noise","floor":14},{"not_picked":["Thunder Strike","Seek","All For One"],"picked":"Electrodynamics","floor":16},{"not_picked":["Streamline","Go for the Eyes","Steam"],"picked":"Conserve Battery+1","floor":18},{"not_picked":["Gash","Streamline+1","Compile Driver"],"picked":"Tempest+1","floor":24}],"player_experience":886142,"relics_obtained":[{"floor":6,"key":"Mango"},{"floor":9,"key":"WingedGreaves"},{"floor":10,"key":"Question Card"},{"floor":21,"key":"Kunai"},{"floor":22,"key":"Happy Flower"},{"floor":24,"key":"Pantograph"},{"floor":24,"key":"War Paint"},{"floor":26,"key":"Blue Candle"}],"event_choices":[{"damage_healed":0,"gold_gain":75,"player_choice":"Gather Gold","damage_taken":11,"max_hp_gain":0,"max_hp_loss":0,"event_name":"World of Goop","floor":2,"gold_loss":0},{"damage_healed":0,"gold_gain":0,"player_choice":"Entered Light","damage_taken":21,"max_hp_gain":0,"max_hp_loss":0,"event_name":"Shining Light","floor":3,"gold_loss":0,"cards_upgraded":["Defend_B","Strike_B"]},{"damage_healed":0,"gold_gain":150,"player_choice":"AGREE","damage_taken":0,"max_hp_gain":0,"max_hp_loss":0,"event_name":"Liars Game","floor":5,"gold_loss":0,"cards_obtained":["Doubt"]},{"damage_healed":17,"gold_gain":0,"player_choice":"Heal","damage_taken":0,"max_hp_gain":0,"max_hp_loss":0,"event_name":"The Library","floor":19,"gold_loss":0},{"damage_healed":0,"gold_gain":0,"player_choice":"Ignored","damage_taken":0,"max_hp_gain":0,"max_hp_loss":0,"event_name":"Cursed Tome","floor":20,"gold_loss":0}],"is_beta":false,"boss_relics":[{"not_picked":["Runic Pyramid","Tiny House"],"picked":"Black Star"}],"items_purged_floors":[8],"is_endless":false,"potions_floor_spawned":[4,13,14],"killed_by":"Book of Stabbing","ascension_level":20}