{"gold_per_floor":[110,110,124,143,143,143,169,169,169,185,200,33,52,85,85,162,162,174,186,205,205,222,222,252,262,262,291,391,391,423,313,313,387,387,402,402,402,802,816,816,844,854,930,930,941,954,363,375,375,375,375],"floor_reached":51,"playtime":2804,"items_purged":[],"score":1498,"play_id":"cbf8b2e6-14de-4dfe-bea2-8c260748d4a9","local_time":"20190211004741","is_ascension_mode":true,"campfire_choices":[{"data":"Footwork","floor":6.0,"key":"SMITH"},{"data":"Survivor","floor":8.0,"key":"SMITH"},{"data":"Noxious Fumes","floor":15.0,"key":"SMITH"},{"data":"After Image","floor":23.0,"key":"SMITH"},{"data":"Terror","floor":32.0,"key":"SMITH"},{"data":"1","floor":40.0,"key":"LIFT"},{"floor":44.0,"key":"REST"},{"floor":49.0,"key":"RECALL"}],"neow_cost":"NONE","seed_source_timestamp":1228370699298200,"circlet_count":0,"master_deck":["AscendersBane","Survivor+1","Neutralize+1","All Out Attack","Bouncing Flask","Footwork+1","Flying Knee","Noxious Fumes+1","Cloak And Dagger+1","Footwork","After Image+1","Outmaneuver","Backflip","Unload","Prepared","Unload","Slice","Endless Agony","Finisher","Heel Hook","Terror+1","Backstab+1","Die Die Die","Tactician","Tools of the Trade","Terror+1","Dagger Throw","Madness","Madness","Riddle With Holes+1","Bouncing Flask","PiercingWail+1","Infinite Blades","Bouncing Flask","Accuracy","Cloak And Dagger+1"],"special_seed":0,"relics":["Ring of the Snake","NeowsBlessing","Gremlin Horn","Bird Faced Urn","Bag of Preparation","Vajra","Mummified Hand","Pandora\u0027s Box","Nunchaku","Omamori","Juzu Bracelet","Girya","Torii","Bottled Lightning","MutagenicStrength","Tough Bandages","Sozu","Old Coin","Anchor","Du-Vu Doll","Ornamental Fan"],"potions_floor_usage":[51],"damage_taken":[{"damage":0.0,"enemies":"Cultist","floor":1.0,"turns":1.0},{"damage":0.0,"enemies":"Small Slimes","floor":3.0,"turns":1.0},{"damage":0.0,"enemies":"Jaw Worm","floor":4.0,"turns":1.0},{"damage":34.0,"enemies":"3 Sentries","floor":7.0,"turns":9.0},{"damage":0.0,"enemies":"2 Fungi Beasts","floor":10.0,"turns":4.0},{"damage":0.0,"enemies":"Red Slaver","floor":11.0,"turns":5.0},{"damage":3.0,"enemies":"Exordium Thugs","floor":13.0,"turns":4.0},{"damage":0.0,"enemies":"Lagavulin","floor":14.0,"turns":7.0},{"damage":12.0,"enemies":"Slime Boss","floor":16.0,"turns":10.0},{"damage":0.0,"enemies":"Spheric Guardian","floor":18.0,"turns":3.0},{"damage":0.0,"enemies":"2 Thieves","floor":19.0,"turns":3.0},{"damage":9.0,"enemies":"Centurion and Healer","floor":20.0,"turns":6.0},{"damage":6.0,"enemies":"Cultist and Chosen","floor":22.0,"turns":4.0},{"damage":9.0,"enemies":"Slavers","floor":24.0,"turns":4.0},{"damage":9.0,"enemies":"Shelled Parasite and Fungi","floor":25.0,"turns":4.0},{"damage":24.0,"enemies":"Book of Stabbing","floor":27.0,"turns":4.0},{"damage":0.0,"enemies":"Colosseum Slavers","floor":28.0,"turns":3.0},{"damage":0.0,"enemies":"Colosseum Nobs","floor":28.0,"turns":4.0},{"damage":7.0,"enemies":"Gremlin Leader","floor":30.0,"turns":3.0},{"damage":26.0,"enemies":"Automaton","floor":33.0,"turns":8.0},{"damage":9.0,"enemies":"3 Darklings","floor":35.0,"turns":3.0},{"damage":3.0,"enemies":"Mind Bloom Boss Battle","floor":38.0,"turns":5.0},{"damage":6.0,"enemies":"3 Shapes","floor":39.0,"turns":1.0},{"damage":54.0,"enemies":"Giant Head","floor":41.0,"turns":6.0},{"damage":10.0,"enemies":"Writhing Mass","floor":42.0,"turns":4.0},{"damage":0.0,"enemies":"Sphere and 2 Shapes","floor":45.0,"turns":4.0},{"damage":0.0,"enemies":"Jaw Worm Horde","floor":46.0,"turns":3.0},{"damage":0.0,"enemies":"Transient","floor":48.0,"turns":6.0},{"damage":21.0,"enemies":"Donu and Deca","floor":50.0,"turns":7.0},{"damage":73,"enemies":"Awakened One","floor":51,"turns":5}],"seed_played":"6192089047611956875","potions_obtained":[{"floor":3.0,"key":"Block Potion"},{"floor":4.0,"key":"Energy Potion"},{"floor":10.0,"key":"GamblersBrew"},{"floor":13.0,"key":"Swift Potion"},{"floor":14.0,"key":"LiquidBronze"},{"floor":25.0,"key":"EntropicBrew"},{"floor":33.0,"key":"PowerPotion"}],"is_trial":false,"path_per_floor":["M","?","M","M","?","R","E","R","T","M","M","$","M","E","R","B",null,"M","M","M","?","M","R","E","M","T","E","?","?","E","?","R","B",null,"M","?","?","?","M","R","E","M","T","R","M","M","$","M","R","B","B"],"character_chosen":"THE_SILENT","items_purchased":["Vajra","Du-Vu Doll","Ornamental Fan"],"campfire_rested":1,"item_purchase_floors":[12,47,47],"current_hp_per_floor":[59,59,59,59,54,54,20,20,20,22,26,26,27,31,31,25,56,64,66,57,57,59,59,58,66,66,47,66,66,59,59,59,41,60,59,59,47,54,50,50,6,6,6,25,35,43,43,57,57,47,0],"gold":375,"neow_bonus":"THREE_ENEMY_KILL","is_prod":false,"is_daily":false,"chose_seed":false,"campfire_upgraded":5,"win_rate":0,"timestamp":1549813661,"path_taken":["M","?","M","?","?","R","E","R","T","M","M","$","M","E","R","BOSS","M","M","M","?","?","R","E","M","T","E","?","?","E","?","R","BOSS","M","?","?","?","M","R","E","M","T","R","M","M","$","M","R","BOSS","BOSS"],"build_version":"2019-01-23","purchased_purges":0,"victory":false,"max_hp_per_floor":[66,66,66,66,66,66,66,66,66,66,66,66,66,66,66,66,66,66,66,66,66,66,66,66,66,66,66,66,66,66,66,66,66,66,66,66,66,66,66,66,66,66,66,66,66,66,66,66,66,66,66],"card_choices":[{"not_picked":["Poisoned Stab","Sucker Punch"],"picked":"All Out Attack","floor":1.0},{"not_picked":["Cloak And Dagger","Underhanded Strike"],"picked":"Bouncing Flask","floor":3.0},{"not_picked":["Expertise","Crippling Poison"],"picked":"Footwork","floor":4.0},{"not_picked":["Slice","Bouncing Flask"],"picked":"Flying Knee","floor":7.0},{"not_picked":["Finisher","Dagger Throw"],"picked":"Noxious Fumes","floor":10.0},{"not_picked":["Acrobatics","Crippling Poison"],"picked":"Venomology","floor":11.0},{"not_picked":["Bane","Heel Hook"],"picked":"Cloak And Dagger","floor":13.0},{"not_picked":["Dagger Throw","Blur"],"picked":"Footwork","floor":14.0},{"not_picked":["Burst","Malaise"],"picked":"After Image","floor":16.0},{"not_picked":["Poisoned Stab","Cloak And Dagger"],"picked":"Terror","floor":18.0},{"not_picked":["Quick Slash","Acrobatics","Prepared"],"picked":"SKIP","floor":19.0},{"not_picked":["Deflect","Catalyst"],"picked":"Backstab+1","floor":20.0},{"not_picked":["Calculated Gamble+1","Backflip"],"picked":"Die Die Die","floor":22.0},{"not_picked":["Choke","Predator","Dodge and Roll"],"picked":"SKIP","floor":24.0},{"not_picked":["Underhanded Strike","Outmaneuver","Reflex"],"picked":"SKIP","floor":25.0},{"not_picked":["Endless Agony","Footwork","Prepared"],"picked":"SKIP","floor":27.0},{"not_picked":["Underhanded Strike","Acrobatics"],"picked":"Tactician","floor":28.0},{"not_picked":["Terror","Flying Knee","Eviscerate+1"],"picked":"SKIP","floor":30.0},{"not_picked":["Doppelganger","Die Die Die"],"picked":"Tools of the Trade","floor":33.0},{"not_picked":["Setup","Sucker Punch"],"picked":"Terror+1","floor":35.0},{"not_picked":["Outmaneuver","Sucker Punch"],"picked":"Riddle With Holes+1","floor":38.0},{"not_picked":["Distraction+1","Slice"],"picked":"Bouncing Flask","floor":39.0},{"not_picked":["Choke","Masterful Stab"],"picked":"PiercingWail+1","floor":41.0},{"not_picked":["Underhanded Strike+1","Prepared+1"],"picked":"Infinite Blades","floor":42.0},{"not_picked":["Leg Sweep","Dash"],"picked":"Bouncing Flask","floor":45.0},{"not_picked":["Dodge and Roll","Masterful Stab"],"picked":"Accuracy","floor":46.0},{"not_picked":["Skewer","Expertise"],"picked":"Cloak And Dagger+1","floor":48.0}],"player_experience":1119960,"relics_obtained":[{"floor":7.0,"key":"Bird Faced Urn"},{"floor":9.0,"key":"Bag of Preparation"},{"floor":14.0,"key":"Mummified Hand"},{"floor":21.0,"key":"Nunchaku"},{"floor":24.0,"key":"Omamori"},{"floor":26.0,"key":"Juzu Bracelet"},{"floor":27.0,"key":"Girya"},{"floor":28.0,"key":"Torii"},{"floor":28.0,"key":"Bottled Lightning"},{"floor":30.0,"key":"Tough Bandages"},{"floor":38.0,"key":"Old Coin"},{"floor":41.0,"key":"Anchor"}],"event_choices":[{"damage_healed":0.0,"max_hp_gain":0.0,"max_hp_loss":0.0,"gold_gain":0.0,"event_name":"Accursed Blacksmith","player_choice":"Forge","floor":2.0,"gold_loss":0.0,"damage_taken":0.0,"cards_upgraded":["Neutralize"]},{"damage_healed":0.0,"max_hp_gain":0.0,"max_hp_loss":0.0,"gold_gain":0.0,"event_name":"Scrap Ooze","player_choice":"Success","floor":5.0,"gold_loss":0.0,"damage_taken":5.0,"relics_obtained":["Gremlin Horn"]},{"damage_healed":0.0,"max_hp_gain":0.0,"max_hp_loss":0.0,"gold_gain":0.0,"event_name":"Wheel of Change","player_choice":"Relic","floor":21.0,"gold_loss":0.0,"damage_taken":0.0},{"damage_healed":0.0,"max_hp_gain":0.0,"max_hp_loss":0.0,"gold_gain":0.0,"event_name":"Colosseum","player_choice":"Fight","floor":28.0,"gold_loss":0.0,"damage_taken":0.0},{"damage_healed":0.0,"max_hp_gain":0.0,"max_hp_loss":0.0,"gold_gain":0.0,"event_name":"Colosseum","player_choice":"Fought Nobs","floor":28.0,"gold_loss":0.0,"damage_taken":0.0},{"damage_healed":0.0,"max_hp_gain":0.0,"max_hp_loss":0.0,"gold_gain":0.0,"event_name":"Drug Dealer","player_choice":"Inject Mutagens","floor":29.0,"gold_loss":0.0,"damage_taken":0.0,"relics_obtained":["MutagenicStrength"]},{"cards_removed":["Reflex"],"damage_healed":0.0,"max_hp_gain":0.0,"max_hp_loss":0.0,"gold_gain":0.0,"event_name":"Designer","player_choice":"Upgrade and Remove","floor":31.0,"gold_loss":110.0,"damage_taken":0.0,"cards_upgraded":["Cloak And Dagger"]},{"damage_healed":0.0,"max_hp_gain":0.0,"max_hp_loss":0.0,"gold_gain":0.0,"cards_transformed":["Venomology"],"event_name":"Transmorgrifier","player_choice":"Transformed","floor":36.0,"gold_loss":0.0,"damage_taken":0.0,"cards_obtained":["Dagger Throw"]},{"damage_healed":0.0,"max_hp_gain":0.0,"max_hp_loss":0.0,"gold_gain":0.0,"event_name":"Winding Halls","player_choice":"Embrace Madness","floor":37.0,"gold_loss":0.0,"damage_taken":12.0,"cards_obtained":["Madness","Madness"]},{"damage_healed":0.0,"max_hp_gain":0.0,"max_hp_loss":0.0,"gold_gain":0.0,"event_name":"MindBloom","player_choice":"Fight","floor":38.0,"gold_loss":0.0,"damage_taken":0.0}],"is_beta":false,"boss_relics":[{"not_picked":["HoveringKite","Snecko Eye"],"picked":"Pandora\u0027s Box"},{"not_picked":["Coffee Dripper","Velvet Choker"],"picked":"Sozu"}],"items_purged_floors":[],"is_endless":false,"potions_floor_spawned":[3,4,10,13,14,16,20,24,25,28,33,35,41,45,48],"killed_by":"Awakened One","ascension_level":20}