{"gold_per_floor":[113,113,263,53,53,79,79,110,133,166,176,195,206,206,206,277,277,294,294,86,136,81,111,130,130,130,130,141,141,168,180,180,257,257,274,291,291,291,306,306,5,5,5,16,16,47,101,101,101,101],"floor_reached":51,"playtime":1713,"items_purged":["Doubt"],"score":1740,"play_id":"bdc31e58-d5a5-4c13-b4dc-e09d4975684e","local_time":"20190222204100","is_ascension_mode":true,"campfire_choices":[{"data":"Dualcast","floor":7.0,"key":"SMITH"},{"data":"Defragment","floor":15.0,"key":"SMITH"},{"floor":25.0,"key":"REST"},{"floor":29,"key":"REST"},{"floor":32,"key":"REST"},{"floor":40,"key":"DIG"},{"floor":42,"key":"REST"},{"floor":45,"key":"DIG"},{"floor":49,"key":"DIG"}],"neow_cost":"NONE","seed_source_timestamp":21905461279100,"circlet_count":0,"master_deck":["AscendersBane","Zap+1","Dualcast+1","Glacier","Apotheosis+1","Conserve Battery","Ball Lightning","Biased Cognition","Defragment+1","Ball Lightning","Compile Driver","Seek+1","Blizzard","Doom and Gloom","Coolheaded","White Noise","Capacitor","Loop","Creative AI","Capacitor","Buffer","Coolheaded+1","Cold Snap","Biased Cognition","Defragment","Defragment+1","Dark Shackles+1"],"special_seed":0,"relics":["Cracked Core","NeowsBlessing","Lantern","Matryoshka","Happy Flower","DataDisk","PreservedInsect","Bag of Marbles","Ancient Tea Set","Pandora\u0027s Box","Ornamental Fan","Tiny Chest","Dodecahedron","FossilizedHelix","Shovel","Philosopher\u0027s Stone","Darkstone Periapt","DollysMirror","Art of War","Dream Catcher","Toxic Egg 2","Torii","Letter Opener"],"potions_floor_usage":[47,50],"damage_taken":[{"damage":0.0,"enemies":"Jaw Worm","floor":1.0,"turns":1.0},{"damage":0.0,"enemies":"3 Sentries","floor":6.0,"turns":1.0},{"damage":0.0,"enemies":"Lagavulin","floor":8.0,"turns":1.0},{"damage":4.0,"enemies":"3 Sentries","floor":10.0,"turns":6.0},{"damage":0.0,"enemies":"Small Slimes","floor":11.0,"turns":2.0},{"damage":0.0,"enemies":"2 Louse","floor":12.0,"turns":2.0},{"damage":2.0,"enemies":"Red Slaver","floor":13.0,"turns":3.0},{"damage":0.0,"enemies":"Slime Boss","floor":16.0,"turns":4.0},{"damage":26.0,"enemies":"3 Byrds","floor":18.0,"turns":4.0},{"damage":18.0,"enemies":"Slavers","floor":23.0,"turns":6.0},{"damage":7.0,"enemies":"Shell Parasite","floor":24.0,"turns":4.0},{"damage":0,"enemies":"Snake Plant","floor":28,"turns":3},{"damage":9,"enemies":"Gremlin Leader","floor":30,"turns":6},{"damage":0,"enemies":"Centurion and Healer","floor":31,"turns":3},{"damage":2,"enemies":"Champ","floor":33,"turns":9},{"damage":3,"enemies":"Orb Walker","floor":35,"turns":3},{"damage":12,"enemies":"3 Darklings","floor":36,"turns":5},{"damage":0,"enemies":"Writhing Mass","floor":39,"turns":6},{"damage":0,"enemies":"Spire Growth","floor":44,"turns":4},{"damage":0,"enemies":"Giant Head","floor":46,"turns":6},{"damage":0,"enemies":"2 Orb Walkers","floor":47,"turns":4},{"damage":0,"enemies":"Time Eater","floor":50,"turns":6}],"seed_played":"-3513327564069465982","potions_obtained":[{"floor":8.0,"key":"FairyPotion"},{"floor":13.0,"key":"Swift Potion"},{"floor":30,"key":"Fire Potion"},{"floor":35,"key":"Explosive Potion"},{"floor":47,"key":"Swift Potion"}],"is_trial":false,"path_per_floor":["M","?","?","$","?","E","R","E","T","E","M","M","M","T","R","B",null,"M","T","$","?","?","E","M","R","T","?","M","R","E","M","R","B",null,"M","M","?","?","M","R","$","R","T","M","R","E","?","?","R","B",null],"character_chosen":"DEFECT","items_purchased":["Apotheosis","Capacitor","Block Potion","Defragment","DollysMirror"],"campfire_rested":4,"item_purchase_floors":[4,20,20,41,41],"current_hp_per_floor":[64,64,64,64,64,64,64,64,64,60,60,60,58,58,58,58,68,42,42,42,42,42,24,17,38,38,28,28,49,40,40,61,59,68,65,53,53,53,53,53,53,71,71,71,71,71,71,71,71,71],"gold":101,"neow_bonus":"THREE_ENEMY_KILL","is_prod":false,"is_daily":false,"chose_seed":false,"campfire_upgraded":2,"win_rate":0,"timestamp":1550860860,"path_taken":["M","?","?","$","?","E","R","E","T","E","M","M","?","?","R","BOSS","M","?","$","?","?","E","?","R","T","?","M","R","E","M","R","BOSS","M","?","?","?","?","R","$","R","T","M","R","E","?","?","R","BOSS"],"build_version":"2019-01-23","purchased_purges":1,"victory":true,"max_hp_per_floor":[71,71,71,71,71,71,71,71,71,71,71,71,71,71,71,71,71,71,71,71,71,71,71,71,71,71,71,71,71,71,71,71,71,71,71,71,71,71,71,71,71,71,71,71,71,71,71,71,71,71],"card_choices":[{"not_picked":["Redo","Steam Power"],"picked":"Glacier","floor":1.0},{"not_picked":["Sweeping Beam","Scrape"],"picked":"Conserve Battery","floor":6.0},{"not_picked":["Chaos","Barrage"],"picked":"Ball Lightning","floor":8.0},{"not_picked":["Steam","Hologram"],"picked":"Biased Cognition","floor":10.0},{"not_picked":["Streamline","Hologram"],"picked":"Defragment","floor":11.0},{"not_picked":["Gash","Turbo"],"picked":"Ball Lightning","floor":12.0},{"not_picked":["Beam Cell","Gash"],"picked":"Compile Driver","floor":13.0},{"not_picked":["Buffer","Biased Cognition"],"picked":"Seek","floor":16.0},{"not_picked":["Coolheaded+1","Hologram","Leap"],"picked":"SKIP","floor":18.0},{"not_picked":["Genetic Algorithm","Static Discharge"],"picked":"Buffer","floor":23.0},{"not_picked":["Gash","Stack","Streamline"],"picked":"SKIP","floor":24.0},{"not_picked":["BootSequence+1","Leap"],"picked":"Coolheaded+1","floor":28},{"not_picked":["Compile Driver","Sweeping Beam","Double Energy"],"picked":"SKIP","floor":30},{"not_picked":["Leap","Sweeping Beam"],"picked":"Cold Snap","floor":31},{"not_picked":["Electrodynamics","Thunder Strike"],"picked":"Biased Cognition","floor":33},{"not_picked":["Gash","Stack","Rebound+1"],"picked":"SKIP","floor":35},{"not_picked":["Doom and Gloom+1","Darkness","Cold Snap"],"picked":"SKIP","floor":36},{"not_picked":["Heatsinks","Fission","BootSequence"],"picked":"SKIP","floor":39},{"not_picked":["Compile Driver","Sweeping Beam+1","Gash"],"picked":"SKIP","floor":44},{"not_picked":["Barrage","Hello World","Loop"],"picked":"SKIP","floor":46},{"not_picked":["Jack Of All Trades+1","Enlightenment+1"],"picked":"Dark Shackles+1","floor":48}],"player_experience":879350,"relics_obtained":[{"floor":6.0,"key":"Lantern"},{"floor":8.0,"key":"Matryoshka"},{"floor":9.0,"key":"Happy Flower"},{"floor":9.0,"key":"DataDisk"},{"floor":10.0,"key":"PreservedInsect"},{"floor":14.0,"key":"Bag of Marbles"},{"floor":14.0,"key":"Ancient Tea Set"},{"floor":19.0,"key":"Ornamental Fan"},{"floor":23.0,"key":"Dodecahedron"},{"floor":26.0,"key":"FossilizedHelix"},{"floor":30,"key":"Shovel"},{"floor":40,"key":"Darkstone Periapt"},{"floor":43,"key":"Art of War"},{"floor":45,"key":"Dream Catcher"},{"floor":46,"key":"Toxic Egg 2"},{"floor":47,"key":"Torii"},{"floor":49,"key":"Letter Opener"}],"event_choices":[{"damage_healed":0.0,"max_hp_gain":0.0,"max_hp_loss":0.0,"gold_gain":0.0,"event_name":"Living Wall","player_choice":"Grow","floor":2.0,"gold_loss":0.0,"damage_taken":0.0,"cards_upgraded":["Zap"]},{"damage_healed":0.0,"max_hp_gain":0.0,"max_hp_loss":0.0,"gold_gain":150.0,"event_name":"Liars Game","player_choice":"AGREE","floor":3.0,"gold_loss":0.0,"damage_taken":0.0,"cards_obtained":["Doubt"]},{"damage_healed":0.0,"max_hp_gain":0.0,"max_hp_loss":0.0,"gold_gain":0.0,"event_name":"Upgrade Shrine","player_choice":"Upgraded","floor":5.0,"gold_loss":0.0,"damage_taken":0.0,"cards_upgraded":["Apotheosis"]},{"damage_healed":0.0,"max_hp_gain":0.0,"max_hp_loss":0.0,"gold_gain":50.0,"event_name":"Nest","player_choice":"Stole From Cult","floor":21.0,"gold_loss":0.0,"damage_taken":0.0},{"damage_healed":0.0,"max_hp_gain":0.0,"max_hp_loss":0.0,"gold_gain":0.0,"event_name":"Addict","player_choice":"Obtained Relic","floor":22.0,"gold_loss":85.0,"damage_taken":0.0,"relics_obtained":["Tiny Chest"]},{"damage_healed":0.0,"max_hp_gain":0.0,"max_hp_loss":0.0,"gold_gain":0.0,"event_name":"Wheel of Change","player_choice":"Damaged","floor":27.0,"gold_loss":0.0,"damage_taken":10.0},{"cards_removed":["Lockon"],"damage_healed":0,"gold_gain":0,"player_choice":"Removed Attack","damage_taken":0,"max_hp_gain":0,"max_hp_loss":0,"event_name":"Falling","floor":37,"gold_loss":0},{"damage_healed":0,"gold_gain":0,"player_choice":"Upgraded","damage_taken":0,"max_hp_gain":0,"max_hp_loss":0,"event_name":"Upgrade Shrine","floor":38,"gold_loss":0,"cards_upgraded":["Seek"]},{"damage_healed":0,"gold_gain":0,"player_choice":"Fight","damage_taken":0,"max_hp_gain":0,"max_hp_loss":0,"event_name":"Mysterious Sphere","floor":47,"gold_loss":0},{"damage_healed":0,"gold_gain":0,"player_choice":"Memory 1","damage_taken":0,"max_hp_gain":0,"max_hp_loss":0,"event_name":"SensoryStone","floor":48,"gold_loss":0}],"is_beta":false,"boss_relics":[{"not_picked":["Eternal Feather","FrozenCore"],"picked":"Pandora\u0027s Box"},{"not_picked":["Inserter","Astrolabe"],"picked":"Philosopher\u0027s Stone"}],"items_purged_floors":[20],"is_endless":false,"potions_floor_spawned":[8,13,30,31,33,35,47],"ascension_level":19}