{"gold_per_floor":[113,113,288,367,442,470,481,516,516,516,549,567,567,38,38,134,134,145,145,162,162,181,214,214,139,162,162,181,196,206,236,236,332,332,344,356,367,379,396,431,431,456,480,480,500,154,167,197,197,197,197,197,24,56,56],"floor_reached":56,"playtime":4161,"items_purged":["Strike_G","Strike_G+1","Strike_G+1"],"score":1608,"play_id":"d367b65d-0bfc-46eb-be03-441be5f3bb4b","local_time":"20190209032222","is_ascension_mode":true,"campfire_choices":[{"data":"Envenom","floor":13,"key":"SMITH"},{"data":"Well Laid Plans","floor":15,"key":"SMITH"},{"data":"After Image","floor":32,"key":"SMITH"},{"data":"Malaise","floor":41,"key":"SMITH"},{"floor":44,"key":"RECALL"},{"data":"Footwork","floor":49,"key":"SMITH"},{"data":"Venomology","floor":52,"key":"SMITH"}],"neow_cost":"NONE","seed_source_timestamp":4719607189274306,"circlet_count":0,"master_deck":["Defend_G+1","Defend_G+1","Defend_G+1","Defend_G+1","Defend_G+1","Strike_G+1","Survivor","Neutralize","Backstab","Infinite Blades+1","Masterful Stab","Choke","Envenom+1","PiercingWail","Well Laid Plans+1","Backflip","Bane","Malaise+1","Cloak And Dagger+1","Cloak And Dagger+1","Leg Sweep","Dagger Spray","Blur","Accuracy","Backstab","Escape Plan","After Image+1","Venomology+1","Terror","Heel Hook+1","Backstab+1","Footwork+1","Cloak And Dagger+1","Leg Sweep","Discovery","Footwork+1","Sucker Punch+1"],"relics":["Ring of the Snake","NeowsBlessing","Omamori","Pear","Du-Vu Doll","Bag of Marbles","Question Card","Bag of Preparation","Blood Vial","Coffee Dripper","Vajra","Nilry\u0027s Codex","Regal Pillow","Singing Bowl","Philosopher\u0027s Stone","Anchor","PreservedInsect","Lantern","Oddly Smooth Stone","Boot","Gremlin Horn"],"potions_floor_usage":[8,20,33,36,37,48,50,55,55,55,55,55,55],"damage_taken":[{"damage":0,"enemies":"2 Louse","floor":1,"turns":1},{"damage":0,"enemies":"3 Sentries","floor":6,"turns":1},{"damage":0,"enemies":"Jaw Worm","floor":7,"turns":1},{"damage":13,"enemies":"Gremlin Nob","floor":8,"turns":5},{"damage":14,"enemies":"3 Sentries","floor":11,"turns":8},{"damage":0,"enemies":"Small Slimes","floor":12,"turns":1},{"damage":0,"enemies":"Hexaghost","floor":16,"turns":9},{"damage":3,"enemies":"2 Thieves","floor":18,"turns":2},{"damage":0,"enemies":"Spheric Guardian","floor":20,"turns":3},{"damage":5,"enemies":"Snake Plant","floor":22,"turns":3},{"damage":7,"enemies":"Gremlin Leader","floor":23,"turns":6},{"damage":0,"enemies":"Snecko","floor":28,"turns":3},{"damage":0,"enemies":"Centurion and Healer","floor":29,"turns":4},{"damage":0,"enemies":"Snake Plant","floor":30,"turns":2},{"damage":0,"enemies":"Book of Stabbing","floor":31,"turns":4},{"damage":0,"enemies":"Champ","floor":33,"turns":11},{"damage":2,"enemies":"3 Darklings","floor":35,"turns":6},{"damage":3,"enemies":"Orb Walker","floor":36,"turns":3},{"damage":0,"enemies":"Maw","floor":37,"turns":7},{"damage":0,"enemies":"3 Darklings","floor":38,"turns":4},{"damage":0,"enemies":"Spire Growth","floor":39,"turns":5},{"damage":0,"enemies":"Nemesis","floor":40,"turns":5},{"damage":0,"enemies":"Giant Head","floor":42,"turns":8},{"damage":2,"enemies":"Maw","floor":45,"turns":8},{"damage":0,"enemies":"Sphere and 2 Shapes","floor":47,"turns":4},{"damage":0,"enemies":"Nemesis","floor":48,"turns":5},{"damage":30,"enemies":"Awakened One","floor":50,"turns":14},{"damage":0,"enemies":"Shield and Spear","floor":54,"turns":7},{"damage":25,"enemies":"The Heart","floor":55,"turns":11}],"seed_played":"9173965845114922428","potions_obtained":[{"floor":1,"key":"Ancient Potion"},{"floor":6,"key":"Block Potion"},{"floor":11,"key":"Block Potion"},{"floor":12,"key":"Ancient Potion"},{"floor":22,"key":"Dexterity Potion"},{"floor":40,"key":"GhostInAJar"},{"floor":54,"key":"LiquidBronze"}],"is_trial":false,"path_per_floor":["M","?","?","T","?","E","M","E","T","?","E","M","R","$","R","B",null,"M","?","M","?","M","E","?","?","T","?","M","M","M","E","R","B",null,"M","M","M","M","M","E","R","E","T","R","M","$","M","E","R","B",null,"R","$","E","B",null],"character_chosen":"THE_SILENT","items_purchased":["Well Laid Plans","Backflip","Bag of Preparation","Blood Vial","Bane","Oddly Smooth Stone","Discovery","PowerPotion"],"campfire_rested":0,"item_purchase_floors":[14,14,14,14,14,46,46,53],"current_hp_per_floor":[70,58,58,68,57,57,57,44,44,44,30,30,30,30,30,32,80,77,77,79,79,75,70,54,54,54,54,56,58,60,62,62,64,80,78,77,79,82,82,84,84,84,84,84,82,82,84,84,84,54,84,84,84,86,61],"gold":56,"neow_bonus":"THREE_ENEMY_KILL","is_prod":false,"is_daily":false,"chose_seed":false,"campfire_upgraded":6,"win_rate":0,"timestamp":1549700542,"path_taken":["M","?","?","?","?","E","M","E","T","?","E","M","R","$","R","BOSS","M","?","?","?","M","E","?","?","T","?","M","M","M","E","R","BOSS","M","?","M","M","?","E","R","E","T","R","M","$","M","E","R","BOSS","R","$","E","BOSS"],"build_version":"2019-02-06","purchased_purges":3,"victory":true,"max_hp_per_floor":[70,70,70,80,80,80,80,80,80,80,80,80,80,80,80,80,80,80,80,80,80,80,80,80,80,80,80,80,80,80,80,80,80,80,80,80,80,82,82,84,84,84,84,84,84,84,84,84,84,84,84,84,84,86,86],"card_choices":[{"not_picked":["Calculated Gamble","Finisher"],"picked":"Backstab","floor":1},{"not_picked":["Distraction","Blur"],"picked":"Infinite Blades","floor":6},{"not_picked":["Outmaneuver","Bouncing Flask"],"picked":"Masterful Stab","floor":7},{"not_picked":["Skewer","Blade Dance"],"picked":"Choke","floor":8},{"not_picked":["Poisoned Stab","Heel Hook"],"picked":"Envenom","floor":11},{"not_picked":["Blade Dance","Bane","Underhanded Strike"],"picked":"PiercingWail","floor":12},{"not_picked":["Grand Finale","Envenom","Die Die Die"],"picked":"Malaise","floor":16},{"not_picked":["Poisoned Stab","PiercingWail+1","Acrobatics"],"picked":"Cloak And Dagger+1","floor":18},{"not_picked":["Wraith Form v2","Concentrate","Flying Knee+1"],"picked":"Leg Sweep","floor":20},{"not_picked":["Flying Knee","Bane","Finisher"],"picked":"Dagger Spray","floor":22},{"not_picked":["Cloak And Dagger","Riddle With Holes","Skewer"],"picked":"Blur","floor":23},{"not_picked":["Flying Knee","Bouncing Flask","Dodge and Roll"],"picked":"Accuracy","floor":28},{"not_picked":["Well Laid Plans+1","Blade Dance","Eviscerate"],"picked":"Backstab","floor":29},{"not_picked":["Slice","Expertise+1","Noxious Fumes"],"picked":"Escape Plan","floor":30},{"not_picked":["Acrobatics","Glass Knife","Dagger Throw"],"picked":"After Image","floor":31},{"not_picked":["Night Terror","Storm of Steel","Wraith Form v2"],"picked":"Venomology","floor":33},{"not_picked":["Dodge and Roll","Acrobatics","PiercingWail+1"],"picked":"Terror","floor":35},{"not_picked":["Dagger Spray","Dash","Masterful Stab"],"picked":"Heel Hook+1","floor":36},{"not_picked":["Cloak And Dagger","Outmaneuver+1","Die Die Die"],"picked":"Backstab+1","floor":37},{"not_picked":["Underhanded Strike+1","Accuracy+1","Acrobatics","Outmaneuver"],"picked":"Singing Bowl","floor":38},{"not_picked":["Dagger Throw","Poisoned Stab","Backstab+1"],"picked":"Footwork+1","floor":39},{"not_picked":["Prepared","Backstab+1","Caltrops","Dagger Spray"],"picked":"Singing Bowl","floor":40},{"not_picked":["Bane","Dodge and Roll+1","Phantasmal Killer"],"picked":"Cloak And Dagger+1","floor":42},{"not_picked":["Bane+1","Outmaneuver+1","Dagger Throw+1"],"picked":"Leg Sweep","floor":45},{"not_picked":["Prepared","Poisoned Stab","Outmaneuver"],"picked":"Footwork","floor":47},{"not_picked":["Tactician+1","Blade Dance+1","Outmaneuver+1"],"picked":"Sucker Punch+1","floor":48},{"not_picked":["Dagger Spray","All Out Attack","Riddle With Holes","Quick Slash"],"picked":"Singing Bowl","floor":54}],"player_experience":4426778,"relics_obtained":[{"floor":4,"key":"Pear"},{"floor":6,"key":"Du-Vu Doll"},{"floor":8,"key":"Bag of Marbles"},{"floor":11,"key":"Question Card"},{"floor":23,"key":"Vajra"},{"floor":24,"key":"Nilry\u0027s Codex"},{"floor":26,"key":"Regal Pillow"},{"floor":31,"key":"Singing Bowl"},{"floor":40,"key":"Anchor"},{"floor":42,"key":"PreservedInsect"},{"floor":43,"key":"Lantern"},{"floor":48,"key":"Boot"},{"floor":54,"key":"Gremlin Horn"}],"event_choices":[{"damage_healed":0,"gold_gain":0,"player_choice":"Success","damage_taken":12,"relics_obtained":["Omamori"],"max_hp_gain":0,"max_hp_loss":0,"event_name":"Scrap Ooze","floor":2,"gold_loss":0},{"damage_healed":0,"gold_gain":175,"player_choice":"AGREE","damage_taken":0,"max_hp_gain":0,"max_hp_loss":0,"event_name":"Liars Game","floor":3,"gold_loss":0,"cards_obtained":["Doubt"]},{"damage_healed":0,"gold_gain":75,"player_choice":"Gather Gold","damage_taken":11,"max_hp_gain":0,"max_hp_loss":0,"event_name":"World of Goop","floor":5,"gold_loss":0},{"damage_healed":0,"gold_gain":0,"player_choice":"Grow","damage_taken":0,"max_hp_gain":0,"max_hp_loss":0,"event_name":"Living Wall","floor":10,"gold_loss":0,"cards_upgraded":["Infinite Blades"]},{"damage_healed":0,"gold_gain":0,"player_choice":"Copied","damage_taken":0,"max_hp_gain":0,"max_hp_loss":0,"event_name":"Duplicator","floor":19,"gold_loss":0,"cards_obtained":["Cloak And Dagger"]},{"damage_healed":0,"gold_gain":0,"player_choice":"Simplicity","damage_taken":0,"max_hp_gain":0,"max_hp_loss":0,"event_name":"Back to Basics","floor":21,"gold_loss":0,"cards_upgraded":["Defend_G","Defend_G","Defend_G","Defend_G","Defend_G","Strike_G","Strike_G","Strike_G","Strike_G"]},{"damage_healed":0,"gold_gain":0,"player_choice":"Obtained Book","damage_taken":16,"max_hp_gain":0,"max_hp_loss":0,"event_name":"Cursed Tome","floor":24,"gold_loss":0},{"cards_removed":["Strike_G"],"damage_healed":0,"gold_gain":0,"player_choice":"Gave Gold","damage_taken":0,"max_hp_gain":0,"max_hp_loss":0,"event_name":"Beggar","floor":25,"gold_loss":75},{"damage_healed":0,"gold_gain":0,"player_choice":"Got Potions","damage_taken":0,"max_hp_gain":0,"max_hp_loss":0,"event_name":"Lab","floor":27,"gold_loss":0}],"is_beta":true,"boss_relics":[{"not_picked":["Runic Pyramid","Black Star"],"picked":"Coffee Dripper"},{"not_picked":["Sozu","Fusion Hammer"],"picked":"Philosopher\u0027s Stone"}],"items_purged_floors":[14,46,53],"is_endless":false,"potions_floor_spawned":[1,6,11,12,22,23,29,31,36,37,38,40,42,54],"ascension_level":1}