{"gold_per_floor":[361,374,386,403,64,94,94,123,149,149,163,177,204,204,204,204],"floor_reached":16,"playtime":493,"items_purged":["Regret"],"score":244,"play_id":"e6d4a856-79ba-4ddd-a5d3-4316dcc8feb4","local_time":"20190222210221","is_ascension_mode":true,"campfire_choices":[{"floor":7,"key":"REST"},{"floor":10,"key":"REST"},{"floor":15,"key":"REST"}],"neow_cost":"CURSE","seed_source_timestamp":24470940408000,"circlet_count":0,"master_deck":["AscendersBane","Strike_B","Strike_B","Strike_B","Strike_B","Defend_B","Defend_B","Defend_B","Defend_B","Zap","Dualcast","Conserve Battery","Darkness","Compile Driver","Consume+1","Conserve Battery"],"relics":["Cracked Core","Bronze Scales","Frozen Egg 2","Regal Pillow","DataDisk","Art of War"],"potions_floor_usage":[4,8,13],"damage_taken":[{"damage":5,"enemies":"Cultist","floor":1,"turns":4},{"damage":9,"enemies":"2 Louse","floor":2,"turns":3},{"damage":2,"enemies":"Jaw Worm","floor":3,"turns":4},{"damage":2,"enemies":"2 Fungi Beasts","floor":4,"turns":4},{"damage":23,"enemies":"Lagavulin","floor":6,"turns":6},{"damage":40,"enemies":"Gremlin Nob","floor":8,"turns":4},{"damage":5,"enemies":"3 Louse","floor":11,"turns":3},{"damage":22,"enemies":"Exordium Thugs","floor":12,"turns":4},{"damage":8,"enemies":"Lagavulin","floor":13,"turns":6},{"damage":41,"enemies":"Slime Boss","floor":16,"turns":6}],"seed_played":"8526683659670487298","potions_obtained":[{"floor":1,"key":"Block Potion"},{"floor":4,"key":"PowerPotion"},{"floor":12,"key":"FearPotion"}],"is_trial":false,"path_per_floor":["M","M","M","M","$","E","R","E","T","R","M","M","E","?","R","B"],"character_chosen":"DEFECT","items_purchased":["Compile Driver","Bronze Scales","Explosive Potion"],"campfire_rested":3,"item_purchase_floors":[5,5,5],"current_hp_per_floor":[59,50,48,46,46,23,44,4,4,40,35,13,5,5,41,0],"gold":204,"neow_bonus":"TWO_FIFTY_GOLD","is_prod":false,"is_daily":false,"chose_seed":false,"campfire_upgraded":0,"win_rate":0,"timestamp":1550862141,"path_taken":["M","?","M","M","$","E","R","E","T","R","M","M","E","?","R","BOSS"],"build_version":"2019-01-23","purchased_purges":1,"victory":false,"max_hp_per_floor":[71,71,71,71,71,71,71,71,71,71,71,71,71,71,71,71],"card_choices":[{"not_picked":["Tempest","Darkness"],"picked":"Conserve Battery","floor":1},{"not_picked":["Hello World","Leap","Aggregate"],"picked":"SKIP","floor":2},{"not_picked":["Gash","Lockon"],"picked":"Darkness","floor":3},{"not_picked":["Gash","Chaos","Stack"],"picked":"SKIP","floor":4},{"not_picked":["Leap","Skim","Hologram"],"picked":"SKIP","floor":6},{"not_picked":["Rip and Tear","Genetic Algorithm"],"picked":"Consume","floor":8},{"not_picked":["Darkness","Redo"],"picked":"Conserve Battery","floor":11},{"not_picked":["Hologram","Rebound","Compile Driver"],"picked":"SKIP","floor":12},{"not_picked":["Redo","Recycle","Meteor Strike"],"picked":"SKIP","floor":13}],"player_experience":881802,"relics_obtained":[{"floor":6,"key":"Frozen Egg 2"},{"floor":8,"key":"Regal Pillow"},{"floor":9,"key":"DataDisk"},{"floor":13,"key":"Art of War"}],"event_choices":[{"damage_healed":0,"gold_gain":0,"player_choice":"Grow","damage_taken":0,"max_hp_gain":0,"max_hp_loss":0,"event_name":"Living Wall","floor":14,"gold_loss":0,"cards_upgraded":["Consume"]}],"is_beta":false,"boss_relics":[],"items_purged_floors":[5],"is_endless":false,"potions_floor_spawned":[1,4,6,12],"killed_by":"Slime Boss","ascension_level":20}