{"gold_per_floor":[119,119,136,136,150,180,191,191,191,191,191,211,244,47,47,146,146,158,83,83,96,108,108,142,142,167,200,200,200,275,285,285,389,389,401,421,437,457,236,271,271,271,271,306,306,332,342,360,360,360,360,360,3,29,29],"floor_reached":56,"playtime":4715,"items_purged":["Strike_G","Strike_G","Strike_G"],"score":1572,"play_id":"9867a0c5-6a5f-4092-b036-d605f16a934e","local_time":"20190129192129","is_ascension_mode":true,"campfire_choices":[{"data":"Bouncing Flask","floor":8,"key":"SMITH"},{"data":"Crippling Poison","floor":11,"key":"SMITH"},{"data":"Noxious Fumes","floor":15,"key":"SMITH"},{"data":"Well Laid Plans","floor":23,"key":"SMITH"},{"data":"Burst","floor":25,"key":"SMITH"},{"data":"Footwork","floor":32,"key":"SMITH"},{"data":"Catalyst","floor":45,"key":"SMITH"},{"floor":49,"key":"RECALL"},{"data":"Footwork","floor":52,"key":"SMITH"}],"neow_cost":"NONE","seed_source_timestamp":3826343790638283,"circlet_count":0,"master_deck":["Defend_G","Defend_G","Defend_G","Strike_G","Survivor","Neutralize+1","Backflip","Dodge and Roll","Bouncing Flask+1","Crippling Poison+1","Leg Sweep","Noxious Fumes+1","Bane","Well Laid Plans+1","Deflect","Masterful Stab","Burst+1","Leg Sweep","Footwork+1","Deadly Poison","Predator+1","Catalyst+1","All Out Attack+1","Malaise+1","Catalyst+1","PiercingWail+1","Blur+1","Setup+1","Footwork+1","Dodge and Roll+1","Cloak And Dagger+1","Deep Breath+1","Deep Breath+1","Finesse+1","Burst+1","Corpse Explosion+1","Concentrate+1","Backflip+1","Well Laid Plans","Cloak And Dagger+1","Adrenaline+1"],"relics":["Ring of the Snake","Orichalcum","Bronze Scales","Shuriken","Philosopher\u0027s Stone","Molten Egg 2","Vajra","Kunai","Toxic Egg 2","Lizard Tail","Bottled Lightning","Pantograph","Ice Cream","Lantern","Paper Crane"],"potions_floor_usage":[7,16,24,24,27,37,37,37,37,40,55,55,55],"damage_taken":[{"damage":0,"enemies":"Cultist","floor":1,"turns":3},{"damage":0,"enemies":"2 Louse","floor":3,"turns":3},{"damage":1,"enemies":"Small Slimes","floor":5,"turns":4},{"damage":10,"enemies":"Lagavulin","floor":6,"turns":7},{"damage":5,"enemies":"Exordium Thugs","floor":7,"turns":5},{"damage":0,"enemies":"Lots of Slimes","floor":12,"turns":3},{"damage":10,"enemies":"Gremlin Nob","floor":13,"turns":4},{"damage":16,"enemies":"Slime Boss","floor":16,"turns":7},{"damage":0,"enemies":"Chosen","floor":18,"turns":4},{"damage":2,"enemies":"Shell Parasite","floor":21,"turns":4},{"damage":0,"enemies":"Cultist and Chosen","floor":22,"turns":7},{"damage":10,"enemies":"Slavers","floor":24,"turns":5},{"damage":2,"enemies":"Gremlin Leader","floor":27,"turns":6},{"damage":12,"enemies":"Snake Plant","floor":31,"turns":3},{"damage":0,"enemies":"Automaton","floor":33,"turns":11},{"damage":0,"enemies":"Orb Walker","floor":35,"turns":4},{"damage":0,"enemies":"3 Shapes","floor":36,"turns":5},{"damage":7,"enemies":"Spire Growth","floor":37,"turns":5},{"damage":3,"enemies":"Writhing Mass","floor":38,"turns":6},{"damage":4,"enemies":"Reptomancer","floor":40,"turns":4},{"damage":0,"enemies":"Giant Head","floor":44,"turns":4},{"damage":15,"enemies":"Reptomancer","floor":46,"turns":6},{"damage":5,"enemies":"Transient","floor":47,"turns":5},{"damage":0,"enemies":"4 Shapes","floor":48,"turns":3},{"damage":0,"enemies":"Awakened One","floor":50,"turns":16},{"damage":0,"enemies":"Shield and Spear","floor":54,"turns":6},{"damage":0,"enemies":"The Heart","floor":55,"turns":8}],"seed_played":"6065898317788389574","potions_obtained":[{"floor":3,"key":"Explosive Potion"},{"floor":6,"key":"Strength Potion"},{"floor":13,"key":"SteroidPotion"},{"floor":16,"key":"SkillPotion"},{"floor":22,"key":"Swift Potion"},{"floor":24,"key":"Block Potion"},{"floor":31,"key":"EntropicBrew"},{"floor":35,"key":"SteroidPotion"},{"floor":38,"key":"EssenceOfSteel"},{"floor":40,"key":"EssenceOfSteel"}],"is_trial":false,"path_per_floor":["M","?","M","?","M","E","M","R","T","?","R","M","E","$","R","B",null,"M","$","$","M","M","R","E","R","T","E","T","?","?","M","R","B",null,"M","M","M","M","$","E","?","?","T","E","R","E","M","M","R","B",null,"R","$","E","B",null],"character_chosen":"THE_SILENT","items_purchased":["Well Laid Plans","Deflect","Masterful Stab","Footwork","Dodge and Roll+1","Lantern","Well Laid Plans","Cloak And Dagger+1"],"campfire_rested":0,"item_purchase_floors":[14,14,14,39,39,53,53,53],"current_hp_per_floor":[70,63,63,63,62,52,47,47,47,47,47,47,37,37,37,21,70,70,70,70,68,68,68,58,58,58,56,56,43,36,24,24,24,75,75,75,68,65,65,61,51,51,51,51,51,36,31,31,31,56,75,75,75,75,75],"gold":29,"neow_bonus":"REMOVE_CARD","is_prod":false,"is_daily":false,"chose_seed":false,"campfire_upgraded":8,"win_rate":0,"timestamp":1548807689,"path_taken":["M","?","M","?","?","E","M","R","T","?","R","M","E","?","R","BOSS","M","?","$","M","?","R","E","R","T","E","?","?","?","M","R","BOSS","M","M","?","M","$","E","?","?","T","E","R","E","M","?","R","BOSS","R","$","E","BOSS"],"build_version":"2019-01-23","purchased_purges":3,"victory":true,"max_hp_per_floor":[70,70,70,70,70,70,70,70,70,70,70,70,70,70,70,70,70,70,70,70,70,70,70,70,70,70,70,70,75,75,75,75,75,75,75,75,75,75,75,75,75,75,75,75,75,75,75,75,75,75,75,75,75,75,75],"card_choices":[{"not_picked":["Blade Dance","Dodge and Roll"],"picked":"Backflip","floor":1},{"not_picked":["Slice","Outmaneuver"],"picked":"Dodge and Roll","floor":3},{"not_picked":["Heel Hook","Outmaneuver"],"picked":"Bouncing Flask","floor":5},{"not_picked":["Venomology","Slice"],"picked":"Crippling Poison","floor":6},{"not_picked":["Expertise","Bane"],"picked":"Leg Sweep","floor":7},{"not_picked":["Backstab","Escape Plan"],"picked":"Noxious Fumes","floor":12},{"not_picked":["Prepared","Riddle With Holes"],"picked":"Bane","floor":13},{"not_picked":["Die Die Die","Storm of Steel"],"picked":"Burst","floor":16},{"not_picked":["Backflip","Underhanded Strike"],"picked":"Leg Sweep","floor":18},{"not_picked":["Blade Dance+1","Terror"],"picked":"Footwork","floor":21},{"not_picked":["Flying Knee","Dagger Spray"],"picked":"Deadly Poison","floor":22},{"not_picked":["Well Laid Plans","Choke"],"picked":"Predator+1","floor":24},{"not_picked":["Reflex+1","Expertise+1"],"picked":"Catalyst","floor":27},{"not_picked":["Expertise+1","Caltrops"],"picked":"All Out Attack+1","floor":31},{"not_picked":["After Image","Die Die Die+1"],"picked":"Malaise+1","floor":33},{"not_picked":["Setup+1","Skewer+1"],"picked":"Catalyst+1","floor":35},{"not_picked":["Dagger Spray+1","Blade Dance+1"],"picked":"PiercingWail+1","floor":36},{"not_picked":["Noxious Fumes+1","Dodge and Roll+1"],"picked":"Blur+1","floor":37},{"not_picked":["Accuracy+1","Deadly Poison+1"],"picked":"Setup+1","floor":38},{"not_picked":["Venomology+1","PiercingWail+1"],"picked":"Cloak And Dagger+1","floor":40},{"not_picked":["Good Instincts+1","Madness+1"],"picked":"Deep Breath+1","floor":41},{"not_picked":["Dark Shackles+1","PanicButton+1"],"picked":"Deep Breath+1","floor":41},{"not_picked":["Magnetism","Enlightenment+1"],"picked":"Finesse+1","floor":41},{"not_picked":["Bane+1","Underhanded Strike+1","Accuracy+1"],"picked":"SKIP","floor":44},{"not_picked":["Quick Slash+1","Dodge and Roll+1"],"picked":"Corpse Explosion+1","floor":46},{"not_picked":["Predator+1","Catalyst+1"],"picked":"Concentrate+1","floor":47},{"not_picked":["Deadly Poison+1","Slice+1"],"picked":"Backflip+1","floor":48},{"not_picked":["Prepared+1","Backstab+1"],"picked":"Adrenaline+1","floor":54}],"player_experience":4260944,"relics_obtained":[{"floor":6,"key":"Orichalcum"},{"floor":9,"key":"Bronze Scales"},{"floor":13,"key":"Shuriken"},{"floor":24,"key":"Molten Egg 2"},{"floor":26,"key":"Vajra"},{"floor":27,"key":"Kunai"},{"floor":28,"key":"Toxic Egg 2"},{"floor":40,"key":"Bottled Lightning"},{"floor":44,"key":"Pantograph"},{"floor":46,"key":"Ice Cream"},{"floor":54,"key":"Paper Crane"}],"event_choices":[{"cards_removed":["Defend_G"],"damage_healed":0,"gold_gain":0,"player_choice":"Card Removal","damage_taken":7,"max_hp_gain":0,"max_hp_loss":0,"event_name":"Golden Wing","floor":2,"gold_loss":0},{"damage_healed":0,"gold_gain":0,"player_choice":"Upgraded","damage_taken":0,"max_hp_gain":0,"max_hp_loss":0,"event_name":"Upgrade Shrine","floor":4,"gold_loss":0,"cards_upgraded":["Neutralize"]},{"cards_removed":["Strike_G"],"damage_healed":0,"gold_gain":0,"player_choice":"Purged","damage_taken":0,"max_hp_gain":0,"max_hp_loss":0,"event_name":"Purifier","floor":10,"gold_loss":0},{"damage_healed":0,"gold_gain":0,"player_choice":"Shed Blood","damage_taken":18,"max_hp_gain":5,"max_hp_loss":0,"event_name":"Forgotten Altar","floor":29,"gold_loss":0},{"damage_healed":0,"gold_gain":75,"player_choice":"Touch","damage_taken":7,"max_hp_gain":0,"max_hp_loss":0,"event_name":"FaceTrader","floor":30,"gold_loss":0},{"damage_healed":0,"gold_gain":0,"player_choice":"Memory 3","damage_taken":10,"max_hp_gain":0,"max_hp_loss":0,"event_name":"SensoryStone","floor":41,"gold_loss":0},{"damage_healed":0,"gold_gain":0,"player_choice":"Copied","damage_taken":0,"max_hp_gain":0,"max_hp_loss":0,"event_name":"Duplicator","floor":42,"gold_loss":0,"cards_obtained":["Burst"]}],"is_beta":true,"boss_relics":[{"not_picked":["Calling Bell","Runic Pyramid"],"picked":"Philosopher\u0027s Stone"},{"not_picked":["Orrery","Eternal Feather"],"picked":"Lizard Tail"}],"items_purged_floors":[19,39,53],"is_endless":false,"potions_floor_spawned":[3,6,13,16,22,24,31,35,38,40,47],"ascension_level":1}