{"gold_per_floor":[14,27,41,60,71,71,81,81,81,91,91,111,111,144,144,241,241,258,258,24,36,53,53,65,90,90,90,109,137,154,168,168,268,268,282,298,298,312,325,325],"floor_reached":40,"playtime":3404,"items_purged":[],"score":539,"play_id":"fcddc77f-7ec8-4505-a5c2-e1e07e53d229","local_time":"20190108002829","is_ascension_mode":true,"campfire_choices":[{"data":"Consume","floor":6,"key":"SMITH"},{"data":"Darkness","floor":8,"key":"SMITH"},{"data":"Zap","floor":11,"key":"SMITH"},{"floor":13,"key":"REST"},{"data":"Hologram","floor":15,"key":"SMITH"},{"floor":23,"key":"REST"},{"data":"Biased Cognition","floor":27,"key":"SMITH"},{"data":"Capacitor","floor":32,"key":"SMITH"}],"neow_cost":"NO_GOLD","seed_source_timestamp":1945588787782187,"circlet_count":0,"master_deck":["Strike_B","Defend_B","Defend_B","Defend_B","Defend_B","Zap+1","Dualcast+1","Finesse","Panacea","Darkness+1","Ball Lightning","Hologram+1","Consume+1","Leap+1","Cold Snap","Undo","Coolheaded","Auto Shields","Biased Cognition+1","Creative AI+1","Gash+1","Meteor Strike+1","Steam+1","Darkness+1","Coolheaded","Sweeping Beam+1","Turbo+1","Capacitor+1","Conserve Battery","Redo","Multi-Cast","Force Field","Stack+1","Doom and Gloom+1"],"relics":["Cracked Core","The Courier","Dream Catcher","Astrolabe","Art of War","War Paint","Happy Flower","Bottled Tornado","Turnip","Cursed Key"],"potions_floor_usage":[16,18,21,22,24,25,25,25,39,40],"damage_taken":[{"damage":1,"enemies":"Small Slimes","floor":1,"turns":3},{"damage":0,"enemies":"Cultist","floor":2,"turns":3},{"damage":1,"enemies":"Jaw Worm","floor":3,"turns":3},{"damage":16,"enemies":"Exordium Thugs","floor":4,"turns":4},{"damage":16,"enemies":"Lots of Slimes","floor":5,"turns":4},{"damage":3,"enemies":"Looter","floor":7,"turns":3},{"damage":4,"enemies":"Exordium Wildlife","floor":10,"turns":3},{"damage":9,"enemies":"Exordium Thugs","floor":12,"turns":4},{"damage":13,"enemies":"3 Sentries","floor":14,"turns":10},{"damage":0,"enemies":"Slime Boss","floor":16,"turns":6},{"damage":10,"enemies":"Chosen","floor":18,"turns":5},{"damage":13,"enemies":"2 Thieves","floor":21,"turns":4},{"damage":3,"enemies":"Snecko","floor":22,"turns":4},{"damage":0,"enemies":"3 Cultists","floor":24,"turns":4},{"damage":14,"enemies":"Gremlin Leader","floor":25,"turns":9},{"damage":3,"enemies":"Sentry and Sphere","floor":28,"turns":11},{"damage":17,"enemies":"Slavers","floor":29,"turns":9},{"damage":6,"enemies":"Snake Plant","floor":30,"turns":5},{"damage":16,"enemies":"3 Cultists","floor":31,"turns":4},{"damage":9,"enemies":"Champ","floor":33,"turns":14},{"damage":0,"enemies":"3 Shapes","floor":35,"turns":5},{"damage":11,"enemies":"Orb Walker","floor":36,"turns":6},{"damage":28,"enemies":"Jaw Worm Horde","floor":38,"turns":6},{"damage":17,"enemies":"Transient","floor":39,"turns":5},{"damage":20,"enemies":"Reptomancer","floor":40,"turns":2}],"seed_played":"4428618528926573507","potions_obtained":[{"floor":1,"key":"Swift Potion"},{"floor":4,"key":"Dexterity Potion"},{"floor":5,"key":"Dexterity Potion"},{"floor":16,"key":"SkillPotion"},{"floor":18,"key":"Ancient Potion"},{"floor":21,"key":"GamblersBrew"},{"floor":22,"key":"Poison Potion"},{"floor":24,"key":"Regen Potion"},{"floor":31,"key":"Dexterity Potion"},{"floor":35,"key":"Ancient Potion"},{"floor":38,"key":"Poison Potion"}],"is_trial":false,"path_per_floor":["M","M","M","M","M","R","M","R","T","M","R","M","R","E","R","B",null,"M","?","$","M","M","R","M","E","T","R","M","E","M","M","R","B",null,"M","M","?","M","M","E"],"character_chosen":"DEFECT","items_purchased":["Art of War","War Paint"],"campfire_rested":2,"item_purchase_floors":[20,20],"current_hp_per_floor":[74,74,73,57,41,41,38,38,38,34,34,25,47,34,34,34,75,65,65,65,52,49,71,71,71,71,71,68,51,45,29,29,20,75,75,64,64,36,19,0],"gold":325,"neow_bonus":"RANDOM_COLORLESS_2","is_prod":false,"is_daily":false,"chose_seed":false,"campfire_upgraded":6,"win_rate":0,"timestamp":1546925309,"path_taken":["M","M","M","M","M","R","M","R","T","M","R","M","R","E","R","BOSS","M","?","$","M","?","R","M","E","T","R","M","E","M","M","R","BOSS","M","M","?","M","M","E"],"build_version":"2019-01-03v4","purchased_purges":0,"victory":false,"max_hp_per_floor":[75,75,75,75,75,75,75,75,75,75,75,75,75,75,75,75,75,75,75,75,75,75,75,75,75,75,75,75,75,75,75,75,75,75,75,75,71,71,71,71],"card_choices":[{"not_picked":["Redo","Gash"],"picked":"Darkness","floor":1},{"not_picked":["Stack","Barrage"],"picked":"Ball Lightning","floor":2},{"not_picked":["Turbo","Beam Cell"],"picked":"Hologram","floor":3},{"not_picked":["Streamline","Steam Power"],"picked":"Consume","floor":4},{"not_picked":["Stack","Gash"],"picked":"Leap","floor":5},{"not_picked":["Barrage","Machine Learning"],"picked":"Cold Snap","floor":7},{"not_picked":["Force Field","Sweeping Beam"],"picked":"Undo","floor":10},{"not_picked":["Self Repair","Blizzard"],"picked":"Coolheaded","floor":12},{"not_picked":["Reboot","Turbo"],"picked":"Auto Shields","floor":14},{"not_picked":["Machine Learning","Fission"],"picked":"Biased Cognition","floor":16},{"not_picked":["Cold Snap+1","Reinforced Body"],"picked":"Steam+1","floor":18},{"not_picked":["Storm","Consume"],"picked":"Coolheaded","floor":21},{"not_picked":["Steam","Heatsinks"],"picked":"Sweeping Beam+1","floor":22},{"not_picked":["Lockon","Sweeping Beam","Tempest"],"picked":"SKIP","floor":24},{"not_picked":["Sweeping Beam","Cold Snap+1"],"picked":"Turbo+1","floor":25},{"not_picked":["Reboot","Steam"],"picked":"Capacitor","floor":28},{"not_picked":["Sweeping Beam","Rebound","Hologram"],"picked":"SKIP","floor":29},{"not_picked":["Lockon+1","Streamline"],"picked":"Conserve Battery","floor":30},{"not_picked":["Aggregate","Skim"],"picked":"Redo","floor":31},{"not_picked":["Machine Learning","Creative AI"],"picked":"Multi-Cast","floor":33},{"not_picked":["Barrage","White Noise"],"picked":"Force Field","floor":35},{"not_picked":["Rebound+1","Cold Snap+1"],"picked":"Stack+1","floor":36},{"not_picked":["Streamline+1","Conserve Battery+1"],"picked":"Doom and Gloom+1","floor":38},{"not_picked":["Streamline","Fusion+1","Lockon"],"picked":"SKIP","floor":39}],"player_experience":4009677,"relics_obtained":[{"floor":9,"key":"The Courier"},{"floor":14,"key":"Dream Catcher"},{"floor":25,"key":"Happy Flower"},{"floor":26,"key":"Bottled Tornado"},{"floor":29,"key":"Turnip"}],"event_choices":[{"damage_healed":0,"gold_gain":0,"player_choice":"Copied","damage_taken":0,"max_hp_gain":0,"max_hp_loss":0,"event_name":"Duplicator","floor":19,"gold_loss":0,"cards_obtained":["Darkness"]},{"damage_healed":0,"gold_gain":0,"player_choice":"Max HP","damage_taken":0,"max_hp_gain":0,"max_hp_loss":4,"event_name":"Winding Halls","floor":37,"gold_loss":0}],"is_beta":true,"boss_relics":[{"not_picked":["Calling Bell","Eternal Feather"],"picked":"Astrolabe"},{"not_picked":["Tiny House","Sozu"],"picked":"Cursed Key"}],"items_purged_floors":[],"is_endless":false,"potions_floor_spawned":[1,4,5,7,12,16,18,21,22,24,31,35,38],"killed_by":"Reptomancer","ascension_level":1}