{"gold_per_floor":[113,130,130,147,147,147,182,182,182,214,214,214,243,39,39,134,134,146,146,146,165,165,196,166,178,178,205,205,236,236,269,269,372,372,391,391,77,77,93,121,121,148,174,174,174,193,33,60,60,60],"floor_reached":50,"playtime":3345,"items_purged":["Strike_B","Defend_B+1","Strike_B+1"],"score":654,"play_id":"b1f6cd12-23c1-4cc7-ba0c-74cab1848c47","local_time":"20190214115522","is_ascension_mode":true,"campfire_choices":[{"data":"Loop","floor":6,"key":"SMITH"},{"data":"Coolheaded","floor":8,"key":"SMITH"},{"floor":12,"key":"REST"},{"data":"Capacitor","floor":15,"key":"SMITH"},{"floor":28,"key":"REST"},{"data":"Loop","floor":30,"key":"SMITH"},{"floor":32,"key":"REST"},{"data":"Echo Form","floor":41,"key":"SMITH"},{"floor":45,"key":"REST"},{"floor":49,"key":"RECALL"}],"neow_cost":"NONE","seed_source_timestamp":216068073408785,"circlet_count":0,"master_deck":["Defend_B+1","Zap+1","Dualcast","Leap","Conserve Battery","Loop+1","Coolheaded+1","Leap","Capacitor+1","Coolheaded","Biased Cognition","Genetic Algorithm","Cold Snap","Doom and Gloom","Loop+1","Hologram+1","Echo Form+1","Leap+1","Madness","Madness","Glacier","Tempest","Skim","BootSequence+1","Loop","Redo+1"],"relics":["Cracked Core","Cables","Pantograph","Gremlin Horn","Regal Pillow","Cursed Key","Centennial Puzzle","Anchor","Letter Opener","Ornamental Fan","Empty Cage","Omamori","Art of War","Bottled Tornado","Calipers"],"potions_floor_usage":[7,16,23,23,31,31,33,48,50],"damage_taken":[{"damage":1,"enemies":"2 Louse","floor":1,"turns":3},{"damage":0,"enemies":"Small Slimes","floor":2,"turns":3},{"damage":0,"enemies":"Jaw Worm","floor":4,"turns":4},{"damage":9,"enemies":"Lagavulin","floor":7,"turns":6},{"damage":28,"enemies":"Gremlin Nob","floor":10,"turns":4},{"damage":15,"enemies":"3 Sentries","floor":13,"turns":6},{"damage":20,"enemies":"The Guardian","floor":16,"turns":10},{"damage":0,"enemies":"Shell Parasite","floor":18,"turns":8},{"damage":0,"enemies":"Chosen","floor":21,"turns":4},{"damage":49,"enemies":"Gremlin Leader","floor":23,"turns":11},{"damage":5,"enemies":"Snake Plant","floor":25,"turns":4},{"damage":8,"enemies":"Book of Stabbing","floor":29,"turns":5},{"damage":20,"enemies":"Slavers","floor":31,"turns":5},{"damage":4,"enemies":"Automaton","floor":33,"turns":12},{"damage":0,"enemies":"Orb Walker","floor":35,"turns":6},{"damage":8,"enemies":"3 Shapes","floor":39,"turns":6},{"damage":5,"enemies":"Giant Head","floor":40,"turns":13},{"damage":26,"enemies":"Reptomancer","floor":42,"turns":6},{"damage":0,"enemies":"Transient","floor":46,"turns":5},{"damage":5,"enemies":"Giant Head","floor":48,"turns":11},{"damage":85,"enemies":"Time Eater","floor":50,"turns":10}],"seed_played":"3713888779676336602","potions_obtained":[{"floor":4,"key":"Poison Potion"},{"floor":13,"key":"AttackPotion"},{"floor":16,"key":"Poison Potion"},{"floor":18,"key":"SkillPotion"},{"floor":21,"key":"Energy Potion"},{"floor":24,"key":"Block Potion"},{"floor":24,"key":"Strength Potion"},{"floor":31,"key":"EssenceOfSteel"},{"floor":42,"key":"Fire Potion"},{"floor":46,"key":"Ancient Potion"},{"floor":48,"key":"Block Potion"}],"is_trial":false,"path_per_floor":["M","M","?","M","?","R","E","R","T","E","?","R","E","$","R","B",null,"M","?","?","M","?","E","?","M","T","T","R","E","R","E","R","B",null,"M","?","$","?","M","E","R","E","T","?","R","M","$","E","R","B"],"character_chosen":"DEFECT","items_purchased":["Capacitor","Coolheaded","Omamori","Glacier","Loop"],"campfire_rested":4,"item_purchase_floors":[14,14,37,37,47],"current_hp_per_floor":[74,74,79,79,72,72,63,63,63,35,35,59,44,44,44,49,80,80,80,65,65,65,16,16,11,11,11,51,43,43,23,63,81,85,85,74,74,74,66,61,61,35,35,35,75,75,75,70,70,0],"gold":60,"neow_bonus":"UPGRADE_CARD","is_prod":false,"is_daily":false,"chose_seed":false,"campfire_upgraded":5,"win_rate":0,"timestamp":1550141722,"path_taken":["M","M","?","M","?","R","E","R","T","E","?","R","E","$","R","BOSS","M","?","?","M","?","E","?","?","T","?","R","E","R","E","R","BOSS","M","?","$","?","?","E","R","E","T","?","R","M","$","E","R","BOSS"],"build_version":"2019-01-23","purchased_purges":3,"victory":false,"max_hp_per_floor":[75,75,80,80,80,80,80,80,80,80,80,80,80,80,80,80,80,80,80,85,85,85,85,85,85,85,85,85,85,85,85,85,85,85,85,85,85,85,85,85,85,85,85,85,85,85,85,85,85,85],"card_choices":[{"not_picked":["Beam Cell","Go for the Eyes"],"picked":"Leap","floor":1},{"not_picked":["Stack","Double Energy"],"picked":"Conserve Battery","floor":2},{"not_picked":["Gash","Steam Power"],"picked":"Loop","floor":4},{"not_picked":["Conserve Battery","White Noise"],"picked":"Coolheaded","floor":7},{"not_picked":["Static Discharge","Turbo"],"picked":"Leap","floor":10},{"not_picked":["Turbo","Rebound","Gash"],"picked":"SKIP","floor":13},{"not_picked":["Hyperbeam","Reboot"],"picked":"Biased Cognition","floor":16},{"not_picked":["Fusion+1","Redo","Melter"],"picked":"SKIP","floor":18},{"not_picked":["Redo","Cold Snap","Reprogram"],"picked":"SKIP","floor":21},{"not_picked":["Core Surge","Sweeping Beam"],"picked":"Doom and Gloom","floor":23},{"not_picked":["Melter","Rebound+1","Lockon"],"picked":"SKIP","floor":25},{"not_picked":["Aggregate","Reprogram"],"picked":"Loop","floor":29},{"not_picked":["Reinforced Body","Cold Snap"],"picked":"Hologram+1","floor":31},{"not_picked":["Machine Learning","Seek"],"picked":"Echo Form","floor":33},{"not_picked":["Gash","Recycle+1"],"picked":"Leap+1","floor":35},{"not_picked":["Beam Cell+1","Compile Driver"],"picked":"Tempest","floor":39},{"not_picked":["Hologram+1","Cold Snap+1"],"picked":"Skim","floor":40},{"not_picked":["Chaos","Rebound"],"picked":"BootSequence+1","floor":42},{"not_picked":["Steam+1","Reinforced Body+1","Stack"],"picked":"SKIP","floor":46},{"not_picked":["Sweeping Beam","Cold Snap"],"picked":"Redo+1","floor":48}],"player_experience":166363,"relics_obtained":[{"floor":7,"key":"Cables"},{"floor":9,"key":"Pantograph"},{"floor":10,"key":"Gremlin Horn"},{"floor":13,"key":"Regal Pillow"},{"floor":23,"key":"Centennial Puzzle"},{"floor":27,"key":"Anchor"},{"floor":29,"key":"Letter Opener"},{"floor":31,"key":"Ornamental Fan"},{"floor":40,"key":"Art of War"},{"floor":42,"key":"Bottled Tornado"},{"floor":48,"key":"Calipers"}],"event_choices":[{"damage_healed":0,"gold_gain":0,"player_choice":"Donut","damage_taken":0,"max_hp_gain":5,"max_hp_loss":0,"event_name":"Big Fish","floor":3,"gold_loss":0},{"cards_removed":["Strike_B"],"damage_healed":0,"gold_gain":0,"player_choice":"Card Removal","damage_taken":7,"max_hp_gain":0,"max_hp_loss":0,"event_name":"Golden Wing","floor":5,"gold_loss":0},{"damage_healed":0,"gold_gain":0,"player_choice":"Ignored","damage_taken":0,"max_hp_gain":0,"max_hp_loss":0,"event_name":"Liars Game","floor":11,"gold_loss":0},{"damage_healed":0,"gold_gain":0,"player_choice":"Simplicity","damage_taken":0,"max_hp_gain":0,"max_hp_loss":0,"event_name":"Back to Basics","floor":19,"gold_loss":0,"cards_upgraded":["Strike_B","Strike_B","Defend_B","Defend_B","Defend_B","Defend_B"]},{"damage_healed":0,"gold_gain":0,"player_choice":"Shed Blood","damage_taken":20,"max_hp_gain":5,"max_hp_loss":0,"event_name":"Forgotten Altar","floor":20,"gold_loss":0},{"damage_healed":0,"gold_gain":0,"cards_transformed":["Defend_B","Strike_B"],"player_choice":"Became Test Subject","damage_taken":0,"max_hp_gain":0,"max_hp_loss":0,"event_name":"Drug Dealer","floor":22,"gold_loss":0,"cards_obtained":["Genetic Algorithm","Cold Snap"]},{"damage_healed":0,"gold_gain":0,"player_choice":"Bought 2 Potions","damage_taken":0,"max_hp_gain":0,"max_hp_loss":0,"event_name":"The Woman in Blue","floor":24,"gold_loss":0},{"damage_healed":0,"gold_gain":0,"player_choice":"Embrace Madness","damage_taken":11,"max_hp_gain":0,"max_hp_loss":0,"event_name":"Winding Halls","floor":36,"gold_loss":0,"cards_obtained":["Madness","Madness"]},{"damage_healed":0,"gold_gain":0,"player_choice":"Ignored","damage_taken":0,"max_hp_gain":0,"max_hp_loss":0,"event_name":"SecretPortal","floor":38,"gold_loss":0},{"damage_healed":0,"gold_gain":0,"player_choice":"Memory 1","damage_taken":0,"max_hp_gain":0,"max_hp_loss":0,"event_name":"SensoryStone","floor":44,"gold_loss":0}],"is_beta":false,"boss_relics":[{"not_picked":["Pandora\u0027s Box","Calling Bell"],"picked":"Cursed Key"},{"not_picked":["Lizard Tail","Fusion Hammer"],"picked":"Empty Cage"}],"items_purged_floors":[14,37,47],"is_endless":false,"potions_floor_spawned":[4,13,16,18,21,31,42,46,48],"killed_by":"Time Eater","ascension_level":1}