{"gold_per_floor":[116,15,15,15,15,55,55,91,117,140,171,195,210,235,235,331,331,344,344,344,344,21,21,55,80,132,157,207,223,273,296,296,386,386,401,37,162,162,162,162,162],"floor_reached":41,"playtime":1405,"items_purged":["Strike_B"],"score":1004,"play_id":"e591fb20-e32d-4c49-8e9f-31b2c65542d7","local_time":"20190206132333","is_ascension_mode":true,"campfire_choices":[{"data":"Zap","floor":7.0,"key":"SMITH"},{"data":"Defragment","floor":15.0,"key":"SMITH"},{"data":"Fission","floor":23.0,"key":"SMITH"},{"data":"Double Energy","floor":32.0,"key":"SMITH"},{"data":"Defragment","floor":40.0,"key":"SMITH"}],"neow_cost":"NONE","seed_source_timestamp":0,"circlet_count":0,"master_deck":["AscendersBane","Defend_B+1","Defend_B","Defend_B+1","Defend_B","Zap+1","Dualcast","Cold Snap","Defragment+1","Melter","Ball Lightning","Cold Snap","Go for the Eyes","Sweeping Beam","Ball Lightning","Fission+1","Defragment","Bite","Bite","Bite","Bite","Bite","Compile Driver","Electrodynamics","Ball Lightning","Hologram","Double Energy+1","Conserve Battery","Cold Snap","Meteor Strike","Hologram+1","Defragment+1"],"special_seed":0,"relics":["Cracked Core","NeowsBlessing","Golden Idol","Sundial","Ginger","Bag of Preparation","Shuriken","Coffee Dripper","PreservedInsect","Regal Pillow","Boot","Nuclear Battery","Mummified Hand","Peace Pipe","Gremlin Horn"],"potions_floor_usage":[],"damage_taken":[{"damage":0.0,"enemies":"Jaw Worm","floor":1.0,"turns":1.0},{"damage":0.0,"enemies":"3 Sentries","floor":6.0,"turns":1.0},{"damage":0.0,"enemies":"Lagavulin","floor":8.0,"turns":1.0},{"damage":0.0,"enemies":"Small Slimes","floor":10.0,"turns":3.0},{"damage":8.0,"enemies":"Gremlin Nob","floor":11.0,"turns":3.0},{"damage":0.0,"enemies":"Cultist","floor":12.0,"turns":2.0},{"damage":10.0,"enemies":"Exordium Thugs","floor":13.0,"turns":3.0},{"damage":0.0,"enemies":"3 Louse","floor":14.0,"turns":2.0},{"damage":13.0,"enemies":"Slime Boss","floor":16.0,"turns":6.0},{"damage":4.0,"enemies":"Chosen","floor":18.0,"turns":3.0},{"damage":3.0,"enemies":"Book of Stabbing","floor":24.0,"turns":4.0},{"damage":0.0,"enemies":"Spheric Guardian","floor":25.0,"turns":2.0},{"damage":23.0,"enemies":"Snake Plant","floor":27.0,"turns":4.0},{"damage":8.0,"enemies":"Cultist and Chosen","floor":29.0,"turns":5.0},{"damage":11.0,"enemies":"3 Cultists","floor":31.0,"turns":4.0},{"damage":15.0,"enemies":"Automaton","floor":33.0,"turns":8.0},{"damage":10.0,"enemies":"3 Darklings","floor":35.0,"turns":3.0},{"damage":11.0,"enemies":"Mind Bloom Boss Battle","floor":37.0,"turns":6.0},{"damage":43,"enemies":"Giant Head","floor":41,"turns":6}],"seed_played":"3064170225969703427","potions_obtained":[{"floor":10.0,"key":"GamblersBrew"},{"floor":11.0,"key":"Dexterity Potion"},{"floor":12.0,"key":"Poison Potion"},{"floor":16.0,"key":"FocusPotion"},{"floor":18.0,"key":"Block Potion"},{"floor":27.0,"key":"Weak Potion"},{"floor":29.0,"key":"FearPotion"}],"is_trial":false,"path_per_floor":["M","$","?","?","?","E","R","E","T","M","E","M","M","M","R","B",null,"M","?","?","?","$","R","E","M","T","M","?","M","?","M","R","B",null,"M","$","?","?","T","R","E"],"character_chosen":"DEFECT","items_purchased":["Cold Snap","Electrodynamics","PreservedInsect","Mummified Hand","Defragment"],"campfire_rested":0,"item_purchase_floors":[2,22,22,36,36],"current_hp_per_floor":[64,64,64,45,64,64,64,64,64,64,56,56,46,46,46,33,56,52,44,44,44,44,44,44,44,44,31,31,33,33,34,34,33,41,36,36,39,39,39,39,0],"gold":162,"neow_bonus":"THREE_ENEMY_KILL","is_prod":false,"is_daily":false,"chose_seed":false,"campfire_upgraded":5,"win_rate":0,"timestamp":1549477413,"path_taken":["M","$","?","?","?","E","R","E","T","?","E","M","M","M","R","BOSS","M","?","?","?","?","R","E","?","T","M","?","M","?","M","R","BOSS","M","?","?","?","?","R","E"],"build_version":"2019-01-23","purchased_purges":1,"victory":false,"max_hp_per_floor":[71,71,64,64,64,64,64,64,64,64,64,64,64,64,64,64,64,64,44,44,44,44,44,44,44,44,44,44,44,44,44,44,44,44,44,44,44,42,42,42,42],"card_choices":[{"not_picked":["Rebound","Skim"],"picked":"Melter","floor":1.0},{"not_picked":["Chaos","Heatsinks"],"picked":"Defragment","floor":6.0},{"not_picked":["Steam Power","Go for the Eyes"],"picked":"Melter","floor":8.0},{"not_picked":["Blizzard","Turbo"],"picked":"Ball Lightning","floor":10.0},{"not_picked":["Steam Power","Compile Driver"],"picked":"Cold Snap","floor":11.0},{"not_picked":["Steam","BootSequence"],"picked":"Go for the Eyes","floor":12.0},{"not_picked":["Scrape","Beam Cell"],"picked":"Sweeping Beam","floor":13.0},{"not_picked":["Leap","Stack"],"picked":"Ball Lightning","floor":14.0},{"not_picked":["Creative AI","Buffer"],"picked":"Fission","floor":16.0},{"not_picked":["Turbo","Scrape"],"picked":"Defragment","floor":18.0},{"not_picked":["Storm","Leap"],"picked":"Ball Lightning","floor":24.0},{"not_picked":["Turbo","Consume"],"picked":"Hologram","floor":25.0},{"not_picked":["Redo","Cold Snap"],"picked":"Double Energy","floor":27.0},{"not_picked":["Steam Power+1","Stack"],"picked":"Conserve Battery","floor":29.0},{"not_picked":["Steam","Leap"],"picked":"Cold Snap","floor":31.0},{"not_picked":["Multi-Cast","Rainbow"],"picked":"Meteor Strike","floor":33.0},{"not_picked":["Chill","Turbo+1"],"picked":"Hologram+1","floor":35.0}],"player_experience":881333,"relics_obtained":[{"floor":6.0,"key":"Sundial"},{"floor":8.0,"key":"Ginger"},{"floor":9.0,"key":"Bag of Preparation"},{"floor":11.0,"key":"Shuriken"},{"floor":24.0,"key":"Regal Pillow"},{"floor":26.0,"key":"Boot"},{"floor":37.0,"key":"Peace Pipe"},{"floor":39.0,"key":"Gremlin Horn"}],"event_choices":[{"damage_healed":0.0,"max_hp_gain":0.0,"max_hp_loss":7.0,"gold_gain":0.0,"event_name":"Golden Idol","player_choice":"Lose Max HP","floor":3.0,"gold_loss":0.0,"damage_taken":0.0,"relics_obtained":["Golden Idol"]},{"damage_healed":0.0,"max_hp_gain":0.0,"max_hp_loss":0.0,"gold_gain":0.0,"event_name":"Shining Light","player_choice":"Entered Light","floor":4.0,"gold_loss":0.0,"damage_taken":19.0,"cards_upgraded":["Defend_B","Defend_B"]},{"cards_removed":["Melter"],"damage_healed":19.0,"max_hp_gain":0.0,"max_hp_loss":0.0,"gold_gain":0.0,"event_name":"Bonfire Elementals","player_choice":"Offered Uncommon","floor":5.0,"gold_loss":0.0,"damage_taken":0.0},{"damage_healed":0.0,"max_hp_gain":0.0,"max_hp_loss":20.0,"gold_gain":0.0,"event_name":"Vampires","player_choice":"Became a vampire","floor":19.0,"gold_loss":0.0,"damage_taken":0.0,"cards_obtained":["Bite","Bite","Bite","Bite","Bite"]},{"damage_healed":0.0,"max_hp_gain":0.0,"max_hp_loss":0.0,"gold_gain":0.0,"event_name":"Cursed Tome","player_choice":"Ignored","floor":20.0,"gold_loss":0.0,"damage_taken":0.0},{"damage_healed":0.0,"max_hp_gain":0.0,"max_hp_loss":0.0,"gold_gain":0.0,"event_name":"The Library","player_choice":"Read","floor":21.0,"gold_loss":0.0,"damage_taken":0.0,"cards_obtained":["Compile Driver"]},{"damage_healed":0.0,"max_hp_gain":0.0,"max_hp_loss":0.0,"gold_gain":50.0,"event_name":"Nest","player_choice":"Stole From Cult","floor":28.0,"gold_loss":0.0,"damage_taken":0.0},{"damage_healed":0.0,"max_hp_gain":0.0,"max_hp_loss":0.0,"gold_gain":50.0,"event_name":"Golden Shrine","player_choice":"Pray","floor":30.0,"gold_loss":0.0,"damage_taken":0.0},{"damage_healed":0.0,"max_hp_gain":0.0,"max_hp_loss":0.0,"gold_gain":0.0,"event_name":"MindBloom","player_choice":"Fight","floor":37.0,"gold_loss":0.0,"damage_taken":0.0},{"damage_healed":0.0,"max_hp_gain":0.0,"max_hp_loss":2.0,"gold_gain":0.0,"event_name":"Winding Halls","player_choice":"Max HP","floor":38.0,"gold_loss":0.0,"damage_taken":0.0}],"is_beta":false,"boss_relics":[{"not_picked":["Eternal Feather","Velvet Choker"],"picked":"Coffee Dripper"},{"not_picked":["Inserter","Cursed Key"],"picked":"Nuclear Battery"}],"items_purged_floors":[2],"is_endless":false,"potions_floor_spawned":[10,11,12,14,16,18,27,29],"killed_by":"Giant Head","ascension_level":20}