{"gold_per_floor":[115,135,135,34,49,49,66,93,93,128,148,162,162,190,190,267,267,283,303,328,428,67,67,94,94,94,129,129,211,222,28,28,107,107,126,126,137,359,409,409,434,434,434,66,94,112,112,132,132,132,132],"floor_reached":52,"playtime":4316,"items_purged":["Strike_G","Strike_G"],"score":2207,"play_id":"a0ca7a7f-c045-4b33-bc09-62c5ac938b54","local_time":"20190215135715","is_ascension_mode":true,"campfire_choices":[{"data":"Footwork","floor":6.0,"key":"SMITH"},{"floor":13.0,"key":"REST"},{"data":"1","floor":15.0,"key":"LIFT"},{"floor":23.0,"key":"REST"},{"floor":25.0,"key":"REST"},{"data":"2","floor":32.0,"key":"LIFT"},{"data":"3","floor":40.0,"key":"LIFT"},{"data":"Strike_G","floor":42.0,"key":"PURGE"},{"data":"Strike_G","floor":47.0,"key":"PURGE"},{"data":"Strike_G","floor":49.0,"key":"PURGE"}],"neow_cost":"NONE","seed_source_timestamp":102142034015179,"circlet_count":0,"master_deck":["AscendersBane","Defend_G","Defend_G","Defend_G","Defend_G","Defend_G","Survivor","Neutralize+1","Blur","Poisoned Stab+1","Footwork+1","Blur","Poisoned Stab","Dodge and Roll","Blur","Dodge and Roll","Backstab","Terror","After Image","Blade Dance","Cloak And Dagger","Backflip","Cloak And Dagger","Malaise","Prepared+1","Footwork","Cloak And Dagger","Burst","Infinite Blades+1","Well Laid Plans","Backflip"],"special_seed":0,"relics":["Ring of the Snake","Lantern","Question Card","Girya","Unceasing Top","Fusion Hammer","Red Mask","Peace Pipe","Matryoshka","ClockworkSouvenir","Paper Crane","Vajra","Ornamental Fan","Potion Belt","Tiny Chest","Blood Vial","Busted Crown","FossilizedHelix","Gambling Chip","Pen Nib","Meat on the Bone"],"potions_floor_usage":[51,51,51],"damage_taken":[{"damage":11.0,"enemies":"Jaw Worm","floor":1.0,"turns":7.0},{"damage":0.0,"enemies":"Cultist","floor":2.0,"turns":5.0},{"damage":0.0,"enemies":"Small Slimes","floor":5.0,"turns":5.0},{"damage":0.0,"enemies":"Looter","floor":7.0,"turns":5.0},{"damage":6.0,"enemies":"Gremlin Nob","floor":8.0,"turns":3.0},{"damage":14.0,"enemies":"Lagavulin","floor":10.0,"turns":10.0},{"damage":0.0,"enemies":"Blue Slaver","floor":11.0,"turns":5.0},{"damage":1.0,"enemies":"3 Louse","floor":12.0,"turns":5.0},{"damage":14.0,"enemies":"Gremlin Nob","floor":14.0,"turns":6.0},{"damage":10.0,"enemies":"The Guardian","floor":16.0,"turns":18.0},{"damage":0.0,"enemies":"Chosen","floor":18.0,"turns":5.0},{"damage":6.0,"enemies":"Spheric Guardian","floor":19.0,"turns":7.0},{"damage":18.0,"enemies":"Masked Bandits","floor":20.0,"turns":7.0},{"damage":5.0,"enemies":"Colosseum Slavers","floor":21.0,"turns":5.0},{"damage":7.0,"enemies":"Colosseum Nobs","floor":21.0,"turns":7.0},{"damage":4.0,"enemies":"Slavers","floor":24.0,"turns":9.0},{"damage":0.0,"enemies":"Book of Stabbing","floor":27.0,"turns":7.0},{"damage":1.0,"enemies":"Snake Plant","floor":30.0,"turns":6.0},{"damage":30.0,"enemies":"Automaton","floor":33.0,"turns":16.0},{"damage":0.0,"enemies":"3 Shapes","floor":35.0,"turns":10.0},{"damage":1.0,"enemies":"3 Darklings","floor":37.0,"turns":10.0},{"damage":0.0,"enemies":"Nemesis","floor":41.0,"turns":13.0},{"damage":0.0,"enemies":"Giant Head","floor":45.0,"turns":10.0},{"damage":0.0,"enemies":"Jaw Worm Horde","floor":46.0,"turns":5.0},{"damage":0.0,"enemies":"Writhing Mass","floor":48.0,"turns":8.0},{"damage":0.0,"enemies":"Awakened One","floor":50.0,"turns":30.0},{"damage":0,"enemies":"Donu and Deca","floor":51,"turns":31}],"seed_played":"-3422167128195408137","potions_obtained":[{"floor":5.0,"key":"Fire Potion"},{"floor":8.0,"key":"GhostInAJar"},{"floor":11.0,"key":"Strength Potion"},{"floor":16.0,"key":"EssenceOfSteel"},{"floor":19.0,"key":"SteroidPotion"},{"floor":20.0,"key":"SteroidPotion"},{"floor":21.0,"key":"Poison Potion"},{"floor":30.0,"key":"SmokeBomb"},{"floor":35.0,"key":"SteroidPotion"},{"floor":46.0,"key":"Explosive Potion"}],"is_trial":false,"path_per_floor":["M","M","?","$","M","R","M","E","T","E","M","M","R","E","R","B",null,"M","M","?","?","$","R","E","R","T","E","?","T","M","$","R","B",null,"M","?","M","?","?","R","E","R","T","$","E","M","R","M","R","B","B",null],"character_chosen":"THE_SILENT","items_purchased":["Footwork","AttackPotion","ClockworkSouvenir","Energy Potion","Footwork","Cloak And Dagger","Well Laid Plans","Pen Nib","SpeedPotion","Strength Potion"],"campfire_rested":3,"item_purchase_floors":[4,4,22,22,31,31,44,44,44,44],"current_hp_per_floor":[48,48,48,48,48,48,48,42,42,28,28,27,46,32,32,22,55,55,49,31,19,19,38,34,53,53,53,53,53,54,54,54,26,56,58,58,59,59,53,53,55,55,55,55,57,59,59,61,61,63,65],"gold":132,"neow_bonus":"UPGRADE_CARD","is_prod":false,"is_daily":false,"chose_seed":false,"campfire_upgraded":1,"win_rate":0,"timestamp":1550257035,"path_taken":["M","M","?","$","M","R","M","E","T","E","M","?","R","E","R","BOSS","M","M","?","?","$","R","E","R","T","E","?","?","M","$","R","BOSS","M","?","M","?","?","R","E","R","T","$","E","M","R","M","R","BOSS","BOSS"],"build_version":"2019-01-23","purchased_purges":2,"victory":true,"max_hp_per_floor":[66,66,66,66,66,66,66,66,66,66,66,66,66,66,66,66,66,66,66,66,66,66,66,66,66,66,66,66,66,66,66,66,66,66,66,66,66,66,66,66,66,66,66,66,66,66,66,66,66,66,66],"card_choices":[{"not_picked":["Quick Slash","Blade Dance"],"picked":"Blur","floor":1.0},{"not_picked":["Concentrate","Outmaneuver"],"picked":"Poisoned Stab","floor":2.0},{"not_picked":["Skewer","Sucker Punch"],"picked":"Blur","floor":5.0},{"not_picked":["Distraction","Endless Agony"],"picked":"Poisoned Stab","floor":7.0},{"not_picked":["Slice","Venomology"],"picked":"Dodge and Roll","floor":8.0},{"not_picked":["Backflip","Slice","Bouncing Flask"],"picked":"Blur","floor":10.0},{"not_picked":["Deflect","Flying Knee","Backflip"],"picked":"Dodge and Roll","floor":11.0},{"not_picked":["Setup","Sucker Punch","Slice"],"picked":"Backstab","floor":12.0},{"not_picked":["Setup","Dagger Throw","Accuracy"],"picked":"Terror","floor":14.0},{"not_picked":["Night Terror","Wraith Form v2","A Thousand Cuts"],"picked":"After Image","floor":16.0},{"not_picked":["Riddle With Holes","Slice","Outmaneuver"],"picked":"Blade Dance","floor":18.0},{"not_picked":["Reflex","Tools of the Trade","Bane"],"picked":"Cloak And Dagger","floor":19.0},{"not_picked":["Acrobatics","Dodge and Roll","Outmaneuver"],"picked":"Backflip","floor":20.0},{"not_picked":["Dodge and Roll","Outmaneuver","Blade Dance"],"picked":"Cloak And Dagger","floor":21.0},{"not_picked":["All Out Attack","Venomology","Masterful Stab"],"picked":"Malaise","floor":24.0},{"not_picked":["Bane","Eviscerate","Backstab"],"picked":"Prepared+1","floor":27.0},{"not_picked":["Dagger Spray","Slice","Flechettes","Underhanded Strike"],"picked":"SKIP","floor":30.0},{"not_picked":["Doppelganger","Unload","Grand Finale"],"picked":"Burst","floor":33.0},{"not_picked":["Slice+1"],"picked":"Dash","floor":35.0},{"not_picked":["Eviscerate","Prepared+1"],"picked":"SKIP","floor":37.0},{"not_picked":["Bane"],"picked":"Infinite Blades+1","floor":41.0},{"not_picked":["Dodge and Roll","Deadly Poison"],"picked":"SKIP","floor":45.0},{"not_picked":["Quick Slash"],"picked":"Backflip","floor":46.0},{"not_picked":["Outmaneuver","Dagger Throw"],"picked":"SKIP","floor":48.0}],"player_experience":943766,"relics_obtained":[{"floor":8.0,"key":"Lantern"},{"floor":9.0,"key":"Question Card"},{"floor":10.0,"key":"Girya"},{"floor":14.0,"key":"Unceasing Top"},{"floor":20.0,"key":"Red Mask"},{"floor":21.0,"key":"Peace Pipe"},{"floor":21.0,"key":"Matryoshka"},{"floor":24.0,"key":"Paper Crane"},{"floor":26.0,"key":"Vajra"},{"floor":26.0,"key":"Ornamental Fan"},{"floor":27.0,"key":"Potion Belt"},{"floor":29.0,"key":"Tiny Chest"},{"floor":29.0,"key":"Blood Vial"},{"floor":41.0,"key":"FossilizedHelix"},{"floor":43.0,"key":"Gambling Chip"},{"floor":45.0,"key":"Meat on the Bone"}],"event_choices":[{"damage_healed":0.0,"max_hp_gain":0.0,"max_hp_loss":0.0,"gold_gain":0.0,"event_name":"Upgrade Shrine","player_choice":"Upgraded","floor":3.0,"gold_loss":0.0,"damage_taken":0.0,"cards_upgraded":["Poisoned Stab"]},{"damage_healed":0.0,"max_hp_gain":0.0,"max_hp_loss":0.0,"gold_gain":0.0,"event_name":"Masked Bandits","player_choice":"Fought Bandits","floor":20.0,"gold_loss":0.0,"damage_taken":0.0},{"damage_healed":0.0,"max_hp_gain":0.0,"max_hp_loss":0.0,"gold_gain":0.0,"event_name":"Colosseum","player_choice":"Fight","floor":21.0,"gold_loss":0.0,"damage_taken":0.0},{"damage_healed":0.0,"max_hp_gain":0.0,"max_hp_loss":0.0,"gold_gain":0.0,"event_name":"Colosseum","player_choice":"Fought Nobs","floor":21.0,"gold_loss":0.0,"damage_taken":0.0},{"damage_healed":0.0,"max_hp_gain":0.0,"max_hp_loss":0.0,"gold_gain":0.0,"event_name":"Cursed Tome","player_choice":"Ignored","floor":28.0,"gold_loss":0.0,"damage_taken":0.0},{"cards_removed":["Dash"],"damage_healed":0.0,"max_hp_gain":0.0,"max_hp_loss":0.0,"gold_gain":0.0,"event_name":"Falling","player_choice":"Removed Attack","floor":36.0,"gold_loss":0.0,"damage_taken":0.0},{"damage_healed":0.0,"max_hp_gain":0.0,"max_hp_loss":0.0,"gold_gain":222.0,"event_name":"Tomb of Lord Red Mask","player_choice":"Wore Mask","floor":38.0,"gold_loss":0.0,"damage_taken":0.0},{"damage_healed":0.0,"max_hp_gain":0.0,"max_hp_loss":0.0,"gold_gain":50.0,"event_name":"FaceTrader","player_choice":"Touch","floor":39.0,"gold_loss":0.0,"damage_taken":6.0}],"is_beta":false,"boss_relics":[{"not_picked":["Ring of the Serpent","Sozu"],"picked":"Fusion Hammer"},{"not_picked":["Velvet Choker","Snecko Eye"],"picked":"Busted Crown"}],"items_purged_floors":[22,31],"is_endless":false,"potions_floor_spawned":[5,8,11,16,19,20,21,30,35,46],"ascension_level":20}