{"gold_per_floor":[115,190,365,379,379,379,0,39,66,97,97,45,119,137,137,266,266,286,286,286,1,27,66,79,119,131,143,174,186,236,264,276,418,493,523,604,634,646,658,670,718,730,742,1087,1099,1139,1165,163,163,163,163,163,14,39,39],"floor_reached":56,"playtime":4129,"items_purged":["Doubt","Strike_B+1"],"score":1442,"play_id":"3c31eed5-08a9-4e88-b135-84f8252878c7","local_time":"20190128113833","is_ascension_mode":true,"campfire_choices":[{"data":"Consume","floor":6,"key":"SMITH"},{"data":"Zap","floor":11,"key":"SMITH"},{"data":"Capacitor","floor":15,"key":"SMITH"},{"floor":29,"key":"REST"},{"data":"Biased Cognition","floor":32,"key":"SMITH"},{"data":"Capacitor","floor":40,"key":"SMITH"},{"floor":42,"key":"REST"},{"floor":45,"key":"REST"},{"floor":49,"key":"RECALL"},{"data":"Machine Learning","floor":52,"key":"SMITH"}],"neow_cost":"NONE","seed_source_timestamp":3712764715310244,"circlet_count":0,"master_deck":["Strike_B+1","Strike_B+1","Strike_B+1","Defend_B+1","Defend_B+1","Defend_B+1","Defend_B+1","Zap+1","Dualcast+1","Consume+1","BootSequence","Steam+1","Capacitor+1","Steam","Sunder+1","Ball Lightning","Auto Shields+1","Ball Lightning","Leap+1","Self Repair+1","Biased Cognition+1","Steam+1","RitualDagger","Capacitor+1","Steam+1","Doom and Gloom","Coolheaded+1","White Noise+1","Leap+1","Conserve Battery+1","Chill+1","Double Energy+1","Multi-Cast+1","Turbo+1","Hologram+1","Conserve Battery+1","Madness+1","Madness+1","Machine Learning+1","Redo+1","Coolheaded+1","Go for the Eyes+1","Glacier+1","Barrage","Cold Snap","FTL","Ball Lightning","Doom and Gloom","Turbo+1","Defragment","BootSequence+1","Compile Driver+1"],"relics":["Cracked Core","Blood Vial","Toxic Egg 2","Juzu Bracelet","DataDisk","Runic Pyramid","Art of War","Bronze Scales","MawBank","Matryoshka","Bag of Marbles","Tiny House","Torii","Symbiotic Virus","Boot","Blue Candle","The Courier","Sling","Ornamental Fan","Ancient Tea Set","War Paint","Oddly Smooth Stone","Lantern"],"potions_floor_usage":[8,8,23,25,34,36,41,46,55,55,55],"damage_taken":[{"damage":1,"enemies":"Small Slimes","floor":1,"turns":3},{"damage":5,"enemies":"Jaw Worm","floor":4,"turns":4},{"damage":24,"enemies":"Gremlin Nob","floor":8,"turns":4},{"damage":5,"enemies":"3 Sentries","floor":10,"turns":6},{"damage":15,"enemies":"Gremlin Nob","floor":13,"turns":4},{"damage":0,"enemies":"2 Louse","floor":14,"turns":2},{"damage":16,"enemies":"The Guardian","floor":16,"turns":8},{"damage":0,"enemies":"Chosen","floor":18,"turns":4},{"damage":9,"enemies":"Gremlin Leader","floor":23,"turns":7},{"damage":0,"enemies":"3 Byrds","floor":24,"turns":2},{"damage":40,"enemies":"Slavers","floor":25,"turns":6},{"damage":0,"enemies":"Snake Plant","floor":28,"turns":4},{"damage":6,"enemies":"Book of Stabbing","floor":30,"turns":7},{"damage":1,"enemies":"Chosen and Byrds","floor":31,"turns":4},{"damage":0,"enemies":"Collector","floor":33,"turns":10},{"damage":0,"enemies":"Orb Walker","floor":35,"turns":4},{"damage":11,"enemies":"2 Orb Walkers","floor":36,"turns":3},{"damage":1,"enemies":"3 Shapes","floor":37,"turns":5},{"damage":63,"enemies":"Giant Head","floor":41,"turns":11},{"damage":0,"enemies":"Reptomancer","floor":46,"turns":10},{"damage":0,"enemies":"3 Darklings","floor":47,"turns":10},{"damage":1,"enemies":"Donu and Deca","floor":50,"turns":8},{"damage":0,"enemies":"Shield and Spear","floor":54,"turns":10},{"damage":48,"enemies":"The Heart","floor":55,"turns":10}],"seed_played":"-4077693061586585077","potions_obtained":[{"floor":1,"key":"Fire Potion"},{"floor":4,"key":"Poison Potion"},{"floor":10,"key":"LiquidBronze"},{"floor":23,"key":"SmokeBomb"},{"floor":24,"key":"Weak Potion"},{"floor":28,"key":"Weak Potion"},{"floor":33,"key":"FearPotion"},{"floor":34,"key":"Fruit Juice"},{"floor":35,"key":"PowerPotion"},{"floor":36,"key":"Fire Potion"},{"floor":41,"key":"Swift Potion"}],"is_trial":false,"path_per_floor":["M","?","?","M","?","R","$","E","T","E","R","$","?","M","R","B",null,"M","?","?","$","T","E","M","E","T","?","M","R","E","M","R","B",null,"M","?","M","?","?","R","E","R","T","?","R","E","M","$","R","B",null,"R","$","E","B",null],"character_chosen":"DEFECT","items_purchased":["Capacitor","Steam","Blood Vial","Sunder","Ball Lightning","Capacitor","Steam+1","Doom and Gloom","Weak Potion","Barrage","Cold Snap","FTL","Ball Lightning","Doom and Gloom","Sling","Ornamental Fan","Ancient Tea Set","War Paint","Oddly Smooth Stone","Turbo+1","Defragment","BootSequence+1","LiquidBronze"],"campfire_rested":3,"item_purchase_floors":[7,7,7,7,12,21,21,21,48,48,48,48,48,48,48,48,48,48,48,48,53,53,53],"current_hp_per_floor":[74,63,63,58,58,58,58,36,36,33,33,33,20,22,22,15,69,69,63,63,63,63,63,65,34,34,34,36,56,62,63,63,69,79,79,78,79,69,69,69,18,41,41,41,64,76,79,79,79,78,79,79,79,79,31],"gold":39,"neow_bonus":"THREE_CARDS","is_prod":false,"is_daily":false,"chose_seed":false,"campfire_upgraded":6,"win_rate":0,"timestamp":1548693513,"path_taken":["M","?","?","M","?","R","$","E","T","E","R","?","?","M","R","BOSS","M","?","?","$","?","E","M","E","T","?","M","R","E","M","R","BOSS","M","?","M","?","?","R","E","R","T","?","R","E","M","$","R","BOSS","R","$","E","BOSS"],"build_version":"2019-01-23","purchased_purges":2,"victory":true,"max_hp_per_floor":[75,75,75,75,69,69,69,69,69,69,69,69,69,69,69,69,69,69,69,69,69,69,69,69,69,69,69,69,69,69,69,69,69,79,79,79,79,79,79,79,79,79,79,79,79,79,79,79,79,79,79,79,79,79,79],"card_choices":[{"not_picked":["Streamline","Genetic Algorithm"],"picked":"Consume","floor":0},{"not_picked":["Lockon","Force Field"],"picked":"BootSequence","floor":1},{"not_picked":["Consume","Redo"],"picked":"Steam","floor":4},{"not_picked":["Steam","Barrage"],"picked":"Ball Lightning","floor":8},{"not_picked":["Barrage","FTL"],"picked":"Auto Shields+1","floor":10},{"not_picked":["White Noise+1","Rip and Tear"],"picked":"Leap+1","floor":13},{"not_picked":["Turbo+1","Loop"],"picked":"Self Repair","floor":14},{"not_picked":["Thunder Strike","Hyperbeam"],"picked":"Biased Cognition","floor":16},{"not_picked":["Storm","Tempest+1"],"picked":"Steam+1","floor":18},{"not_picked":["Sunder","Aggregate+1"],"picked":"Coolheaded+1","floor":23},{"not_picked":["Streamline","Heatsinks"],"picked":"White Noise+1","floor":24},{"not_picked":["Ball Lightning","Undo+1"],"picked":"Leap+1","floor":25},{"not_picked":["Sweeping Beam","Loop"],"picked":"Conserve Battery+1","floor":28},{"not_picked":["Coolheaded+1","Conserve Battery+1"],"picked":"Chill+1","floor":30},{"not_picked":["Storm","Compile Driver"],"picked":"Double Energy+1","floor":31},{"not_picked":["Machine Learning","Thunder Strike"],"picked":"Multi-Cast+1","floor":33},{"not_picked":["Go for the Eyes","Cold Snap"],"picked":"Turbo+1","floor":34},{"not_picked":["Stack+1","Beam Cell"],"picked":"Hologram+1","floor":35},{"not_picked":["Reinforced Body+1","Reprogram+1"],"picked":"Conserve Battery+1","floor":36},{"not_picked":["Steam+1","Blizzard+1","Turbo+1"],"picked":"SKIP","floor":37},{"not_picked":["Scrape","Auto Shields+1"],"picked":"Coolheaded+1","floor":41},{"not_picked":["Buffer","Blizzard+1"],"picked":"Go for the Eyes+1","floor":46},{"not_picked":["Undo+1","Turbo+1"],"picked":"Glacier+1","floor":47},{"not_picked":["Rebound","Steam+1"],"picked":"Compile Driver+1","floor":54}],"player_experience":4237647,"relics_obtained":[{"floor":8,"key":"Toxic Egg 2"},{"floor":10,"key":"Juzu Bracelet"},{"floor":13,"key":"DataDisk"},{"floor":22,"key":"Art of War"},{"floor":23,"key":"Bronze Scales"},{"floor":25,"key":"MawBank"},{"floor":26,"key":"Matryoshka"},{"floor":30,"key":"Bag of Marbles"},{"floor":36,"key":"Torii"},{"floor":41,"key":"Symbiotic Virus"},{"floor":43,"key":"Boot"},{"floor":43,"key":"Blue Candle"},{"floor":46,"key":"The Courier"},{"floor":54,"key":"Lantern"}],"event_choices":[{"damage_healed":0,"gold_gain":75,"player_choice":"Gather Gold","damage_taken":11,"max_hp_gain":0,"max_hp_loss":0,"event_name":"World of Goop","floor":2,"gold_loss":0},{"damage_healed":0,"gold_gain":175,"player_choice":"AGREE","damage_taken":0,"max_hp_gain":0,"max_hp_loss":0,"event_name":"Liars Game","floor":3,"gold_loss":0,"cards_obtained":["Doubt"]},{"damage_healed":0,"gold_gain":0,"player_choice":"Lose Max HP","damage_taken":0,"relics_obtained":["Golden Idol"],"max_hp_gain":0,"max_hp_loss":6,"event_name":"Golden Idol","floor":5,"gold_loss":0},{"damage_healed":0,"gold_gain":30,"player_choice":"Searched \u00272\u0027 times","damage_taken":0,"max_hp_gain":0,"max_hp_loss":0,"event_name":"Dead Adventurer","floor":13,"gold_loss":0},{"damage_healed":0,"gold_gain":0,"player_choice":"Joined the Cult","damage_taken":6,"max_hp_gain":0,"max_hp_loss":0,"event_name":"Nest","floor":19,"gold_loss":0,"cards_obtained":["RitualDagger"]},{"damage_healed":0,"gold_gain":0,"player_choice":"Simplicity","damage_taken":0,"max_hp_gain":0,"max_hp_loss":0,"event_name":"Back to Basics","floor":20,"gold_loss":0,"cards_upgraded":["Strike_B","Strike_B","Strike_B","Strike_B","Defend_B","Defend_B","Defend_B","Defend_B"]},{"damage_healed":0,"gold_gain":0,"player_choice":"Forge","damage_taken":0,"max_hp_gain":0,"max_hp_loss":0,"event_name":"Accursed Blacksmith","floor":27,"gold_loss":0,"cards_upgraded":["Self Repair"]},{"damage_healed":0,"gold_gain":0,"player_choice":"Fight","damage_taken":0,"max_hp_gain":0,"max_hp_loss":0,"event_name":"Mysterious Sphere","floor":36,"gold_loss":0},{"damage_healed":0,"gold_gain":0,"player_choice":"Embrace Madness","damage_taken":10,"max_hp_gain":0,"max_hp_loss":0,"event_name":"Winding Halls","floor":38,"gold_loss":0,"cards_obtained":["Madness","Madness"]},{"damage_healed":0,"gold_gain":0,"player_choice":"2 cards matched","damage_taken":0,"max_hp_gain":0,"max_hp_loss":0,"event_name":"Match and Keep!","floor":39,"gold_loss":0,"cards_obtained":["Machine Learning","Redo"]},{"damage_healed":0,"gold_gain":333,"player_choice":"Gave Idol","damage_taken":0,"max_hp_gain":0,"max_hp_loss":0,"event_name":"The Moai Head","floor":44,"relics_lost":["Golden Idol"],"gold_loss":0}],"is_beta":true,"boss_relics":[{"not_picked":["Nuclear Battery","Coffee Dripper"],"picked":"Runic Pyramid"},{"not_picked":["Pandora\u0027s Box","Velvet Choker"],"picked":"Tiny House"}],"items_purged_floors":[7,21],"is_endless":false,"potions_floor_spawned":[1,4,10,23,24,28,33,35,36,41],"ascension_level":1}