{"gold_per_floor":[116,132,307,326,326,326,382,382,430,445,302,302,331,347,347,448,448,467,467,478,478,495,521,521,521,603,631,649,649,662,695,695,790,790,808,808,824,839,839,839],"floor_reached":40,"playtime":2891,"items_purged":["Strike_B"],"score":571,"play_id":"86b5ae4a-fd6e-455e-9803-f48234acdaac","local_time":"20190221130305","is_ascension_mode":true,"campfire_choices":[{"data":"Zap","floor":6,"key":"SMITH"},{"floor":12,"key":"REST"},{"floor":15,"key":"REST"},{"data":"Loop","floor":24,"key":"SMITH"},{"data":"Dualcast","floor":25,"key":"SMITH"},{"data":"Rainbow","floor":32,"key":"SMITH"}],"neow_cost":"PERCENT_DAMAGE","seed_source_timestamp":0,"circlet_count":0,"master_deck":["Strike_B","Strike_B","Defend_B","Defend_B+1","Defend_B","Defend_B","Zap+1","Dualcast+1","Conserve Battery+1","Ball Lightning","Leap","Self Repair","Loop+1","White Noise","Electrodynamics","Sunder+1","Chaos+1","Ghostly","Ghostly","Ghostly","Ghostly","Ghostly","Undo","Chill","Rainbow+1","Glacier+1","Core Surge","Stack+1"],"special_seed":0,"relics":["Cracked Core","WingedGreaves","Blue Candle","War Paint","Bag of Marbles","Velvet Choker","The Courier","Bronze Scales","Sundial","Matryoshka","MutagenicStrength","Centennial Puzzle","Black Star"],"potions_floor_usage":[7,13,28,28,33],"damage_taken":[{"damage":0,"enemies":"2 Louse","floor":1,"turns":2},{"damage":9,"enemies":"Jaw Worm","floor":2,"turns":3},{"damage":5,"enemies":"Small Slimes","floor":4,"turns":4},{"damage":20,"enemies":"Lagavulin Event","floor":7,"turns":5},{"damage":2,"enemies":"Looter","floor":10,"turns":3},{"damage":22,"enemies":"Gremlin Nob","floor":13,"turns":5},{"damage":12,"enemies":"Lots of Slimes","floor":14,"turns":4},{"damage":5,"enemies":"The Guardian","floor":16,"turns":13},{"damage":0,"enemies":"Chosen","floor":18,"turns":4},{"damage":15,"enemies":"2 Thieves","floor":20,"turns":3},{"damage":0,"enemies":"Snake Plant","floor":22,"turns":5},{"damage":23,"enemies":"Gremlin Leader","floor":23,"turns":8},{"damage":6,"enemies":"Book of Stabbing","floor":27,"turns":6},{"damage":0,"enemies":"3 Cultists","floor":28,"turns":4},{"damage":1,"enemies":"Snecko","floor":30,"turns":5},{"damage":3,"enemies":"Gremlin Leader","floor":31,"turns":7},{"damage":0,"enemies":"Automaton","floor":33,"turns":10},{"damage":0,"enemies":"3 Shapes","floor":35,"turns":4},{"damage":1,"enemies":"3 Darklings","floor":37,"turns":5},{"damage":1,"enemies":"Writhing Mass","floor":38,"turns":5},{"damage":35,"enemies":"Nemesis","floor":40,"turns":9}],"seed_played":"5624619622611964175","potions_obtained":[{"floor":2,"key":"Swift Potion"},{"floor":4,"key":"AttackPotion"},{"floor":14,"key":"Swift Potion"},{"floor":18,"key":"Ancient Potion"},{"floor":23,"key":"Swift Potion"},{"floor":27,"key":"Regen Potion"},{"floor":28,"key":"PowerPotion"},{"floor":35,"key":"Swift Potion"}],"is_trial":false,"path_per_floor":["M","M","?","M","?","R","?","?","T","M","$","R","E","M","R","B",null,"M","?","M","?","M","E","R","R","T","E","M","?","M","E","R","B",null,"M","?","M","M","?","E"],"character_chosen":"DEFECT","items_purchased":["Self Repair"],"campfire_rested":2,"item_purchase_floors":[11],"current_hp_per_floor":[54,45,45,40,33,33,13,13,13,11,11,33,18,6,28,30,75,75,75,60,37,37,21,21,21,21,22,37,37,37,37,37,37,37,37,37,36,35,35,0],"gold":839,"neow_bonus":"ONE_RARE_RELIC","is_prod":false,"is_daily":false,"chose_seed":false,"campfire_upgraded":4,"win_rate":0,"timestamp":1550782985,"path_taken":["M","M","?","M","?","R","?","?","T","?","$","R","E","M","R","BOSS","M","?","?","?","M","E","R","R","T","E","M","?","M","E","R","BOSS","M","?","M","?","?","E"],"build_version":"2019-01-23","purchased_purges":1,"victory":false,"max_hp_per_floor":[75,75,75,75,75,75,75,75,75,75,75,75,75,75,75,75,75,75,75,75,37,37,37,37,37,37,37,37,37,37,37,37,37,37,37,37,37,37,35,35],"card_choices":[{"not_picked":["Sweeping Beam","Streamline","Gash"],"picked":"SKIP","floor":1},{"not_picked":["Lockon","Steam","Chaos"],"picked":"SKIP","floor":2},{"not_picked":["Go for the Eyes","Coolheaded"],"picked":"Conserve Battery","floor":4},{"not_picked":["Sweeping Beam","Fusion"],"picked":"Ball Lightning","floor":7},{"not_picked":["Stack","Fusion"],"picked":"Leap","floor":10},{"not_picked":["Go for the Eyes","Static Discharge"],"picked":"Loop","floor":13},{"not_picked":["Sweeping Beam","Steam"],"picked":"White Noise","floor":14},{"not_picked":["Hyperbeam","Reboot"],"picked":"Electrodynamics","floor":16},{"not_picked":["Consume","Ball Lightning"],"picked":"Sunder+1","floor":18},{"not_picked":["Coolheaded","Redo"],"picked":"Chaos+1","floor":20},{"not_picked":["Leap+1","Double Energy+1"],"picked":"Undo","floor":22},{"not_picked":["Storm","Steam"],"picked":"Chill","floor":23},{"not_picked":["Chaos","Gash+1"],"picked":"Rainbow","floor":27},{"not_picked":["Steam","Sweeping Beam+1","Streamline+1"],"picked":"SKIP","floor":28},{"not_picked":["Heatsinks","Stack+1","Rebound+1"],"picked":"SKIP","floor":30},{"not_picked":["BootSequence","Beam Cell"],"picked":"Glacier","floor":31},{"not_picked":["Meteor Strike","Amplify"],"picked":"Core Surge","floor":33},{"not_picked":["Doom and Gloom","Conserve Battery+1","Gash"],"picked":"SKIP","floor":35},{"not_picked":["Storm","Barrage+1"],"picked":"Stack+1","floor":37},{"not_picked":["Ball Lightning","Compile Driver+1","Redo+1"],"picked":"SKIP","floor":38}],"player_experience":284266,"relics_obtained":[{"floor":7,"key":"Blue Candle"},{"floor":9,"key":"War Paint"},{"floor":13,"key":"Bag of Marbles"},{"floor":23,"key":"Bronze Scales"},{"floor":26,"key":"Sundial"},{"floor":27,"key":"Matryoshka"},{"floor":31,"key":"Centennial Puzzle"}],"event_choices":[{"damage_healed":0,"gold_gain":175,"player_choice":"AGREE","damage_taken":0,"max_hp_gain":0,"max_hp_loss":0,"event_name":"Liars Game","floor":3,"gold_loss":0,"cards_obtained":["Doubt"]},{"cards_removed":["Doubt"],"damage_healed":0,"gold_gain":0,"player_choice":"Card Removal","damage_taken":7,"max_hp_gain":0,"max_hp_loss":0,"event_name":"Golden Wing","floor":5,"gold_loss":0},{"damage_healed":0,"gold_gain":30,"player_choice":"Searched \u00272\u0027 times","damage_taken":0,"max_hp_gain":0,"max_hp_loss":0,"event_name":"Dead Adventurer","floor":7,"gold_loss":0},{"cards_removed":["Strike_B"],"damage_healed":0,"gold_gain":0,"player_choice":"Offered Basic","damage_taken":0,"max_hp_gain":0,"max_hp_loss":0,"event_name":"Bonfire Elementals","floor":8,"gold_loss":0},{"damage_healed":0,"gold_gain":0,"player_choice":"Gave Potion","damage_taken":0,"relics_obtained":["The Courier"],"max_hp_gain":0,"max_hp_loss":0,"event_name":"WeMeetAgain","floor":19,"gold_loss":0},{"damage_healed":0,"gold_gain":0,"player_choice":"Became a Ghost","damage_taken":0,"max_hp_gain":0,"max_hp_loss":38,"event_name":"Ghosts","floor":21,"gold_loss":0,"cards_obtained":["Ghostly","Ghostly","Ghostly","Ghostly","Ghostly"]},{"damage_healed":0,"gold_gain":0,"player_choice":"Inject Mutagens","damage_taken":0,"relics_obtained":["MutagenicStrength"],"max_hp_gain":0,"max_hp_loss":0,"event_name":"Drug Dealer","floor":29,"gold_loss":0},{"damage_healed":0,"gold_gain":0,"player_choice":"Upgraded","damage_taken":0,"max_hp_gain":0,"max_hp_loss":0,"event_name":"Upgrade Shrine","floor":36,"gold_loss":0,"cards_upgraded":["Glacier"]},{"damage_healed":0,"gold_gain":0,"player_choice":"Max HP","damage_taken":0,"max_hp_gain":0,"max_hp_loss":2,"event_name":"Winding Halls","floor":39,"gold_loss":0}],"is_beta":false,"boss_relics":[{"not_picked":["Busted Crown","Runic Dome"],"picked":"Velvet Choker"},{"not_picked":["Eternal Feather","Calling Bell"],"picked":"Black Star"}],"items_purged_floors":[11],"is_endless":false,"potions_floor_spawned":[2,4,14,18,23,27,28,35],"killed_by":"Nemesis","ascension_level":2}