{"gold_per_floor":[115,5,19,32,32,32,59,59,131,162,179,197,231,248,248,248],"floor_reached":16,"playtime":459,"items_purged":[],"score":269,"play_id":"8e98307a-ddeb-4799-a566-5df09669f926","local_time":"20190130124511","is_ascension_mode":true,"campfire_choices":[{"data":"Immolate","floor":6.0,"key":"SMITH"},{"data":"Fiend Fire","floor":8.0,"key":"SMITH"},{"data":"Demon Form","floor":15,"key":"SMITH"}],"neow_cost":"TEN_PERCENT_HP_LOSS","seed_source_timestamp":1740739873499157,"circlet_count":0,"master_deck":["AscendersBane","Strike_R","Strike_R","Strike_R","Strike_R","Defend_R","Defend_R","Defend_R","Defend_R","Bash","Immolate+1","Clothesline","Armaments","Inflame","Corruption","Demon Form+1","Fiend Fire+1","Shrug It Off","Sword Boomerang","Shrug It Off","Shrug It Off","Shrug It Off"],"special_seed":0,"relics":["Burning Blood","Anchor","The Courier","Blue Candle","Matryoshka"],"potions_floor_usage":[16,16],"damage_taken":[{"damage":1.0,"enemies":"Cultist","floor":1.0,"turns":3.0},{"damage":0.0,"enemies":"Small Slimes","floor":3.0,"turns":2.0},{"damage":9.0,"enemies":"2 Louse","floor":4.0,"turns":3.0},{"damage":44.0,"enemies":"Gremlin Nob","floor":7.0,"turns":5.0},{"damage":15.0,"enemies":"Lagavulin","floor":10.0,"turns":7.0},{"damage":0.0,"enemies":"Blue Slaver","floor":11.0,"turns":2.0},{"damage":11.0,"enemies":"Exordium Wildlife","floor":12.0,"turns":2.0},{"damage":15,"enemies":"3 Sentries","floor":13,"turns":4},{"damage":0,"enemies":"3 Louse","floor":14,"turns":1},{"damage":22,"enemies":"Hexaghost","floor":16,"turns":9}],"seed_played":"-6598605517987030054","potions_obtained":[{"floor":3.0,"key":"BloodPotion"},{"floor":12.0,"key":"GamblersBrew"}],"is_trial":false,"path_per_floor":["M","$","M","M","?","R","E","R","T","E","M","M","E","M","R","B"],"character_chosen":"IRONCLAD","items_purchased":["Armaments","Inflame"],"campfire_rested":0,"item_purchase_floors":[2,2],"current_hp_per_floor":[68,68,68,65,65,65,27,27,27,18,24,19,10,16,16,0],"gold":248,"neow_bonus":"THREE_RARE_CARDS","is_prod":false,"is_daily":false,"chose_seed":false,"campfire_upgraded":3,"win_rate":0,"timestamp":1548870311,"path_taken":["M","$","M","M","?","R","E","R","T","E","M","M","E","?","R","BOSS"],"build_version":"2019-01-23","purchased_purges":0,"victory":false,"max_hp_per_floor":[68,68,68,68,68,68,68,68,68,68,68,68,68,68,68,68],"card_choices":[{"not_picked":["Offering","Exhume"],"picked":"Immolate","floor":0.0},{"not_picked":["Pommel Strike","Warcry"],"picked":"Clothesline","floor":1.0},{"not_picked":["Warcry","Twin Strike"],"picked":"Corruption","floor":3.0},{"not_picked":["Havoc","Clash"],"picked":"Demon Form","floor":4.0},{"not_picked":["Clothesline","Iron Wave"],"picked":"Fiend Fire","floor":7.0},{"not_picked":["Clothesline","Sever Soul"],"picked":"Shrug It Off","floor":10.0},{"not_picked":["Corruption","Cleave"],"picked":"Sword Boomerang","floor":11.0},{"not_picked":["Ghostly Armor","Metallicize"],"picked":"Shrug It Off","floor":12.0},{"not_picked":["Rupture","Dropkick"],"picked":"Shrug It Off","floor":13},{"not_picked":["Dual Wield","Burning Pact"],"picked":"Shrug It Off","floor":14}],"player_experience":845607,"relics_obtained":[{"floor":7.0,"key":"Anchor"},{"floor":9.0,"key":"The Courier"},{"floor":10.0,"key":"Blue Candle"},{"floor":13,"key":"Matryoshka"}],"event_choices":[{"cards_removed":["Strike_R"],"damage_healed":0.0,"max_hp_gain":0.0,"max_hp_loss":0.0,"gold_gain":0.0,"event_name":"Purifier","player_choice":"Purged","floor":5.0,"gold_loss":0.0,"damage_taken":0.0}],"is_beta":false,"boss_relics":[],"items_purged_floors":[],"is_endless":false,"potions_floor_spawned":[3,12,14],"killed_by":"Hexaghost","ascension_level":20}