{"gold_per_floor":[215,215,215,239,33,33,33,33,79,94,134,152,152,177,177,308,308,323,344,344,369,166,166,166],"floor_reached":24,"playtime":1002,"items_purged":["Strike_B"],"score":225,"play_id":"a47a084a-b0df-4b9c-8448-09105f6f7cbc","local_time":"20190222225400","is_ascension_mode":true,"campfire_choices":[{"data":"Zap","floor":6.0,"key":"SMITH"},{"data":"Double Energy","floor":8.0,"key":"SMITH"},{"data":"Streamline","floor":13.0,"key":"SMITH"},{"data":"Sweeping Beam","floor":15.0,"key":"SMITH"},{"data":"Auto Shields","floor":23,"key":"SMITH"}],"neow_cost":"NONE","seed_source_timestamp":26540446391456,"circlet_count":0,"master_deck":["Strike_B","Strike_B","Strike_B","Defend_B","Defend_B","Defend_B","Defend_B","Zap+1","Dualcast","Cold Snap","Double Energy+1","Self Repair+1","Auto Shields+1","Streamline+1","Sweeping Beam+1","Electrodynamics","Go for the Eyes+1","Cold Snap+1","Auto Shields","Purity"],"special_seed":0,"relics":["Cracked Core","Golden Idol","Runic Capacitor","Centennial Puzzle","The Courier","Inserter"],"potions_floor_usage":[19,21,24],"damage_taken":[{"damage":0.0,"enemies":"Small Slimes","floor":1.0,"turns":3.0},{"damage":0.0,"enemies":"2 Louse","floor":4.0,"turns":3.0},{"damage":7.0,"enemies":"Jaw Worm","floor":10.0,"turns":3.0},{"damage":14.0,"enemies":"3 Sentries","floor":11.0,"turns":9.0},{"damage":10.0,"enemies":"Lots of Slimes","floor":12.0,"turns":3.0},{"damage":0.0,"enemies":"2 Fungi Beasts","floor":14.0,"turns":2.0},{"damage":33.0,"enemies":"Slime Boss","floor":16.0,"turns":8.0},{"damage":16.0,"enemies":"Spheric Guardian","floor":18.0,"turns":4.0},{"damage":8,"enemies":"3 Byrds","floor":19,"turns":4},{"damage":45,"enemies":"Snake Plant","floor":21,"turns":5},{"damage":48,"enemies":"Book of Stabbing","floor":24,"turns":7}],"seed_played":"-7726576957075309917","potions_obtained":[{"floor":1.0,"key":"EssenceOfSteel"},{"floor":11.0,"key":"Fire Potion"},{"floor":14.0,"key":"SpeedPotion"},{"floor":19,"key":"Regen Potion"}],"is_trial":false,"path_per_floor":["M","?","?","M","$","R","?","R","T","M","E","M","R","M","R","B",null,"M","M","?","M","$","R","E"],"character_chosen":"DEFECT","items_purchased":["Runic Capacitor","Auto Shields","Block Potion","Purity"],"campfire_rested":0,"item_purchase_floors":[5,22,22,22],"current_hp_per_floor":[75,57,62,62,62,62,62,62,62,55,48,38,38,38,38,5,80,71,63,63,42,42,42,0],"gold":166,"neow_bonus":"HUNDRED_GOLD","is_prod":false,"is_daily":false,"chose_seed":false,"campfire_upgraded":5,"win_rate":0,"timestamp":1550872440,"path_taken":["M","?","?","M","$","R","?","R","T","M","E","M","R","M","R","BOSS","M","M","?","M","$","R","E"],"build_version":"2019-01-23","purchased_purges":1,"victory":false,"max_hp_per_floor":[75,75,80,80,80,80,80,80,80,80,80,80,80,80,80,80,80,80,80,80,80,80,80,80],"card_choices":[{"not_picked":["Loop","Barrage"],"picked":"Cold Snap","floor":1.0},{"not_picked":["Blizzard","Stack"],"picked":"Double Energy","floor":4.0},{"not_picked":["Rip and Tear","Sweeping Beam"],"picked":"Self Repair","floor":10.0},{"not_picked":["Blizzard","Force Field"],"picked":"Auto Shields","floor":11.0},{"not_picked":["Rebound","Go for the Eyes"],"picked":"Streamline","floor":12.0},{"not_picked":["Gash","Barrage"],"picked":"Sweeping Beam","floor":14.0},{"not_picked":["Buffer","Fission"],"picked":"Electrodynamics","floor":16.0},{"not_picked":["Gash","Streamline","Compile Driver+1"],"picked":"SKIP","floor":18.0},{"not_picked":["Stack","Multi-Cast"],"picked":"Go for the Eyes+1","floor":19},{"not_picked":["Blizzard","Go for the Eyes"],"picked":"Cold Snap+1","floor":21}],"player_experience":233328,"relics_obtained":[{"floor":9.0,"key":"Centennial Puzzle"},{"floor":11.0,"key":"The Courier"}],"event_choices":[{"damage_healed":0.0,"max_hp_gain":0.0,"max_hp_loss":0.0,"gold_gain":0.0,"event_name":"Golden Idol","player_choice":"Take Damage","floor":2.0,"gold_loss":0.0,"damage_taken":18.0,"relics_obtained":["Golden Idol"]},{"damage_healed":0.0,"max_hp_gain":5.0,"max_hp_loss":0.0,"gold_gain":0.0,"event_name":"Big Fish","player_choice":"Donut","floor":3.0,"gold_loss":0.0,"damage_taken":0.0},{"damage_healed":0.0,"max_hp_gain":0.0,"max_hp_loss":0.0,"gold_gain":0.0,"event_name":"Liars Game","player_choice":"Ignored","floor":7.0,"gold_loss":0.0,"damage_taken":0.0},{"damage_healed":0,"gold_gain":0,"player_choice":"Upgraded","damage_taken":0,"max_hp_gain":0,"max_hp_loss":0,"event_name":"Upgrade Shrine","floor":20,"gold_loss":0,"cards_upgraded":["Self Repair"]}],"is_beta":false,"boss_relics":[{"not_picked":["Velvet Choker","Fusion Hammer"],"picked":"Inserter"}],"items_purged_floors":[22],"is_endless":false,"potions_floor_spawned":[1,11,14,19],"killed_by":"Book of Stabbing","ascension_level":3}