{"gold_per_floor":[114,114,125,125,145,145,177,190,213,213,112,287,304,320,320,416,416,431,47,57,57,68,68,99,115,115,143,143,173,187,217,217,313,313,323,343,343,353,373,408,408,418,500,530,530,544,556,589,589,589,589,589,11,39,39],"floor_reached":56,"playtime":3356,"items_purged":["Regret","Defend_R","Strike_R"],"score":1402,"play_id":"7d89279e-e907-431d-a629-34d6ae6636d8","local_time":"20190121095813","is_ascension_mode":true,"campfire_choices":[{"data":"Inflame","floor":6,"key":"SMITH"},{"data":"Metallicize","floor":10,"key":"SMITH"},{"data":"Uppercut","floor":15,"key":"SMITH"},{"data":"Armaments","floor":23,"key":"SMITH"},{"data":"Juggernaut","floor":28,"key":"SMITH"},{"data":"Offering","floor":32,"key":"SMITH"},{"floor":45,"key":"RECALL"},{"data":"Rage","floor":49,"key":"SMITH"},{"data":"Offering","floor":52,"key":"SMITH"}],"neow_cost":"NONE","seed_source_timestamp":3102820342586970,"circlet_count":0,"master_deck":["Strike_R","Strike_R","Strike_R","Strike_R","Bash","Metallicize+1","Cleave","Inflame+1","Intimidate","Clash","Uppercut+1","Anger","Offering+1","Sword Boomerang+1","Ghostly Armor","Armaments+1","Clash+1","Rage+1","Juggernaut+1","Feel No Pain+1","Pummel","Headbutt","Reaper","Fiend Fire","Sword Boomerang+1","Burning Pact+1","Offering+1","Anger+1","Metallicize+1","Whirlwind","Intimidate+1","Corruption","Reaper+1","Evolve","Havoc","Reaper+1","Wild Strike+1"],"relics":["Burning Blood","Orichalcum","Pen Nib","Happy Flower","PreservedInsect","Empty Cage","Medical Kit","Enchiridion","Pear","Pantograph","Bottled Tornado","Red Mask","Torii","Coffee Dripper","Matryoshka","Self Forming Clay","Anchor","Molten Egg 2","Ancient Tea Set","Ornamental Fan","Toolbox","Centennial Puzzle"],"potions_floor_usage":[7,27,55,55,55],"damage_taken":[{"damage":6,"enemies":"Jaw Worm","floor":1,"turns":3},{"damage":0,"enemies":"Small Slimes","floor":3,"turns":3},{"damage":3,"enemies":"Cultist","floor":5,"turns":3},{"damage":7,"enemies":"Gremlin Nob","floor":7,"turns":3},{"damage":9,"enemies":"Exordium Thugs","floor":8,"turns":4},{"damage":8,"enemies":"Gremlin Gang","floor":13,"turns":4},{"damage":6,"enemies":"Large Slime","floor":14,"turns":2},{"damage":24,"enemies":"Hexaghost","floor":16,"turns":7},{"damage":0,"enemies":"Chosen","floor":18,"turns":3},{"damage":0,"enemies":"3 Byrds","floor":20,"turns":4},{"damage":8,"enemies":"Snake Plant","floor":22,"turns":3},{"damage":8,"enemies":"Book of Stabbing","floor":24,"turns":2},{"damage":6,"enemies":"Snecko","floor":25,"turns":4},{"damage":8,"enemies":"Slavers","floor":27,"turns":4},{"damage":11,"enemies":"Masked Bandits","floor":29,"turns":3},{"damage":6,"enemies":"3 Cultists","floor":30,"turns":3},{"damage":9,"enemies":"Book of Stabbing","floor":31,"turns":2},{"damage":63,"enemies":"Collector","floor":33,"turns":7},{"damage":6,"enemies":"3 Darklings","floor":35,"turns":3},{"damage":8,"enemies":"3 Shapes","floor":36,"turns":3},{"damage":7,"enemies":"Sphere and 2 Shapes","floor":38,"turns":3},{"damage":8,"enemies":"Jaw Worm Horde","floor":39,"turns":3},{"damage":30,"enemies":"Reptomancer","floor":40,"turns":4},{"damage":18,"enemies":"Spire Growth","floor":42,"turns":2},{"damage":12,"enemies":"Giant Head","floor":44,"turns":3},{"damage":7,"enemies":"4 Shapes","floor":46,"turns":2},{"damage":12,"enemies":"Maw","floor":47,"turns":4},{"damage":13,"enemies":"Nemesis","floor":48,"turns":5},{"damage":38,"enemies":"Time Eater","floor":50,"turns":9},{"damage":12,"enemies":"Shield and Spear","floor":54,"turns":4},{"damage":50,"enemies":"The Heart","floor":55,"turns":8}],"seed_played":"5755401918011558655","potions_obtained":[{"floor":5,"key":"FearPotion"},{"floor":7,"key":"Weak Potion"},{"floor":14,"key":"Weak Potion"},{"floor":22,"key":"Block Potion"},{"floor":27,"key":"PowerPotion"},{"floor":33,"key":"PowerPotion"}],"is_trial":false,"path_per_floor":["?","?","?","M","?","?","?","M","T","M"],"character_chosen":"IRONCLAD","items_purchased":["Clash","Medical Kit","Ghostly Armor","Armaments","Evolve","Havoc","Reaper+1","Toolbox"],"campfire_rested":0,"item_purchase_floors":[11,19,19,19,53,53,53,53],"current_hp_per_floor":[80,73,79,79,80,80,79,76,76,76,76,76,74,74,74,56,80,80,80,80,64,62,62,70,70,70,68,68,63,63,60,60,37,90,90,90,90,90,88,77,77,65,65,90,90,89,90,83,83,66,90,90,90,90,86],"gold":39,"neow_bonus":"RANDOM_COMMON_RELIC","is_prod":false,"is_daily":false,"chose_seed":false,"campfire_upgraded":8,"win_rate":0,"timestamp":1548082693,"path_taken":["M","?","M","?","M","R","E","M","T","R","$","?","?","M","R","BOSS","M","$","M","?","M","R","E","M","T","E","R","?","M","E","R","BOSS","M","M","?","?","M","E","?","?","T","E","R","M","M","E","R","BOSS","R","$","E","BOSS"],"build_version":"2019-01-20","purchased_purges":3,"victory":true,"max_hp_per_floor":[80,80,80,80,80,80,80,80,80,80,80,80,80,80,80,80,80,80,80,80,80,80,80,90,90,90,90,90,90,90,90,90,90,90,90,90,90,90,90,90,90,90,90,90,90,90,90,90,90,90,90,90,90,90,90],"card_choices":[{"not_picked":["Wild Strike","Fire Breathing"],"picked":"Metallicize","floor":1},{"not_picked":["Headbutt","Flame Barrier"],"picked":"Cleave","floor":3},{"not_picked":["Rupture","Body Slam"],"picked":"Inflame","floor":5},{"not_picked":["Sever Soul","Warcry"],"picked":"Intimidate","floor":7},{"not_picked":["Cleave","Warcry","Blood for Blood"],"picked":"SKIP","floor":8},{"not_picked":["Twin Strike","Intimidate"],"picked":"Uppercut","floor":13},{"not_picked":["Iron Wave","Warcry"],"picked":"Anger","floor":14},{"not_picked":["Limit Break","Feed"],"picked":"Offering","floor":16},{"not_picked":["Heavy Blade","Corruption"],"picked":"Sword Boomerang+1","floor":18},{"not_picked":["True Grit+1","Blood for Blood"],"picked":"Clash+1","floor":20},{"not_picked":["Sword Boomerang","Shrug It Off"],"picked":"Rage","floor":22},{"not_picked":["Flame Barrier+1","Wild Strike"],"picked":"Juggernaut","floor":24},{"not_picked":["Intimidate","Clash"],"picked":"Feel No Pain+1","floor":25},{"not_picked":["Spot Weakness","Anger"],"picked":"Pummel","floor":27},{"not_picked":["Heavy Blade","Searing Blow"],"picked":"Headbutt","floor":29},{"not_picked":["Infernal Blade","Headbutt","Burning Pact"],"picked":"SKIP","floor":30},{"not_picked":["Anger","Body Slam+1"],"picked":"Reaper","floor":31},{"not_picked":["Double Tap","Dark Embrace"],"picked":"Fiend Fire","floor":33},{"not_picked":["Clothesline+1","Pommel Strike+1"],"picked":"Sword Boomerang+1","floor":35},{"not_picked":["Dropkick+1","Armaments"],"picked":"Burning Pact+1","floor":36},{"not_picked":["Iron Wave+1","Dropkick+1"],"picked":"Offering","floor":38},{"not_picked":["Twin Strike","Flex+1"],"picked":"Anger+1","floor":39},{"not_picked":["Shrug It Off","Entrench"],"picked":"Metallicize+1","floor":40},{"not_picked":["Heavy Blade+1","Flex"],"picked":"Whirlwind","floor":42},{"not_picked":["Dark Embrace","Carnage+1"],"picked":"Intimidate+1","floor":44},{"not_picked":["Sword Boomerang+1","Anger+1","Entrench"],"picked":"SKIP","floor":46},{"not_picked":["Flex","Armaments+1"],"picked":"Corruption","floor":47},{"not_picked":["Warcry","Blood for Blood+1"],"picked":"Reaper+1","floor":48},{"not_picked":["Thunderclap+1","Clash+1"],"picked":"Wild Strike+1","floor":54}],"player_experience":4133227,"relics_obtained":[{"floor":7,"key":"Happy Flower"},{"floor":9,"key":"PreservedInsect"},{"floor":21,"key":"Enchiridion"},{"floor":24,"key":"Pear"},{"floor":26,"key":"Pantograph"},{"floor":27,"key":"Bottled Tornado"},{"floor":29,"key":"Red Mask"},{"floor":31,"key":"Torii"},{"floor":40,"key":"Matryoshka"},{"floor":41,"key":"Self Forming Clay"},{"floor":43,"key":"Anchor"},{"floor":43,"key":"Molten Egg 2"},{"floor":44,"key":"Ancient Tea Set"},{"floor":48,"key":"Ornamental Fan"},{"floor":54,"key":"Centennial Puzzle"}],"event_choices":[{"cards_removed":["Defend_R"],"damage_healed":0,"gold_gain":0,"player_choice":"Card Removal","damage_taken":7,"max_hp_gain":0,"max_hp_loss":0,"event_name":"Golden Wing","floor":2,"gold_loss":0},{"damage_healed":0,"gold_gain":0,"player_choice":"Box","damage_taken":0,"relics_obtained":["Pen Nib"],"max_hp_gain":0,"max_hp_loss":0,"event_name":"Big Fish","floor":4,"gold_loss":0,"cards_obtained":["Regret"]},{"damage_healed":0,"gold_gain":175,"player_choice":"AGREE","damage_taken":0,"max_hp_gain":0,"max_hp_loss":0,"event_name":"Liars Game","floor":12,"gold_loss":0,"cards_obtained":["Doubt"]},{"damage_healed":0,"gold_gain":0,"player_choice":"Obtained Book","damage_taken":16,"max_hp_gain":0,"max_hp_loss":0,"event_name":"Cursed Tome","floor":21,"gold_loss":0},{"damage_healed":0,"gold_gain":0,"player_choice":"Fought Bandits","damage_taken":0,"max_hp_gain":0,"max_hp_loss":0,"event_name":"Masked Bandits","floor":29,"gold_loss":0},{"cards_removed":["Defend_R"],"damage_healed":0,"gold_gain":0,"player_choice":"Purged","damage_taken":0,"max_hp_gain":0,"max_hp_loss":0,"event_name":"Purifier","floor":37,"gold_loss":0}],"is_beta":true,"boss_relics":[{"not_picked":["Philosopher\u0027s Stone","Fusion Hammer"],"picked":"Empty Cage"},{"not_picked":["Lizard Tail","Calling Bell"],"picked":"Coffee Dripper"}],"items_purged_floors":[11,19,53],"is_endless":false,"potions_floor_spawned":[5,7,14,22,25,27,30,33,35,38,46],"ascension_level":1}