{"gold_per_floor":[110,126,37,49,62,97,97,107,134,151,181,356,389,262,262,262],"floor_reached":16,"playtime":771,"items_purged":["Doubt"],"score":153,"play_id":"6eae7f56-bb32-4a0a-9f1c-8aa468e69c5d","local_time":"20181126074026","is_ascension_mode":true,"campfire_choices":[{"data":"Armaments","floor":15,"key":"SMITH"}],"neow_cost":"NONE","seed_source_timestamp":184409669778066,"circlet_count":0,"master_deck":["Strike_R","Strike_R","Strike_R","Strike_R","Strike_R","Defend_R+1","Defend_R+1","Defend_R","Defend_R","Bash","Rampage","Feel No Pain","Feed","Headbutt","True Grit","Armaments+1"],"relics":["Burning Blood","PreservedInsect","Pen Nib","Juzu Bracelet","Art of War","Mummified Hand"],"potions_floor_usage":[6,10,16],"damage_taken":[{"damage":6,"enemies":"Cultist","floor":1,"turns":3},{"damage":0,"enemies":"Small Slimes","floor":2,"turns":3},{"damage":5,"enemies":"Jaw Worm","floor":4,"turns":4},{"damage":24,"enemies":"Exordium Wildlife","floor":5,"turns":7},{"damage":8,"enemies":"Gremlin Nob","floor":6,"turns":4},{"damage":18,"enemies":"Lots of Slimes","floor":8,"turns":5},{"damage":0,"enemies":"Looter","floor":10,"turns":2},{"damage":11,"enemies":"3 Sentries","floor":11,"turns":7},{"damage":20,"enemies":"Lagavulin","floor":13,"turns":8},{"damage":37,"enemies":"Hexaghost","floor":16,"turns":9}],"seed_played":"-9048624744381890102","potions_obtained":[{"floor":5,"key":"Block Potion"},{"floor":6,"key":"Swift Potion"},{"floor":8,"key":"Fire Potion"}],"is_trial":false,"path_per_floor":["M","M","?","M","M","E","?","M","T","M","E","?","E","$","R","B"],"character_chosen":"IRONCLAD","items_purchased":["Armaments"],"campfire_rested":0,"item_purchase_floors":[14],"current_hp_per_floor":[88,88,88,88,70,68,50,41,41,50,48,48,37,37,37,0],"gold":262,"neow_bonus":"TEN_PERCENT_HP_BONUS","is_prod":false,"is_daily":false,"chose_seed":false,"campfire_upgraded":1,"win_rate":0,"timestamp":1543236026,"path_taken":["M","M","?","M","?","E","?","M","T","M","E","?","E","?","R","BOSS"],"build_version":"2018-11-15","purchased_purges":1,"victory":false,"max_hp_per_floor":[88,88,88,88,88,88,88,91,91,94,97,97,100,100,100,100],"card_choices":[{"not_picked":["Clothesline","Shrug It Off"],"picked":"Rampage","floor":1},{"not_picked":["Hemokinesis","Armaments"],"picked":"Feel No Pain","floor":2},{"not_picked":["Bloodletting","Second Wind","Havoc"],"picked":"SKIP","floor":4},{"not_picked":["Dropkick","Inflame","Cleave"],"picked":"SKIP","floor":5},{"not_picked":["Flame Barrier","Rage"],"picked":"Feed","floor":6},{"not_picked":["Clothesline","Heavy Blade"],"picked":"Headbutt","floor":8},{"not_picked":["Clothesline","Pommel Strike","Seeing Red"],"picked":"SKIP","floor":10},{"not_picked":["Rupture","Blood for Blood"],"picked":"True Grit","floor":11},{"not_picked":["Second Wind","Heavy Blade","Reaper"],"picked":"SKIP","floor":13}],"player_experience":3546318,"relics_obtained":[{"floor":6,"key":"Pen Nib"},{"floor":9,"key":"Juzu Bracelet"},{"floor":11,"key":"Art of War"},{"floor":13,"key":"Mummified Hand"}],"event_choices":[{"damage_healed":0,"gold_gain":0,"player_choice":"Paid Gold","damage_taken":0,"relics_obtained":["PreservedInsect"],"max_hp_gain":0,"max_hp_loss":0,"event_name":"WeMeetAgain","floor":3,"gold_loss":89},{"damage_healed":0,"gold_gain":0,"player_choice":"Entered Light","damage_taken":18,"max_hp_gain":0,"max_hp_loss":0,"event_name":"Shining Light","floor":7,"gold_loss":0,"cards_upgraded":["Defend_R","Defend_R"]},{"damage_healed":0,"gold_gain":175,"player_choice":"AGREE","damage_taken":0,"max_hp_gain":0,"max_hp_loss":0,"event_name":"Liars Game","floor":12,"gold_loss":0,"cards_obtained":["Doubt"]}],"is_beta":true,"boss_relics":[],"items_purged_floors":[14],"is_endless":false,"potions_floor_spawned":[5,6,8],"killed_by":"Hexaghost","ascension_level":1}