{"gold_per_floor":[115,65,65,65,75,100,100,132,183,183,5,5,80,80,80,175,175,191,63,63,82,98,132,231,231,256,289,289,304,319,499,499,596,596,606,623,638,638,655,655,687,687,687,687,717,717,749,764,764,764,764,764,40,65,65],"floor_reached":56,"playtime":3489,"items_purged":["Perfected Strike","Parasite"],"score":1379,"play_id":"10984655-6afd-4efe-8250-5c9314e591af","local_time":"20190120084059","is_ascension_mode":true,"campfire_choices":[{"data":"Intimidate","floor":7,"key":"SMITH"},{"data":"Combust","floor":10,"key":"SMITH"},{"data":"Apotheosis","floor":12,"key":"SMITH"},{"floor":15,"key":"REST"},{"data":"Barricade","floor":25,"key":"SMITH"},{"floor":32,"key":"REST"},{"floor":40,"key":"REST"},{"floor":42,"key":"RECALL"},{"data":"Demon Form","floor":44,"key":"SMITH"},{"data":"Dual Wield","floor":49,"key":"SMITH"},{"data":"Thinking Ahead","floor":52,"key":"SMITH"}],"neow_cost":"NONE","seed_source_timestamp":3011667305573204,"circlet_count":0,"master_deck":["Bash+1","Clash","Intimidate+1","Iron Wave","Combust+1","Apotheosis+1","Dropkick","Barricade+1","Reaper","Thunderclap","Iron Wave","Cleave","Dual Wield+1","Havoc","Uppercut","Rage","Demon Form+1","Shrug It Off","Rage","Immolate","Flame Barrier+1","Warcry+1","Iron Wave","Dropkick","Impatience","Thinking Ahead+1","Dark Shackles","Heavy Blade","Sword Boomerang+1","Warcry","Headbutt"],"relics":["Burning Blood","NeowsBlessing","Centennial Puzzle","The Courier","Bag of Marbles","Mummified Hand","Pandora\u0027s Box","Strawberry","Lantern","Shuriken","Runic Dome","Blood Vial","Vajra","Potion Belt","Membership Card","Mango","Bag of Preparation","Bronze Scales","Bottled Lightning","Oddly Smooth Stone","Art of War","Happy Flower"],"potions_floor_usage":[16,23,27,54,55,55,55,55],"damage_taken":[{"damage":0,"enemies":"2 Louse","floor":1,"turns":1},{"damage":0,"enemies":"Small Slimes","floor":5,"turns":1},{"damage":0,"enemies":"Lagavulin","floor":6,"turns":1},{"damage":15,"enemies":"Gremlin Nob","floor":8,"turns":5},{"damage":25,"enemies":"The Guardian","floor":16,"turns":8},{"damage":5,"enemies":"Chosen","floor":18,"turns":3},{"damage":7,"enemies":"Shell Parasite","floor":21,"turns":2},{"damage":1,"enemies":"3 Cultists","floor":22,"turns":3},{"damage":20,"enemies":"Book of Stabbing","floor":23,"turns":4},{"damage":8,"enemies":"Gremlin Leader","floor":27,"turns":5},{"damage":18,"enemies":"Snake Plant","floor":29,"turns":3},{"damage":7,"enemies":"Cultist and Chosen","floor":30,"turns":4},{"damage":22,"enemies":"Champ","floor":33,"turns":7},{"damage":0,"enemies":"Orb Walker","floor":35,"turns":3},{"damage":2,"enemies":"3 Darklings","floor":36,"turns":2},{"damage":55,"enemies":"Writhing Mass","floor":37,"turns":5},{"damage":13,"enemies":"4 Shapes","floor":39,"turns":5},{"damage":11,"enemies":"Giant Head","floor":41,"turns":6},{"damage":6,"enemies":"Nemesis","floor":45,"turns":7},{"damage":4,"enemies":"Reptomancer","floor":47,"turns":5},{"damage":12,"enemies":"Jaw Worm Horde","floor":48,"turns":3},{"damage":39,"enemies":"Awakened One","floor":50,"turns":9},{"damage":10,"enemies":"Shield and Spear","floor":54,"turns":4},{"damage":69,"enemies":"The Heart","floor":55,"turns":7}],"seed_played":"-1318131756666309620","potions_obtained":[{"floor":5,"key":"SpeedPotion"},{"floor":8,"key":"Block Potion"},{"floor":21,"key":"Poison Potion"},{"floor":29,"key":"Strength Potion"},{"floor":33,"key":"LiquidBronze"},{"floor":37,"key":"PowerPotion"},{"floor":45,"key":"Regen Potion"},{"floor":48,"key":"Energy Potion"},{"floor":54,"key":"FairyPotion"}],"is_trial":false,"path_per_floor":["M","?","?","?","M","E","R","E","T","R","$","R","?","?","R","B",null,"M","$","?","M","M","E","?","R","T","E","?","M","M","?","R","B",null,"M","M","M","?","M","R","E","R","T","R","E","?","E","M","R","B",null,"R","$","E","B",null],"character_chosen":"IRONCLAD","items_purchased":["Apotheosis","Dropkick","Uppercut","Explosive Potion","Membership Card","Mango","Bag of Preparation","Bronze Scales","Bottled Lightning","Oddly Smooth Stone","BloodPotion","Warcry","Art of War"],"campfire_rested":3,"item_purchase_floors":[11,11,19,19,53,53,53,53,53,53,53,53,53],"current_hp_per_floor":[80,80,80,64,70,76,76,67,67,67,67,67,56,38,62,43,80,80,80,80,80,80,78,78,78,78,83,66,54,65,38,65,49,92,92,92,62,62,55,81,87,87,87,87,87,77,87,81,81,87,87,87,98,94,54],"gold":65,"neow_bonus":"THREE_ENEMY_KILL","is_prod":false,"is_daily":false,"chose_seed":false,"campfire_upgraded":7,"win_rate":0,"timestamp":1547991659,"path_taken":["M","?","?","?","M","E","R","E","T","R","$","R","?","?","R","BOSS","M","$","?","M","M","E","?","R","T","E","?","M","M","?","R","BOSS","M","?","M","?","M","R","E","R","T","R","E","?","E","?","R","BOSS","R","$","E","BOSS"],"build_version":"2019-01-19","purchased_purges":2,"victory":true,"max_hp_per_floor":[80,80,80,80,80,80,80,80,80,80,80,80,80,80,80,80,80,80,80,80,80,80,87,87,87,87,87,92,92,92,92,92,92,92,92,92,92,87,87,87,87,87,87,87,87,87,87,87,87,87,87,87,98,98,98],"card_choices":[{"not_picked":["Reckless Charge","Headbutt"],"picked":"Clash","floor":1},{"not_picked":["Heavy Blade","Hemokinesis"],"picked":"Intimidate","floor":5},{"not_picked":["Cleave","Heavy Blade"],"picked":"Iron Wave","floor":6},{"not_picked":["Blood for Blood","Whirlwind"],"picked":"Combust","floor":8},{"not_picked":["Exhume","Fiend Fire"],"picked":"Barricade","floor":16},{"not_picked":["Corruption","Burning Pact","Pommel Strike"],"picked":"SKIP","floor":18},{"not_picked":["Havoc","Clothesline","Perfected Strike"],"picked":"SKIP","floor":21},{"not_picked":["Seeing Red+1","Dark Embrace","Cleave"],"picked":"SKIP","floor":22},{"not_picked":["Pommel Strike","Infernal Blade+1"],"picked":"Demon Form","floor":23},{"not_picked":["Reckless Charge","Flex+1","Inflame"],"picked":"SKIP","floor":27},{"not_picked":["Clothesline","Clash+1"],"picked":"Shrug It Off","floor":29},{"not_picked":["Flex","Pommel Strike"],"picked":"Rage","floor":30},{"not_picked":["Barricade","Limit Break"],"picked":"Immolate","floor":33},{"not_picked":["Headbutt+1","Warcry"],"picked":"Flame Barrier+1","floor":35},{"not_picked":["Perfected Strike","Sword Boomerang+1"],"picked":"Warcry+1","floor":36},{"not_picked":["Carnage+1","Brutality"],"picked":"Iron Wave","floor":37},{"not_picked":["Sword Boomerang+1","Blood for Blood"],"picked":"Dropkick","floor":39},{"not_picked":["True Grit","Spot Weakness","Thunderclap+1"],"picked":"SKIP","floor":41},{"not_picked":["Flex+1","Clothesline","Wild Strike"],"picked":"SKIP","floor":45},{"not_picked":["Forethought","Enlightenment"],"picked":"Impatience","floor":46},{"not_picked":["Good Instincts","Panacea"],"picked":"Thinking Ahead","floor":46},{"not_picked":["The Bomb","Deep Breath"],"picked":"Dark Shackles","floor":46},{"not_picked":["Spot Weakness","Body Slam"],"picked":"Heavy Blade","floor":47},{"not_picked":["Perfected Strike","Cleave+1"],"picked":"Sword Boomerang+1","floor":48},{"not_picked":["Body Slam","Sword Boomerang+1"],"picked":"Headbutt","floor":54}],"player_experience":4115516,"relics_obtained":[{"floor":6,"key":"Centennial Puzzle"},{"floor":8,"key":"The Courier"},{"floor":9,"key":"Bag of Marbles"},{"floor":23,"key":"Strawberry"},{"floor":26,"key":"Lantern"},{"floor":27,"key":"Shuriken"},{"floor":41,"key":"Blood Vial"},{"floor":45,"key":"Vajra"},{"floor":47,"key":"Potion Belt"},{"floor":54,"key":"Happy Flower"}],"event_choices":[{"cards_removed":["Defend_R"],"damage_healed":0,"gold_gain":0,"player_choice":"Card Removal","damage_taken":0,"max_hp_gain":0,"max_hp_loss":0,"event_name":"The Cleric","floor":2,"gold_loss":50},{"cards_removed":["Strike_R"],"damage_healed":0,"gold_gain":0,"player_choice":"Forget","damage_taken":0,"max_hp_gain":0,"max_hp_loss":0,"event_name":"Living Wall","floor":3,"gold_loss":0},{"damage_healed":0,"gold_gain":0,"player_choice":"Entered Light","damage_taken":16,"max_hp_gain":0,"max_hp_loss":0,"event_name":"Shining Light","floor":4,"gold_loss":0,"cards_upgraded":["Strike_R","Bash"]},{"damage_healed":0,"gold_gain":75,"player_choice":"Gather Gold","damage_taken":11,"max_hp_gain":0,"max_hp_loss":0,"event_name":"World of Goop","floor":13,"gold_loss":0},{"damage_healed":0,"gold_gain":0,"player_choice":"Success","damage_taken":18,"relics_obtained":["Mummified Hand"],"max_hp_gain":0,"max_hp_loss":0,"event_name":"Scrap Ooze","floor":14,"gold_loss":0},{"damage_healed":0,"gold_gain":0,"player_choice":"Read","damage_taken":0,"max_hp_gain":0,"max_hp_loss":0,"event_name":"The Library","floor":20,"gold_loss":0,"cards_obtained":["Rage"]},{"damage_healed":0,"gold_gain":99,"player_choice":"Stole From Cult","damage_taken":0,"max_hp_gain":0,"max_hp_loss":0,"event_name":"Nest","floor":24,"gold_loss":0},{"damage_healed":0,"gold_gain":0,"player_choice":"Shed Blood","damage_taken":22,"max_hp_gain":5,"max_hp_loss":0,"event_name":"Forgotten Altar","floor":28,"gold_loss":0},{"damage_healed":0,"gold_gain":180,"player_choice":"GOLD GOLD ","damage_taken":27,"max_hp_gain":0,"max_hp_loss":0,"event_name":"Knowing Skull","floor":31,"potions_obtained":[],"gold_loss":0,"cards_obtained":[]},{"damage_healed":0,"gold_gain":0,"player_choice":"Max HP","damage_taken":0,"max_hp_gain":0,"max_hp_loss":5,"event_name":"Winding Halls","floor":38,"gold_loss":0},{"damage_healed":0,"gold_gain":0,"player_choice":"Memory 3","damage_taken":10,"max_hp_gain":0,"max_hp_loss":0,"event_name":"SensoryStone","floor":46,"gold_loss":0}],"is_beta":true,"boss_relics":[{"not_picked":["Lizard Tail","White Beast Statue"],"picked":"Pandora\u0027s Box"},{"not_picked":["Coffee Dripper","Fusion Hammer"],"picked":"Runic Dome"}],"items_purged_floors":[19,53],"is_endless":false,"potions_floor_spawned":[5,8,21,22,29,33,37,45,48,54],"ascension_level":1}