{"gold_per_floor":[109,29,29,29,49,90,90,128,155,155,195,146,184,209,209,329,329,348,548,561,585,585],"floor_reached":22,"playtime":1018,"items_purged":[],"score":244,"play_id":"568bda93-86ba-4699-aa79-417cdc537c5a","local_time":"20190205211509","is_ascension_mode":true,"campfire_choices":[{"floor":7,"key":"REST"},{"floor":10,"key":"REST"},{"data":"Riddle With Holes","floor":15,"key":"SMITH"}],"neow_cost":"NONE","seed_source_timestamp":772824680132791,"circlet_count":0,"master_deck":["Defend_G","Defend_G+1","Defend_G+1","Defend_G","Defend_G","Strike_G","Strike_G","Strike_G+1","Strike_G","Strike_G","Survivor","Neutralize+1","Blur+1","Blur","Sucker Punch","Riddle With Holes+1","Tactician","Riddle With Holes","All Out Attack","All Out Attack","Corpse Explosion","Crippling Poison+1","Flying Knee","Deadly Poison"],"relics":["Ring of the Snake","Golden Idol","Smiling Mask","War Paint","Vajra","Boot","Meat on the Bone","Lizard Tail"],"potions_floor_usage":[8],"damage_taken":[{"damage":4,"enemies":"Small Slimes","floor":1,"turns":4},{"damage":0,"enemies":"2 Louse","floor":5,"turns":4},{"damage":19,"enemies":"Gremlin Nob","floor":6,"turns":6},{"damage":22,"enemies":"Lagavulin","floor":8,"turns":9},{"damage":17,"enemies":"Gremlin Nob","floor":11,"turns":4},{"damage":2,"enemies":"Lagavulin","floor":13,"turns":6},{"damage":0,"enemies":"Cultist","floor":14,"turns":2},{"damage":29,"enemies":"Slime Boss","floor":16,"turns":7},{"damage":0,"enemies":"Chosen","floor":18,"turns":4},{"damage":12,"enemies":"Shell Parasite","floor":20,"turns":3},{"damage":36,"enemies":"Chosen and Byrds","floor":21,"turns":7},{"damage":0,"enemies":"Sentry and Sphere","floor":22,"turns":1}],"seed_played":"-8375618468430995403","potions_obtained":[{"floor":1,"key":"SteroidPotion"},{"floor":5,"key":"FairyPotion"},{"floor":11,"key":"FairyPotion"},{"floor":13,"key":"SneckoOil"},{"floor":18,"key":"Swift Potion"}],"is_trial":false,"path_per_floor":["M","$","?","?","M","E","R","E","T","R","E","?","E","M","R","B",null,"M","?","M","M","M"],"character_chosen":"THE_SILENT","items_purchased":["Blur"],"campfire_rested":2,"item_purchase_floors":[2],"current_hp_per_floor":[66,66,52,35,35,16,37,15,15,36,19,19,17,29,29,19,70,70,70,58,34,34],"gold":585,"neow_bonus":"UPGRADE_CARD","is_prod":false,"is_daily":false,"chose_seed":false,"campfire_upgraded":1,"win_rate":0,"timestamp":1549430109,"path_taken":["M","$","?","?","M","E","R","E","T","R","E","?","E","M","R","BOSS","M","?","?","M","?"],"build_version":"2019-01-23","purchased_purges":0,"victory":false,"max_hp_per_floor":[70,70,70,70,70,70,70,70,70,70,70,70,70,70,70,70,70,70,70,70,70,70],"card_choices":[{"not_picked":["Footwork","Eviscerate"],"picked":"Blur","floor":1},{"not_picked":["Dagger Spray","Dodge and Roll"],"picked":"Sucker Punch","floor":5},{"not_picked":["Masterful Stab","Finisher"],"picked":"Riddle With Holes","floor":6},{"not_picked":["Backflip","Escape Plan"],"picked":"Tactician","floor":8},{"not_picked":["Masterful Stab","Dodge and Roll"],"picked":"Riddle With Holes","floor":11},{"not_picked":["Dagger Spray","PiercingWail"],"picked":"All Out Attack","floor":13},{"not_picked":["Flechettes","Bouncing Flask"],"picked":"All Out Attack","floor":14},{"not_picked":["Unload","Envenom"],"picked":"Corpse Explosion","floor":16},{"not_picked":["Accuracy","Catalyst"],"picked":"Crippling Poison+1","floor":18},{"not_picked":["Caltrops","Outmaneuver"],"picked":"Flying Knee","floor":20},{"not_picked":["Backflip","Blade Dance"],"picked":"Deadly Poison","floor":21}],"player_experience":92527,"relics_obtained":[{"floor":6,"key":"Smiling Mask"},{"floor":8,"key":"War Paint"},{"floor":9,"key":"Vajra"},{"floor":11,"key":"Boot"},{"floor":13,"key":"Meat on the Bone"}],"event_choices":[{"damage_healed":0,"gold_gain":0,"player_choice":"Entered Light","damage_taken":14,"max_hp_gain":0,"max_hp_loss":0,"event_name":"Shining Light","floor":3,"gold_loss":0,"cards_upgraded":["Blur","Strike_G"]},{"damage_healed":0,"gold_gain":0,"player_choice":"Take Damage","damage_taken":17,"relics_obtained":["Golden Idol"],"max_hp_gain":0,"max_hp_loss":0,"event_name":"Golden Idol","floor":4,"gold_loss":0},{"damage_healed":0,"gold_gain":0,"player_choice":"Left Gold","damage_taken":0,"max_hp_gain":0,"max_hp_loss":0,"event_name":"World of Goop","floor":12,"gold_loss":49},{"damage_healed":0,"gold_gain":250,"player_choice":"Bet on Owner","damage_taken":0,"max_hp_gain":0,"max_hp_loss":0,"event_name":"The Joust","floor":19,"gold_loss":50}],"is_beta":false,"boss_relics":[{"not_picked":["Fusion Hammer","Empty Cage"],"picked":"Lizard Tail"}],"items_purged_floors":[],"is_endless":false,"potions_floor_spawned":[1,5,11,13,18,21],"killed_by":"Sentry and Sphere","ascension_level":3}