{"gold_per_floor":[113,133,153,153,178,178,209,209,261,294,8,19,19,33,33,132,132,147,147,247,247,26,57,15,32,32,32,57,57,84,10,10,105,105,115,127,1126,1146,1146,1171,1183,1197,1197,1226,1226,223,223,257,257,257,257,257,24,58,58],"floor_reached":56,"playtime":3148,"items_purged":["Defend_R"],"score":1610,"play_id":"daa9e381-1a3f-4f1b-b518-8af95a312157","local_time":"20181109025519","is_ascension_mode":true,"campfire_choices":[{"data":"Disarm","floor":6,"key":"SMITH"},{"data":"True Grit","floor":8,"key":"SMITH"},{"data":"Perfected Strike","floor":13,"key":"SMITH"},{"data":"Uppercut","floor":15,"key":"SMITH"},{"data":"Apotheosis","floor":27,"key":"SMITH"},{"data":"Perfected Strike","floor":29,"key":"SMITH"},{"data":"Perfected Strike","floor":32,"key":"SMITH"},{"data":"Bloodletting","floor":45,"key":"SMITH"},{"floor":49,"key":"RECALL"},{"data":"Perfected Strike","floor":52,"key":"SMITH"}],"neow_cost":"NONE","seed_source_timestamp":1288223606369781,"circlet_count":0,"master_deck":["Strike_R","Strike_R+1","Strike_R","Strike_R","Strike_R","Defend_R","Defend_R","Bash+1","Iron Wave","True Grit+1","Disarm+1","Pommel Strike","Perfected Strike+1","Corruption+1","Uppercut+1","Twin Strike","Immolate","Twin Strike","Perfected Strike+1","Ghostly","Ghostly","Ghostly+1","Ghostly","Ghostly+1","Perfected Strike+1","Apotheosis+1","Headbutt","Perfected Strike+1","Battle Trance","Perfected Strike","Bloodletting+1","Feed","Wild Strike+1","True Grit+1","Flame Barrier","Impervious","Shrug It Off+1","Shrug It Off","Shrug It Off","Pommel Strike","Sentinel","Thunderclap+1"],"relics":["Burning Blood","Pen Nib","Frozen Egg 2","Art of War","Omamori","Strange Spoon","Velvet Choker","Ice Cream","Matryoshka","The Courier","Potion Belt","Blood Vial","Girya","Bag of Marbles","Black Star","Strawberry","Orichalcum","Regal Pillow","Anchor","Oddly Smooth Stone","Vajra","Shuriken","PreservedInsect","Mummified Hand","Mango","Turnip","Torii","Happy Flower","Juzu Bracelet","War Paint"],"potions_floor_usage":[7,10,10,18,20,20,30,44,55,55,55,55,55],"damage_taken":[{"damage":7,"enemies":"Small Slimes","floor":1,"turns":3},{"damage":1,"enemies":"Jaw Worm","floor":2,"turns":4},{"damage":0,"enemies":"2 Louse","floor":3,"turns":3},{"damage":14,"enemies":"3 Sentries","floor":7,"turns":11},{"damage":19,"enemies":"Gremlin Nob","floor":10,"turns":4},{"damage":4,"enemies":"2 Fungi Beasts","floor":12,"turns":3},{"damage":7,"enemies":"Blue Slaver","floor":14,"turns":3},{"damage":10,"enemies":"Hexaghost","floor":16,"turns":12},{"damage":5,"enemies":"2 Thieves","floor":18,"turns":4},{"damage":9,"enemies":"Colosseum Slavers","floor":20,"turns":3},{"damage":22,"enemies":"Colosseum Nobs","floor":20,"turns":4},{"damage":3,"enemies":"Slavers","floor":23,"turns":6},{"damage":0,"enemies":"3 Byrds","floor":25,"turns":4},{"damage":10,"enemies":"Book of Stabbing","floor":28,"turns":4},{"damage":7,"enemies":"Slavers","floor":30,"turns":3},{"damage":1,"enemies":"Collector","floor":33,"turns":5},{"damage":7,"enemies":"3 Shapes","floor":35,"turns":3},{"damage":9,"enemies":"3 Darklings","floor":36,"turns":3},{"damage":12,"enemies":"4 Shapes","floor":38,"turns":4},{"damage":1,"enemies":"Nemesis","floor":40,"turns":9},{"damage":0,"enemies":"Transient","floor":41,"turns":5},{"damage":0,"enemies":"Maw","floor":42,"turns":5},{"damage":20,"enemies":"Giant Head","floor":44,"turns":10},{"damage":1,"enemies":"Nemesis","floor":48,"turns":5},{"damage":21,"enemies":"Donu and Deca","floor":50,"turns":8},{"damage":0,"enemies":"Shield and Spear","floor":54,"turns":4},{"damage":59,"enemies":"The Heart","floor":55,"turns":9}],"seed_played":"3480795985963265112","potions_obtained":[{"floor":0,"key":"Energy Potion"},{"floor":0,"key":"Dexterity Potion"},{"floor":0,"key":"SneckoOil"},{"floor":1,"key":"Swift Potion"},{"floor":7,"key":"EssenceOfSteel"},{"floor":10,"key":"FearPotion"},{"floor":16,"key":"GamblersBrew"},{"floor":28,"key":"GamblersBrew"},{"floor":30,"key":"Regen Potion"},{"floor":40,"key":"SkillPotion"},{"floor":42,"key":"BloodPotion"},{"floor":44,"key":"Block Potion"}],"is_trial":false,"path_per_floor":["M","M","M","?","T","R","E","R","T","E","$","M","R","M","R","B",null,"M","?","?","?","$","E","$","M","T","R","E","R","E","$","R","B",null,"M","M","?","M","?","E","M","M","T","E","R","$","?","E","R","B",null,"R","$","E","B",null],"character_chosen":"IRONCLAD","items_purchased":["Corruption+1","Strange Spoon","Perfected Strike","Apotheosis","Headbutt","Perfected Strike","Bloodletting","Vajra","Shuriken","PreservedInsect","Mummified Hand","Mango","Shrug It Off","Block Potion","Happy Flower","Energy Potion","Pommel Strike","Sentinel"],"campfire_rested":0,"item_purchase_floors":[11,11,22,22,24,31,31,46,46,46,46,46,46,46,53,53,53,53],"current_hp_per_floor":[79,80,80,64,64,64,56,56,56,43,43,45,45,44,44,40,80,80,80,61,40,40,40,40,40,40,40,36,36,37,37,37,40,40,39,37,37,33,33,45,45,45,45,31,31,45,45,52,52,39,59,59,59,59,26],"gold":58,"neow_bonus":"THREE_SMALL_POTIONS","is_prod":false,"is_daily":false,"chose_seed":false,"campfire_upgraded":9,"win_rate":0,"timestamp":1541750119,"path_taken":["M","M","M","?","?","R","E","R","T","E","$","M","R","M","R","BOSS","M","?","?","?","?","E","$","M","T","R","E","R","E","$","R","BOSS","M","M","?","M","?","E","M","M","T","E","R","$","?","E","R","BOSS","R","$","E","BOSS"],"build_version":"2018-11-08","purchased_purges":1,"victory":true,"max_hp_per_floor":[80,80,80,80,80,80,80,80,80,80,80,80,80,80,80,80,80,80,80,80,40,40,40,40,40,40,40,40,40,40,40,40,40,40,40,40,40,40,38,45,45,45,45,45,45,59,59,59,59,59,59,59,59,59,59],"card_choices":[{"not_picked":["Bloodletting","Seeing Red"],"picked":"Iron Wave","floor":1},{"not_picked":["Infernal Blade","Blood for Blood"],"picked":"True Grit","floor":2},{"not_picked":["Sword Boomerang","Clothesline"],"picked":"Disarm","floor":3},{"not_picked":["Brutality","Flame Barrier"],"picked":"Pommel Strike","floor":7},{"not_picked":["Bludgeon","Uppercut"],"picked":"Perfected Strike","floor":10},{"not_picked":["Anger","Infernal Blade"],"picked":"Uppercut","floor":12},{"not_picked":["Seeing Red","Clash"],"picked":"Twin Strike","floor":14},{"not_picked":["Dark Embrace+1","Offering"],"picked":"Immolate","floor":16},{"not_picked":["Cleave","Sword Boomerang","Infernal Blade+1"],"picked":"SKIP","floor":18},{"not_picked":["Ghostly Armor","Headbutt"],"picked":"Perfected Strike","floor":20},{"not_picked":["Clothesline","Cleave","Bludgeon"],"picked":"SKIP","floor":23},{"not_picked":["Cleave","Headbutt+1","Intimidate+1"],"picked":"SKIP","floor":25},{"not_picked":["Clothesline","Reaper"],"picked":"Perfected Strike","floor":28},{"not_picked":["Heavy Blade","Barricade+1"],"picked":"Battle Trance","floor":30},{"not_picked":["Reaper","Limit Break"],"picked":"Feed","floor":33},{"not_picked":["Bloodletting+1","Cleave+1"],"picked":"Wild Strike+1","floor":35},{"not_picked":["Dual Wield","Iron Wave+1"],"picked":"True Grit+1","floor":36},{"not_picked":["Body Slam","Sword Boomerang","Clothesline+1"],"picked":"SKIP","floor":38},{"not_picked":["Entrench","Headbutt"],"picked":"Flame Barrier","floor":40},{"not_picked":["Anger+1","Dual Wield","Wild Strike"],"picked":"SKIP","floor":41},{"not_picked":["Warcry+1","Havoc"],"picked":"Impervious","floor":42},{"not_picked":["Body Slam+1","Twin Strike"],"picked":"Shrug It Off+1","floor":44},{"not_picked":["Clothesline","Body Slam"],"picked":"Shrug It Off","floor":48},{"not_picked":["Clothesline+1","Entrench"],"picked":"Thunderclap+1","floor":54}],"player_experience":3360206,"relics_obtained":[{"floor":5,"key":"Pen Nib"},{"floor":7,"key":"Frozen Egg 2"},{"floor":9,"key":"Art of War"},{"floor":10,"key":"Omamori"},{"floor":20,"key":"Ice Cream"},{"floor":20,"key":"Matryoshka"},{"floor":23,"key":"The Courier"},{"floor":26,"key":"Potion Belt"},{"floor":26,"key":"Blood Vial"},{"floor":28,"key":"Girya"},{"floor":30,"key":"Bag of Marbles"},{"floor":40,"key":"Strawberry"},{"floor":40,"key":"Orichalcum"},{"floor":43,"key":"Regal Pillow"},{"floor":44,"key":"Anchor"},{"floor":44,"key":"Oddly Smooth Stone"},{"floor":48,"key":"Turnip"},{"floor":48,"key":"Torii"},{"floor":54,"key":"Juzu Bracelet"},{"floor":54,"key":"War Paint"}],"event_choices":[{"damage_healed":0,"gold_gain":0,"player_choice":"Entered Light","damage_taken":16,"max_hp_gain":0,"max_hp_loss":0,"event_name":"Shining Light","floor":4,"gold_loss":0,"cards_upgraded":["Bash","Strike_R"]},{"damage_healed":0,"gold_gain":0,"player_choice":"Read","damage_taken":0,"max_hp_gain":0,"max_hp_loss":0,"event_name":"The Library","floor":19,"gold_loss":0,"cards_obtained":["Twin Strike"]},{"damage_healed":0,"gold_gain":0,"player_choice":"Fight","damage_taken":0,"max_hp_gain":0,"max_hp_loss":0,"event_name":"Colosseum","floor":20,"gold_loss":0},{"damage_healed":0,"gold_gain":0,"player_choice":"Fought Nobs","damage_taken":0,"max_hp_gain":0,"max_hp_loss":0,"event_name":"Colosseum","floor":20,"gold_loss":0},{"damage_healed":0,"gold_gain":0,"player_choice":"Became a Ghost","damage_taken":0,"max_hp_gain":0,"max_hp_loss":40,"event_name":"Ghosts","floor":21,"gold_loss":0,"cards_obtained":["Ghostly","Ghostly","Ghostly","Ghostly","Ghostly"]},{"damage_healed":0,"gold_gain":999,"player_choice":"Gold","damage_taken":0,"max_hp_gain":0,"max_hp_loss":0,"event_name":"MindBloom","floor":37,"gold_loss":0,"cards_obtained":["Normality","Normality"]},{"damage_healed":0,"gold_gain":0,"player_choice":"Max HP","damage_taken":0,"max_hp_gain":0,"max_hp_loss":2,"event_name":"Winding Halls","floor":39,"gold_loss":0},{"cards_removed":["Defend_R"],"damage_healed":0,"gold_gain":0,"player_choice":"Removed Skill","damage_taken":0,"max_hp_gain":0,"max_hp_loss":0,"event_name":"Falling","floor":47,"gold_loss":0}],"is_beta":true,"boss_relics":[{"not_picked":["Astrolabe","Coffee Dripper"],"picked":"Velvet Choker"},{"not_picked":["Empty Cage","Sozu"],"picked":"Black Star"}],"items_purged_floors":[46],"is_endless":false,"potions_floor_spawned":[1,7,10,16,20,28,30,40,42,44],"ascension_level":1}