{"gold_per_floor":[112,127,143,143,157,157,168,168,168,168,168,199,219,232,232,332,332,349,449,297,313,328,361,378,378,378,403,413,413,440,452,452,549,549,560,576,676,726,235,235,266,286,286,286,286,20,0,16,16,16],"floor_reached":50,"playtime":3964,"items_purged":["Strike_G","Strike_G","Strike_G"],"score":609,"play_id":"19546ed8-5b71-4b62-8c6e-8933fd4938d2","local_time":"20190213170347","is_ascension_mode":false,"campfire_choices":[{"data":"Footwork","floor":6,"key":"SMITH"},{"data":"Blade Dance","floor":8,"key":"SMITH"},{"data":"Neutralize","floor":10,"key":"SMITH"},{"data":"Well Laid Plans","floor":15,"key":"SMITH"},{"floor":25,"key":"REST"},{"floor":29,"key":"REST"},{"data":"Burst","floor":32,"key":"SMITH"},{"data":"Wraith Form v2","floor":40,"key":"SMITH"},{"floor":45,"key":"REST"},{"floor":49,"key":"RECALL"}],"neow_cost":"NONE","seed_source_timestamp":147553273133124,"circlet_count":0,"master_deck":["Defend_G","Defend_G","Defend_G","Defend_G","Defend_G","Survivor","Neutralize+1","Well Laid Plans+1","Footwork+1","Blade Dance+1","Bouncing Flask","PiercingWail","Dagger Spray+1","Glass Knife+1","Backflip","Corpse Explosion","Quick Slash+1","Accuracy+1","Dodge and Roll+1","Blur","Backstab+1","PiercingWail","Backflip+1","Burst+1","Wraith Form v2+1","Deadly Poison+1","Blade Dance+1","Catalyst+1","Leg Sweep","Well Laid Plans+1","Madness","Madness","Footwork","PiercingWail+1"],"relics":["Ring of the Serpent","Molten Egg 2","Gremlin Horn","WristBlade","Du-Vu Doll","Dodecahedron","Lantern","The Specimen","Centennial Puzzle","Shuriken","Thread and Needle","Tingsha","Ninja Scroll","Smiling Mask","Bronze Scales","Red Mask"],"potions_floor_usage":[2,7,19,19,19,22,23,30,31,31,33,48,50],"damage_taken":[{"damage":1,"enemies":"Cultist","floor":1,"turns":4},{"damage":1,"enemies":"Small Slimes","floor":2,"turns":4},{"damage":1,"enemies":"Jaw Worm","floor":3,"turns":8},{"damage":0,"enemies":"Blue Slaver","floor":5,"turns":6},{"damage":2,"enemies":"3 Louse","floor":7,"turns":2},{"damage":7,"enemies":"3 Sentries","floor":12,"turns":10},{"damage":0,"enemies":"2 Fungi Beasts","floor":13,"turns":4},{"damage":2,"enemies":"Looter","floor":14,"turns":3},{"damage":11,"enemies":"The Guardian","floor":16,"turns":9},{"damage":2,"enemies":"Spheric Guardian","floor":18,"turns":4},{"damage":19,"enemies":"Colosseum Slavers","floor":19,"turns":3},{"damage":9,"enemies":"Colosseum Nobs","floor":19,"turns":3},{"damage":0,"enemies":"3 Byrds","floor":21,"turns":2},{"damage":17,"enemies":"Sentry and Sphere","floor":22,"turns":4},{"damage":16,"enemies":"Gremlin Leader","floor":23,"turns":8},{"damage":0,"enemies":"Cultist and Chosen","floor":24,"turns":5},{"damage":0,"enemies":"Slavers","floor":27,"turns":1},{"damage":0,"enemies":"Centurion and Healer","floor":28,"turns":5},{"damage":6,"enemies":"Book of Stabbing","floor":30,"turns":6},{"damage":15,"enemies":"Snake Plant","floor":31,"turns":4},{"damage":31,"enemies":"Collector","floor":33,"turns":9},{"damage":6,"enemies":"3 Shapes","floor":35,"turns":3},{"damage":0,"enemies":"Orb Walker","floor":36,"turns":5},{"damage":0,"enemies":"Mind Bloom Boss Battle","floor":37,"turns":6},{"damage":11,"enemies":"2 Orb Walkers","floor":38,"turns":6},{"damage":0,"enemies":"Reptomancer","floor":41,"turns":2},{"damage":0,"enemies":"Sphere and 2 Shapes","floor":42,"turns":6},{"damage":1,"enemies":"Writhing Mass","floor":48,"turns":4},{"damage":107,"enemies":"Time Eater","floor":50,"turns":13}],"seed_played":"6238105189676686867","potions_obtained":[{"floor":1,"key":"EntropicBrew"},{"floor":2,"key":"Explosive Potion"},{"floor":12,"key":"GhostInAJar"},{"floor":21,"key":"Dexterity Potion"},{"floor":23,"key":"LiquidBronze"},{"floor":28,"key":"Block Potion"},{"floor":30,"key":"Poison Potion"},{"floor":31,"key":"Regen Potion"},{"floor":35,"key":"LiquidBronze"},{"floor":38,"key":"Fire Potion"},{"floor":48,"key":"Fruit Juice"}],"is_trial":false,"path_per_floor":["M","M","M","?","M","R","M","R","T","R","?","E","M","M","R","B",null,"M","?","$","M","M","E","M","R","T","E","M","R","E","M","R","B",null,"M","M","?","?","$","R","E","M","T","?","R","$","?","M","R","B"],"character_chosen":"THE_SILENT","items_purchased":["Regen Potion","Ninja Scroll","Regen Potion","Leg Sweep","Bronze Scales","Footwork"],"campfire_rested":3,"item_purchase_floors":[20,39,39,39,46,46],"current_hp_per_floor":[69,68,67,67,67,67,65,65,65,65,65,58,58,56,56,45,70,68,49,49,49,37,21,21,42,42,42,42,63,57,42,42,26,70,64,64,64,53,53,53,53,53,53,44,65,65,65,69,69,0],"gold":16,"neow_bonus":"REMOVE_CARD","is_prod":false,"is_daily":false,"chose_seed":false,"campfire_upgraded":6,"win_rate":0,"timestamp":1550073827,"path_taken":["M","M","M","?","M","R","M","R","T","R","?","E","?","M","R","BOSS","M","?","$","M","M","E","M","R","T","E","M","R","E","M","R","BOSS","M","M","?","?","$","R","E","M","T","?","R","$","?","M","R","BOSS"],"build_version":"2019-01-23","purchased_purges":3,"victory":false,"max_hp_per_floor":[70,70,70,70,70,70,70,70,70,70,70,70,70,70,70,70,70,70,70,70,70,70,70,70,70,70,70,70,70,70,70,70,70,70,70,70,70,70,70,70,70,70,70,70,70,70,70,75,75,75],"card_choices":[{"not_picked":["Choke","Bane"],"picked":"Well Laid Plans","floor":1},{"not_picked":["Noxious Fumes","Quick Slash"],"picked":"Footwork","floor":2},{"not_picked":["Acrobatics","Accuracy"],"picked":"Blade Dance","floor":3},{"not_picked":["Cloak And Dagger","Dagger Throw"],"picked":"Bouncing Flask","floor":5},{"not_picked":["Dagger Throw","Quick Slash"],"picked":"PiercingWail","floor":7},{"not_picked":["Acrobatics","Bane+1"],"picked":"Dagger Spray+1","floor":12},{"not_picked":["Slice+1","Dash+1"],"picked":"Glass Knife+1","floor":13},{"not_picked":["Deflect","Sucker Punch+1"],"picked":"Backflip","floor":14},{"not_picked":["Unload+1","Phantasmal Killer"],"picked":"Corpse Explosion","floor":16},{"not_picked":["Bane+1","Deadly Poison"],"picked":"Quick Slash+1","floor":18},{"not_picked":["Outmaneuver","Distraction"],"picked":"Accuracy+1","floor":19},{"not_picked":["Tactician","Dagger Throw+1"],"picked":"Dodge and Roll+1","floor":21},{"not_picked":["Reflex+1","Heel Hook+1"],"picked":"Blur","floor":22},{"not_picked":["Dagger Spray+1","Doppelganger"],"picked":"Backstab+1","floor":23},{"not_picked":["Acrobatics","Terror","Concentrate"],"picked":"SKIP","floor":24},{"not_picked":["Tactician+1","Underhanded Strike+1"],"picked":"PiercingWail","floor":27},{"not_picked":["Predator+1","Outmaneuver"],"picked":"Backflip+1","floor":28},{"not_picked":["Bouncing Flask","Deadly Poison"],"picked":"Burst","floor":30},{"not_picked":["Dagger Throw+1","Sucker Punch+1","Tactician+1"],"picked":"SKIP","floor":31},{"not_picked":["Adrenaline","Die Die Die+1"],"picked":"Wraith Form v2","floor":33},{"not_picked":["Flying Knee+1","Blur+1"],"picked":"Deadly Poison+1","floor":35},{"not_picked":["Dagger Spray+1","Underhanded Strike+1"],"picked":"Blade Dance+1","floor":36},{"not_picked":["Dagger Throw+1","Quick Slash+1"],"picked":"Catalyst+1","floor":38},{"not_picked":["Flechettes+1","Poisoned Stab+1"],"picked":"Well Laid Plans+1","floor":41},{"not_picked":["Skewer+1","Tactician","Flechettes+1"],"picked":"SKIP","floor":42},{"not_picked":["Setup","Crippling Poison"],"picked":"PiercingWail+1","floor":48}],"player_experience":158685,"relics_obtained":[{"floor":9,"key":"Molten Egg 2"},{"floor":12,"key":"Gremlin Horn"},{"floor":19,"key":"Du-Vu Doll"},{"floor":19,"key":"Dodecahedron"},{"floor":23,"key":"Lantern"},{"floor":26,"key":"The Specimen"},{"floor":27,"key":"Centennial Puzzle"},{"floor":30,"key":"Shuriken"},{"floor":37,"key":"Thread and Needle"},{"floor":38,"key":"Tingsha"},{"floor":41,"key":"Smiling Mask"}],"event_choices":[{"damage_healed":0,"gold_gain":0,"player_choice":"Ignored","damage_taken":0,"max_hp_gain":0,"max_hp_loss":0,"event_name":"Golden Idol","floor":4,"gold_loss":0},{"cards_removed":["Strike_G"],"damage_healed":0,"gold_gain":0,"player_choice":"Card Removal","damage_taken":0,"max_hp_gain":0,"max_hp_loss":0,"event_name":"Wheel of Change","floor":11,"gold_loss":0},{"damage_healed":0,"gold_gain":0,"player_choice":"Fight","damage_taken":0,"max_hp_gain":0,"max_hp_loss":0,"event_name":"Colosseum","floor":19,"gold_loss":0},{"damage_healed":0,"gold_gain":0,"player_choice":"Fought Nobs","damage_taken":0,"max_hp_gain":0,"max_hp_loss":0,"event_name":"Colosseum","floor":19,"gold_loss":0},{"damage_healed":0,"gold_gain":0,"player_choice":"Fight","damage_taken":0,"max_hp_gain":0,"max_hp_loss":0,"event_name":"MindBloom","floor":37,"gold_loss":0},{"damage_healed":0,"gold_gain":0,"player_choice":"Fight","damage_taken":0,"max_hp_gain":0,"max_hp_loss":0,"event_name":"Mysterious Sphere","floor":38,"gold_loss":0},{"damage_healed":0,"gold_gain":0,"player_choice":"Embrace Madness","damage_taken":9,"max_hp_gain":0,"max_hp_loss":0,"event_name":"Winding Halls","floor":44,"gold_loss":0,"cards_obtained":["Madness","Madness"]},{"damage_healed":0,"gold_gain":0,"player_choice":"Paid","damage_taken":0,"relics_obtained":["Red Mask"],"max_hp_gain":0,"max_hp_loss":0,"event_name":"Tomb of Lord Red Mask","floor":47,"gold_loss":20}],"is_beta":false,"boss_relics":[{"not_picked":["HoveringKite","Snecko Eye"],"picked":"WristBlade"},{"not_picked":["Velvet Choker","Runic Dome"],"picked":"Ring of the Serpent"}],"items_purged_floors":[20,39,46],"is_endless":false,"potions_floor_spawned":[1,2,12,16,21,23,28,30,31,35,38,48],"killed_by":"Time Eater","ascension_level":0}