{"gold_per_floor":[109,109,122,132,146,181,181,195,220,220,254,254,21,37,37,114,114,124,124,83,83,93,93,93,93,93,93,8,19,50,50,50,125,125,140,158,29,29,49,49,77,77,123,123,69,69,82,95,95,95,95],"floor_reached":52,"playtime":3778,"items_purged":["Strike_G","Strike_G"],"score":1820,"play_id":"558ace69-2193-438e-a7c6-de506bce694c","local_time":"20190213232101","is_ascension_mode":true,"campfire_choices":[{"floor":7.0,"key":"REST"},{"data":"Footwork","floor":15.0,"key":"SMITH"},{"data":"Bouncing Flask","floor":24.0,"key":"SMITH"},{"data":"Catalyst","floor":27.0,"key":"SMITH"},{"floor":32.0,"key":"REST"},{"data":"Leg Sweep","floor":40.0,"key":"SMITH"},{"data":"Tools of the Trade","floor":42.0,"key":"SMITH"},{"data":"Noxious Fumes","floor":44.0,"key":"SMITH"},{"data":"Deadly Poison","floor":46.0,"key":"SMITH"},{"data":"PiercingWail","floor":49.0,"key":"SMITH"}],"neow_cost":"NONE","seed_source_timestamp":0,"circlet_count":0,"master_deck":["AscendersBane","Defend_G","Defend_G","Defend_G","Defend_G","Strike_G","Strike_G","Survivor","Neutralize+1","Well Laid Plans","Flying Knee","Dodge and Roll","Poisoned Stab","Bouncing Flask+1","Leg Sweep+1","Quick Slash","Footwork+1","Cloak And Dagger","Acrobatics","Dodge and Roll","Bullet Time+1","Dodge and Roll","Dodge and Roll","Footwork","Catalyst+1","Poisoned Stab","Corpse Explosion","Night Terror+1","Noxious Fumes+1","PiercingWail","PiercingWail","PiercingWail+1","Tools of the Trade+1","Deadly Poison+1","Blur+1"],"special_seed":0,"relics":["Ring of the Snake","Happy Flower","Strawberry","Oddly Smooth Stone","Orichalcum","Eternal Feather","Question Card","WingedGreaves","Mummified Hand","Gambling Chip","Runic Pyramid","Blood Vial","Pen Nib"],"potions_floor_usage":[50,50],"damage_taken":[{"damage":4.0,"enemies":"Small Slimes","floor":1.0,"turns":5.0},{"damage":0.0,"enemies":"Jaw Worm","floor":3.0,"turns":5.0},{"damage":1.0,"enemies":"Cultist","floor":4.0,"turns":5.0},{"damage":4.0,"enemies":"Looter","floor":5.0,"turns":4.0},{"damage":25.0,"enemies":"3 Sentries","floor":6.0,"turns":14.0},{"damage":14.0,"enemies":"Lots of Slimes","floor":8.0,"turns":6.0},{"damage":6.0,"enemies":"Lagavulin","floor":11.0,"turns":6.0},{"damage":0.0,"enemies":"2 Fungi Beasts","floor":14.0,"turns":4.0},{"damage":16.0,"enemies":"The Guardian","floor":16.0,"turns":12.0},{"damage":9.0,"enemies":"Spheric Guardian","floor":18.0,"turns":6.0},{"damage":11.0,"enemies":"2 Thieves","floor":20.0,"turns":5.0},{"damage":24.0,"enemies":"Cultist and Chosen","floor":22.0,"turns":12.0},{"damage":14.0,"enemies":"Chosen and Byrds","floor":29.0,"turns":10.0},{"damage":21.0,"enemies":"Gremlin Leader","floor":30.0,"turns":6.0},{"damage":13.0,"enemies":"Champ","floor":33.0,"turns":12.0},{"damage":0.0,"enemies":"3 Shapes","floor":35.0,"turns":4.0},{"damage":0.0,"enemies":"3 Darklings","floor":36.0,"turns":2.0},{"damage":2.0,"enemies":"4 Shapes","floor":39.0,"turns":6.0},{"damage":38.0,"enemies":"Reptomancer","floor":41.0,"turns":11.0},{"damage":0.0,"enemies":"Writhing Mass","floor":47.0,"turns":6.0},{"damage":0.0,"enemies":"Transient","floor":48.0,"turns":6.0},{"damage":35,"enemies":"Awakened One","floor":50,"turns":15},{"damage":20,"enemies":"Donu and Deca","floor":51,"turns":7}],"seed_played":"7180072045791132742","potions_obtained":[{"floor":4.0,"key":"SpeedPotion"},{"floor":5.0,"key":"PowerPotion"},{"floor":11.0,"key":"GhostInAJar"},{"floor":18.0,"key":"Weak Potion"},{"floor":21.0,"key":"Regen Potion"},{"floor":29.0,"key":"Explosive Potion"},{"floor":30.0,"key":"Dexterity Potion"},{"floor":35.0,"key":"Fire Potion"},{"floor":41.0,"key":"EssenceOfSteel"},{"floor":47.0,"key":"Weak Potion"}],"is_trial":false,"path_per_floor":["M","?","M","M","M","E","R","M","T","?","E","?","$","M","R","B",null,"M","?","M","?","M","?","R","?","T","R","?","M","E","T","R","B",null,"M","M","$","?","M","R","E","R","T","R","$","R","M","M","R","B","B",null],"character_chosen":"THE_SILENT","items_purchased":["Footwork","Cloak And Dagger","Acrobatics","PiercingWail","Deadly Poison"],"campfire_rested":2,"item_purchase_floors":[13,13,13,37,45],"current_hp_per_floor":[55,50,50,49,45,27,48,34,34,34,28,28,28,28,28,12,58,49,49,38,38,29,29,44,44,44,59,59,45,24,24,60,47,67,67,67,67,67,65,73,35,53,53,71,71,73,73,73,73,38,20],"gold":95,"neow_bonus":"UPGRADE_CARD","is_prod":false,"is_daily":false,"chose_seed":false,"campfire_upgraded":8,"win_rate":0,"timestamp":1550118061,"path_taken":["M","?","M","M","M","E","R","M","T","?","E","?","$","M","R","BOSS","M","?","?","?","?","?","R","?","T","R","?","?","E","?","R","BOSS","M","M","$","?","M","R","E","R","T","R","?","R","M","M","R","BOSS","BOSS"],"build_version":"2019-01-23","purchased_purges":2,"victory":true,"max_hp_per_floor":[66,66,66,66,66,73,73,73,73,73,73,73,73,73,73,73,73,73,73,73,73,73,73,73,73,73,73,73,73,73,73,73,73,73,73,73,73,73,73,73,73,73,73,73,73,73,73,73,73,73,73],"card_choices":[{"not_picked":["Dodge and Roll","Flechettes"],"picked":"Well Laid Plans","floor":1.0},{"not_picked":["Slice","Sucker Punch"],"picked":"Flying Knee","floor":3.0},{"not_picked":["Backflip","Concentrate"],"picked":"Dodge and Roll","floor":4.0},{"not_picked":["Deflect","Accuracy"],"picked":"Poisoned Stab","floor":5.0},{"not_picked":["Prepared","A Thousand Cuts"],"picked":"Bouncing Flask","floor":6.0},{"not_picked":["Reflex","Underhanded Strike"],"picked":"Leg Sweep","floor":8.0},{"not_picked":["Backflip","Blade Dance"],"picked":"Quick Slash","floor":11.0},{"not_picked":["Backflip","Finisher"],"picked":"Dodge and Roll","floor":14.0},{"not_picked":["Unload","Burst"],"picked":"Bullet Time","floor":16.0},{"not_picked":["Sucker Punch","Blade Dance+1","Reflex"],"picked":"SKIP","floor":18.0},{"not_picked":["Sucker Punch","Outmaneuver"],"picked":"Dodge and Roll","floor":20.0},{"not_picked":["Deflect","Endless Agony"],"picked":"Dodge and Roll","floor":22.0},{"not_picked":["Prepared","Deflect","Flying Knee"],"picked":"Poisoned Stab","floor":29.0},{"not_picked":["PiercingWail","Accuracy+1","Endless Agony"],"picked":"Corpse Explosion","floor":30.0},{"not_picked":["Malaise","Bullet Time","Wraith Form v2"],"picked":"Night Terror","floor":33.0},{"not_picked":["Flying Knee","Cloak And Dagger+1","Predator+1"],"picked":"Noxious Fumes","floor":35.0},{"not_picked":["Deflect","Cloak And Dagger+1","Underhanded Strike"],"picked":"PiercingWail","floor":36.0},{"not_picked":["Infinite Blades","Backflip+1","Acrobatics+1"],"picked":"PiercingWail","floor":39.0},{"not_picked":["Caltrops","Bane","Slice"],"picked":"Tools of the Trade","floor":41.0},{"not_picked":["Choke+1","Underhanded Strike","Bouncing Flask"],"picked":"Blur+1","floor":47.0},{"not_picked":["Eviscerate","Acrobatics","Flying Knee+1","Reflex"],"picked":"SKIP","floor":48.0}],"player_experience":934874,"relics_obtained":[{"floor":6.0,"key":"Strawberry"},{"floor":9.0,"key":"Oddly Smooth Stone"},{"floor":11.0,"key":"Orichalcum"},{"floor":26.0,"key":"Question Card"},{"floor":30.0,"key":"Mummified Hand"},{"floor":31.0,"key":"Gambling Chip"},{"floor":41.0,"key":"Blood Vial"},{"floor":43.0,"key":"Pen Nib"}],"event_choices":[{"damage_healed":0.0,"max_hp_gain":0.0,"max_hp_loss":0.0,"gold_gain":0.0,"event_name":"Scrap Ooze","player_choice":"Success","floor":2.0,"gold_loss":0.0,"damage_taken":5.0,"relics_obtained":["Happy Flower"]},{"damage_healed":0.0,"max_hp_gain":0.0,"max_hp_loss":0.0,"gold_gain":0.0,"event_name":"Golden Idol","player_choice":"Ignored","floor":10.0,"gold_loss":0.0,"damage_taken":0.0},{"damage_healed":0.0,"max_hp_gain":0.0,"max_hp_loss":0.0,"gold_gain":0.0,"event_name":"Golden Wing","player_choice":"Ignored","floor":12.0,"gold_loss":0.0,"damage_taken":0.0},{"damage_healed":0.0,"max_hp_gain":0.0,"max_hp_loss":0.0,"gold_gain":0.0,"event_name":"Accursed Blacksmith","player_choice":"Forge","floor":19.0,"gold_loss":0.0,"damage_taken":0.0,"cards_upgraded":["Bullet Time"]},{"damage_healed":0.0,"max_hp_gain":0.0,"max_hp_loss":0.0,"gold_gain":0.0,"event_name":"Lab","player_choice":"Got Potions","floor":21.0,"gold_loss":0.0,"damage_taken":0.0},{"damage_healed":0.0,"max_hp_gain":0.0,"max_hp_loss":0.0,"gold_gain":0.0,"event_name":"Ghosts","player_choice":"Ignored","floor":23.0,"gold_loss":0.0,"damage_taken":0.0},{"damage_healed":0.0,"max_hp_gain":0.0,"max_hp_loss":0.0,"gold_gain":0.0,"cards_transformed":["Strike_G","Defend_G"],"event_name":"Drug Dealer","player_choice":"Became Test Subject","floor":25.0,"gold_loss":0.0,"damage_taken":0.0,"cards_obtained":["Footwork","Catalyst"]},{"damage_healed":0.0,"max_hp_gain":0.0,"max_hp_loss":0.0,"gold_gain":0.0,"event_name":"Addict","player_choice":"Obtained Relic","floor":28.0,"gold_loss":85.0,"damage_taken":0.0,"relics_obtained":["WingedGreaves"]},{"damage_healed":0.0,"max_hp_gain":0.0,"max_hp_loss":0.0,"gold_gain":0.0,"event_name":"Upgrade Shrine","player_choice":"Upgraded","floor":38.0,"gold_loss":0.0,"damage_taken":0.0,"cards_upgraded":["Night Terror"]}],"is_beta":false,"boss_relics":[{"not_picked":["Coffee Dripper","WristBlade"],"picked":"Eternal Feather"},{"not_picked":["Runic Dome","White Beast Statue"],"picked":"Runic Pyramid"}],"items_purged_floors":[13,37],"is_endless":false,"potions_floor_spawned":[4,5,11,18,29,30,35,41,47,48],"ascension_level":20}