{"gold_per_floor":[20,20,20,34,47,47,77,92,92,126,126,126,51,126,126,200,200,220,145,160,259,276,276,303,323,349,387,399,411,423,350,362,448,460,487,516,750,762,111,137,155,155,155,33,53,53,53,72,72,72],"floor_reached":50,"playtime":1873,"items_purged":["Strike_B"],"score":893,"play_id":"71e7ff3d-03b0-4870-a536-9b946a7cce38","local_time":"20181205185149","is_ascension_mode":true,"campfire_choices":[{"data":"Loop","floor":6.0,"key":"SMITH"},{"data":"Rainbow","floor":12,"key":"SMITH"},{"data":"Zap","floor":15,"key":"SMITH"},{"data":"Fission","floor":23,"key":"SMITH"},{"floor":29,"key":"REST"},{"floor":32,"key":"REST"},{"floor":42,"key":"REST"},{"data":"Static Discharge","floor":46,"key":"SMITH"},{"floor":49,"key":"REST"}],"neow_cost":"NO_GOLD","seed_source_timestamp":0,"circlet_count":0,"master_deck":["AscendersBane","Defend_B","Defend_B+1","Defend_B","Zap+1","Dualcast+1","FTL","Melter","Leap","Cold Snap","Loop+1","Rebound","Reinforced Body","Rainbow+1","Fission+1","Ball Lightning+1","Glacier+1","Seek","Dark Shackles","Static Discharge+1","Mayhem","Sweeping Beam+1","Beam Cell+1","Compile Driver+1"],"special_seed":0,"relics":["FrozenCore","Turnip","Torii","StoneCalendar","Busted Crown","Mercury Hourglass","MawBank","Red Mask","Blood Vial","Runic Capacitor","Molten Egg 2","The Courier","Letter Opener","Centennial Puzzle"],"potions_floor_usage":[22,24,25,40,41,50],"damage_taken":[{"damage":0.0,"enemies":"2 Louse","floor":1.0,"turns":1.0},{"damage":0.0,"enemies":"Cultist","floor":4.0,"turns":3.0},{"damage":0.0,"enemies":"Small Slimes","floor":5.0,"turns":3.0},{"damage":17.0,"enemies":"3 Sentries","floor":7.0,"turns":4.0},{"damage":3.0,"enemies":"Exordium Thugs","floor":8.0,"turns":4.0},{"damage":19,"enemies":"Lagavulin","floor":10,"turns":6},{"damage":1,"enemies":"Hexaghost","floor":16,"turns":7},{"damage":18,"enemies":"2 Thieves","floor":18,"turns":4},{"damage":0,"enemies":"Spheric Guardian","floor":20,"turns":3},{"damage":2,"enemies":"Cultist and Chosen","floor":22,"turns":6},{"damage":28,"enemies":"Slavers","floor":24,"turns":7},{"damage":2,"enemies":"Snake Plant","floor":25,"turns":3},{"damage":2,"enemies":"Masked Bandits","floor":27,"turns":3},{"damage":20,"enemies":"Champ","floor":33,"turns":11},{"damage":3,"enemies":"3 Darklings","floor":35,"turns":6},{"damage":7,"enemies":"Orb Walker","floor":36,"turns":3},{"damage":29,"enemies":"Giant Head","floor":40,"turns":10},{"damage":21,"enemies":"Jaw Worm Horde","floor":41,"turns":3},{"damage":1,"enemies":"3 Darklings","floor":45,"turns":4},{"damage":7,"enemies":"Spire Growth","floor":48,"turns":4},{"damage":54,"enemies":"Donu and Deca","floor":50,"turns":6}],"seed_played":"167551064361880062","potions_obtained":[{"floor":4.0,"key":"Explosive Potion"},{"floor":11,"key":"Weak Potion"},{"floor":11,"key":"Dexterity Potion"},{"floor":24,"key":"Regen Potion"},{"floor":27,"key":"Explosive Potion"},{"floor":36,"key":"Weak Potion"},{"floor":40,"key":"Weak Potion"}],"is_trial":false,"path_per_floor":["M","?","?","M","M","R","E","M","T","E","?","R","$","?","R","B",null,"M","?","M","?","M","R","E","M","T","?","$","R","$","?","R","B",null,"M","M","?","?","$","E","M","R","T","$","M","R","?","M","R","B"],"character_chosen":"DEFECT","items_purchased":["Runic Capacitor","Molten Egg 2","Static Discharge","Mayhem","Centennial Puzzle"],"campfire_rested":4,"item_purchase_floors":[39,39,39,39,44],"current_hp_per_floor":[64,50,71,71,71,71,54,51,51,32,32,32,32,21,21,20,58,40,40,40,40,38,38,10,17,17,15,15,36,36,36,57,39,63,62,57,57,57,57,30,11,32,32,32,33,33,33,28,49,0],"gold":72,"neow_bonus":"TRANSFORM_TWO_CARDS","is_prod":false,"is_daily":false,"chose_seed":false,"campfire_upgraded":5,"win_rate":0,"timestamp":1544003509,"path_taken":["M","?","?","?","M","R","E","M","T","E","?","R","?","?","R","BOSS","M","?","M","?","M","R","E","M","T","?","?","R","?","?","R","BOSS","M","M","?","?","?","E","M","R","T","$","M","R","?","M","R","BOSS"],"build_version":"2018-11-15","purchased_purges":1,"victory":false,"max_hp_per_floor":[71,71,71,71,71,71,71,71,71,71,71,71,71,71,71,71,71,71,71,71,71,71,71,71,71,71,71,71,71,71,71,71,71,71,71,71,71,71,71,71,71,71,71,71,71,71,71,71,71,71],"card_choices":[{"not_picked":["Compile Driver","Cold Snap"],"picked":"Leap","floor":1.0},{"not_picked":["Go for the Eyes","Consume"],"picked":"Cold Snap","floor":4.0},{"not_picked":["Steam","Leap"],"picked":"Loop","floor":5.0},{"not_picked":["Go for the Eyes","Steam Power"],"picked":"Rebound","floor":7.0},{"not_picked":["Rebound","Tempest"],"picked":"Reinforced Body","floor":8.0},{"not_picked":["Barrage","Fusion"],"picked":"Rainbow","floor":10},{"not_picked":["Electrodynamics","Creative AI"],"picked":"Fission","floor":16},{"not_picked":["Recycle+1"],"picked":"SKIP","floor":18},{"not_picked":[],"picked":"Ball Lightning+1","floor":20},{"not_picked":["Go for the Eyes"],"picked":"SKIP","floor":22},{"not_picked":["Coolheaded"],"picked":"SKIP","floor":24},{"not_picked":["Hello World"],"picked":"SKIP","floor":25},{"not_picked":[],"picked":"Glacier+1","floor":27},{"not_picked":[],"picked":"Seek","floor":33},{"not_picked":["Coolheaded"],"picked":"SKIP","floor":35},{"not_picked":["Skim"],"picked":"SKIP","floor":36},{"not_picked":[],"picked":"Dark Shackles","floor":38},{"not_picked":[],"picked":"Sweeping Beam+1","floor":40},{"not_picked":["Recycle+1"],"picked":"SKIP","floor":41},{"not_picked":[],"picked":"Beam Cell+1","floor":45},{"not_picked":[],"picked":"Compile Driver+1","floor":48}],"player_experience":938912,"relics_obtained":[{"floor":7.0,"key":"Turnip"},{"floor":9.0,"key":"Torii"},{"floor":10,"key":"StoneCalendar"},{"floor":24,"key":"Mercury Hourglass"},{"floor":26,"key":"MawBank"},{"floor":27,"key":"Red Mask"},{"floor":40,"key":"The Courier"},{"floor":43,"key":"Letter Opener"}],"event_choices":[{"damage_healed":0.0,"max_hp_gain":0.0,"max_hp_loss":0.0,"gold_gain":0.0,"event_name":"Shining Light","player_choice":"Entered Light","floor":2.0,"gold_loss":0.0,"damage_taken":14.0,"cards_upgraded":["Defend_B","Dualcast"]},{"damage_healed":21.0,"max_hp_gain":0.0,"max_hp_loss":0.0,"gold_gain":0.0,"event_name":"Wheel of Change","player_choice":"Full Heal","floor":3.0,"gold_loss":0.0,"damage_taken":0.0},{"damage_healed":0,"gold_gain":0,"player_choice":"Got Potions","damage_taken":0,"max_hp_gain":0,"max_hp_loss":0,"event_name":"Lab","floor":11,"gold_loss":0},{"damage_healed":0,"gold_gain":75,"player_choice":"Gather Gold","damage_taken":11,"max_hp_gain":0,"max_hp_loss":0,"event_name":"World of Goop","floor":14,"gold_loss":0},{"cards_removed":["Strike_B"],"damage_healed":0,"gold_gain":0,"player_choice":"Gave Gold","damage_taken":0,"max_hp_gain":0,"max_hp_loss":0,"event_name":"Beggar","floor":19,"gold_loss":75},{"damage_healed":0,"gold_gain":99,"player_choice":"Stole From Cult","damage_taken":0,"max_hp_gain":0,"max_hp_loss":0,"event_name":"Nest","floor":21,"gold_loss":0},{"damage_healed":0,"gold_gain":0,"player_choice":"Fought Bandits","damage_taken":0,"max_hp_gain":0,"max_hp_loss":0,"event_name":"Masked Bandits","floor":27,"gold_loss":0},{"damage_healed":0,"gold_gain":0,"player_choice":"Obtained Relic","damage_taken":0,"relics_obtained":["Blood Vial"],"max_hp_gain":0,"max_hp_loss":0,"event_name":"Addict","floor":31,"gold_loss":85},{"damage_healed":0,"gold_gain":222,"player_choice":"Wore Mask","damage_taken":0,"max_hp_gain":0,"max_hp_loss":0,"event_name":"Tomb of Lord Red Mask","floor":37,"gold_loss":0},{"damage_healed":0,"gold_gain":0,"player_choice":"Memory 1","damage_taken":0,"max_hp_gain":0,"max_hp_loss":0,"event_name":"SensoryStone","floor":38,"gold_loss":0},{"cards_removed":["Strike_B"],"damage_healed":0,"gold_gain":0,"player_choice":"Purged","damage_taken":0,"max_hp_gain":0,"max_hp_loss":0,"event_name":"Purifier","floor":47,"gold_loss":0}],"is_beta":false,"boss_relics":[{"not_picked":["Runic Dome","Fusion Hammer"],"picked":"Busted Crown"},{"not_picked":["Runic Pyramid","Eternal Feather"],"picked":"FrozenCore"}],"items_purged_floors":[13],"is_endless":false,"potions_floor_spawned":[4,18,24,27,36,40],"killed_by":"Donu and Deca","ascension_level":14}