{"gold_per_floor":[112,124,53,3,20,49,62,62,87,105,118,118,133,133,133,236,236,255,30,30,30,30,57,57,71,71,71,71,104,24,24,24,124,124,134,234,234,234,62,97,116,116,116,133,133,145,145,145,145,145],"floor_reached":51,"playtime":2718,"items_purged":["Strike_G","Strike_G"],"score":814,"play_id":"7d0b706a-0be1-45d6-b213-d9716353a96d","local_time":"20190215193811","is_ascension_mode":true,"campfire_choices":[{"floor":8.0,"key":"REST"},{"data":"Footwork","floor":12,"key":"SMITH"},{"data":"Footwork","floor":15,"key":"SMITH"},{"floor":24,"key":"REST"},{"data":"Noxious Fumes","floor":27,"key":"SMITH"},{"data":"Noxious Fumes","floor":32,"key":"SMITH"},{"data":"Noxious Fumes","floor":42,"key":"SMITH"},{"data":"Well Laid Plans","floor":45,"key":"SMITH"},{"data":"Glass Knife","floor":47,"key":"SMITH"},{"data":"Leg Sweep","floor":49,"key":"SMITH"}],"neow_cost":"NONE","seed_source_timestamp":32962047067321,"circlet_count":0,"master_deck":["Defend_G","Defend_G","Defend_G","Defend_G","Defend_G+1","Strike_G","Strike_G","Survivor+1","Neutralize","Footwork+1","Endless Agony","Footwork+1","Caltrops","Noxious Fumes+1","Backstab","Noxious Fumes+1","Dodge and Roll","Glass Knife+1","Leg Sweep+1","Deflect","Well Laid Plans+1","Venomology","Madness","Madness","Noxious Fumes+1","Finisher","Backstab"],"special_seed":0,"relics":["Ring of the Snake","War Paint","Anchor","Juzu Bracelet","Lizard Tail","Oddly Smooth Stone","Centennial Puzzle","Bottled Tornado","Pantograph","Pen Nib","Tough Bandages","Eternal Feather","Dead Branch","Incense Burner","Nunchaku"],"potions_floor_usage":[23,36,36,40,44,46,50,50,50,50],"damage_taken":[{"damage":0.0,"enemies":"Small Slimes","floor":1.0,"turns":4.0},{"damage":6.0,"enemies":"Jaw Worm","floor":2.0,"turns":8.0},{"damage":1.0,"enemies":"Cultist","floor":5.0,"turns":6.0},{"damage":60.0,"enemies":"Gremlin Nob","floor":6.0,"turns":7.0},{"damage":4.0,"enemies":"Looter","floor":7.0,"turns":4.0},{"damage":9.0,"enemies":"Exordium Thugs","floor":10.0,"turns":4.0},{"damage":2,"enemies":"Large Slime","floor":11,"turns":8},{"damage":0,"enemies":"Blue Slaver","floor":13,"turns":5},{"damage":5,"enemies":"The Guardian","floor":16,"turns":10},{"damage":7,"enemies":"3 Byrds","floor":18,"turns":4},{"damage":23,"enemies":"Gremlin Leader","floor":23,"turns":9},{"damage":3,"enemies":"Spheric Guardian","floor":25,"turns":6},{"damage":29,"enemies":"Slavers","floor":29,"turns":7},{"damage":2,"enemies":"Champ","floor":33,"turns":17},{"damage":9,"enemies":"3 Shapes","floor":35,"turns":7},{"damage":0,"enemies":"Mind Bloom Boss Battle","floor":36,"turns":8},{"damage":15,"enemies":"Giant Head","floor":40,"turns":10},{"damage":14,"enemies":"3 Darklings","floor":41,"turns":6},{"damage":1,"enemies":"4 Shapes","floor":44,"turns":6},{"damage":12,"enemies":"Jaw Worm Horde","floor":46,"turns":6},{"damage":31,"enemies":"Donu and Deca","floor":50,"turns":8}],"seed_played":"-1983815347760284330","potions_obtained":[{"floor":0.0,"key":"Regen Potion"},{"floor":0.0,"key":"PowerPotion"},{"floor":0.0,"key":"SneckoOil"},{"floor":1.0,"key":"Explosive Potion"},{"floor":13,"key":"SmokeBomb"},{"floor":18,"key":"SkillPotion"},{"floor":23,"key":"Ancient Potion"},{"floor":33,"key":"Energy Potion"},{"floor":41,"key":"Fire Potion"},{"floor":46,"key":"Dexterity Potion"}],"is_trial":false,"path_per_floor":["M","M","$","?","M","E","M","R","T","M","M","R","M","T","R","B",null,"M","$","?","?","$","E","R","M","T","R","?","E","$","T","R","B",null,"M","?","?","?","$","E","M","R","T","M","R","M","R","?","R","B",null],"character_chosen":"THE_SILENT","items_purchased":["Footwork","Oddly Smooth Stone","Well Laid Plans","Noxious Fumes"],"campfire_rested":2,"item_purchase_floors":[3,19,30,39],"current_hp_per_floor":[70,64,64,64,63,16,12,33,33,24,22,22,22,22,22,17,70,63,63,50,50,50,27,49,46,46,46,71,42,42,42,42,65,75,66,75,75,66,66,51,37,52,52,51,66,54,69,64,75,44],"gold":145,"neow_bonus":"THREE_SMALL_POTIONS","is_prod":false,"is_daily":false,"chose_seed":false,"campfire_upgraded":8,"win_rate":0,"timestamp":1550255891,"path_taken":["M","M","$","?","M","E","M","R","T","M","M","R","M","?","R","BOSS","M","$","?","?","?","E","R","M","T","R","?","E","$","?","R","BOSS","M","?","?","?","$","E","M","R","T","M","R","M","R","?","R","BOSS"],"build_version":"2019-01-23","purchased_purges":2,"victory":true,"max_hp_per_floor":[70,70,70,70,70,70,70,70,70,70,70,70,70,70,70,70,70,70,70,75,75,75,75,75,75,75,75,75,75,75,75,75,75,75,75,75,75,75,75,75,75,75,75,75,75,75,75,75,75,75],"card_choices":[{"not_picked":["Deflect","Dagger Spray"],"picked":"Footwork","floor":1.0},{"not_picked":["Flying Knee","Slice"],"picked":"Endless Agony","floor":2.0},{"not_picked":["Distraction","Crippling Poison"],"picked":"Caltrops","floor":5.0},{"not_picked":["Eviscerate","Footwork"],"picked":"Noxious Fumes","floor":6.0},{"not_picked":["Cloak And Dagger","Dagger Spray"],"picked":"Backstab","floor":7.0},{"not_picked":["Outmaneuver","Dagger Throw","Sucker Punch"],"picked":"SKIP","floor":10.0},{"not_picked":["Footwork","Bouncing Flask"],"picked":"Noxious Fumes","floor":11},{"not_picked":["Sucker Punch","Outmaneuver"],"picked":"Dodge and Roll","floor":13},{"not_picked":["Unload","Phantasmal Killer"],"picked":"Glass Knife","floor":16},{"not_picked":["Caltrops","Slice+1","Accuracy"],"picked":"SKIP","floor":18},{"not_picked":["Backflip+1","A Thousand Cuts"],"picked":"Leg Sweep","floor":23},{"not_picked":["Crippling Poison","Blade Dance"],"picked":"Deflect","floor":25},{"not_picked":["Acrobatics","Escape Plan","Deadly Poison"],"picked":"SKIP","floor":29},{"not_picked":["Unload","Night Terror"],"picked":"Venomology","floor":33},{"not_picked":["Dagger Spray","Flying Knee+1","Terror"],"picked":"SKIP","floor":35},{"not_picked":["Deadly Poison+1","All Out Attack+1"],"picked":"Finisher","floor":40},{"not_picked":["Prepared","Underhanded Strike","Flying Knee+1"],"picked":"SKIP","floor":41},{"not_picked":["Bane","Distraction+1","Underhanded Strike+1"],"picked":"SKIP","floor":44},{"not_picked":["Accuracy+1","Predator"],"picked":"Backstab","floor":46}],"player_experience":194513,"relics_obtained":[{"floor":6.0,"key":"War Paint"},{"floor":9.0,"key":"Anchor"},{"floor":14,"key":"Juzu Bracelet"},{"floor":23,"key":"Bottled Tornado"},{"floor":26,"key":"Pantograph"},{"floor":29,"key":"Pen Nib"},{"floor":31,"key":"Tough Bandages"},{"floor":36,"key":"Dead Branch"},{"floor":40,"key":"Incense Burner"},{"floor":43,"key":"Nunchaku"}],"event_choices":[{"cards_removed":["Strike_G"],"damage_healed":0.0,"max_hp_gain":0.0,"max_hp_loss":0.0,"gold_gain":0.0,"event_name":"The Cleric","player_choice":"Card Removal","floor":4.0,"gold_loss":50.0,"damage_taken":0.0},{"damage_healed":0,"gold_gain":0,"player_choice":"Shed Blood","damage_taken":18,"max_hp_gain":5,"max_hp_loss":0,"event_name":"Forgotten Altar","floor":20,"gold_loss":0},{"damage_healed":0,"gold_gain":0,"player_choice":"Gave Potion","damage_taken":0,"relics_obtained":["Centennial Puzzle"],"max_hp_gain":0,"max_hp_loss":0,"event_name":"WeMeetAgain","floor":21,"gold_loss":0},{"damage_healed":25,"gold_gain":0,"player_choice":"Heal","damage_taken":0,"max_hp_gain":0,"max_hp_loss":0,"event_name":"The Library","floor":28,"gold_loss":0},{"damage_healed":0,"gold_gain":0,"player_choice":"Fight","damage_taken":0,"max_hp_gain":0,"max_hp_loss":0,"event_name":"MindBloom","floor":36,"gold_loss":0},{"damage_healed":0,"gold_gain":0,"player_choice":"Ignored","damage_taken":0,"max_hp_gain":0,"max_hp_loss":0,"event_name":"Tomb of Lord Red Mask","floor":37,"gold_loss":0},{"damage_healed":0,"gold_gain":0,"player_choice":"Embrace Madness","damage_taken":9,"max_hp_gain":0,"max_hp_loss":0,"event_name":"Winding Halls","floor":38,"gold_loss":0,"cards_obtained":["Madness","Madness"]},{"damage_healed":0,"gold_gain":0,"player_choice":"Memory 2","damage_taken":5,"max_hp_gain":0,"max_hp_loss":0,"event_name":"SensoryStone","floor":48,"gold_loss":0}],"is_beta":false,"boss_relics":[{"not_picked":["Fusion Hammer","HoveringKite"],"picked":"Lizard Tail"},{"not_picked":["Calling Bell","Empty Cage"],"picked":"Eternal Feather"}],"items_purged_floors":[19,39],"is_endless":false,"potions_floor_spawned":[1,2,13,18,23,33,41,44,46],"ascension_level":3}