{"gold_per_floor":[109,27,41,41,60,91,91,126,126,158,168,168,179,197,197,271,271,287,307,357,367,383,383,383],"floor_reached":24,"playtime":940,"items_purged":[],"score":440,"play_id":"3b3438ea-881b-4399-9ef0-940ecff5c03e","local_time":"20190123201047","is_ascension_mode":true,"campfire_choices":[{"floor":7.0,"key":"REST"},{"floor":15.0,"key":"REST"},{"data":"Hyperbeam","floor":23.0,"key":"SMITH"}],"neow_cost":"NONE","seed_source_timestamp":1161994631694910,"circlet_count":0,"master_deck":["AscendersBane","Strike_B","Strike_B","Strike_B+1","Defend_B","Defend_B","Defend_B","Defend_B+1","Zap","Dualcast","Sweeping Beam","Cold Snap","Conserve Battery","Beam Cell","Streamline","Sunder","Gash","Cold Snap","Cold Snap","Glacier","Melter","Hyperbeam+1","Compile Driver","Compile Driver+1","Gash"],"special_seed":0,"relics":["Cracked Core","Unceasing Top","Matryoshka","Boot","FossilizedHelix","Peace Pipe","Philosopher\u0027s Stone"],"potions_floor_usage":[],"damage_taken":[{"damage":7.0,"enemies":"Small Slimes","floor":1.0,"turns":4.0},{"damage":2.0,"enemies":"Jaw Worm","floor":3.0,"turns":4.0},{"damage":0.0,"enemies":"Cultist","floor":5.0,"turns":2.0},{"damage":13.0,"enemies":"Lagavulin","floor":6.0,"turns":7.0},{"damage":23.0,"enemies":"3 Sentries","floor":8.0,"turns":7.0},{"damage":6.0,"enemies":"Lagavulin","floor":10.0,"turns":5.0},{"damage":0.0,"enemies":"Exordium Wildlife","floor":11.0,"turns":2.0},{"damage":0.0,"enemies":"Red Slaver","floor":13.0,"turns":2.0},{"damage":7.0,"enemies":"Exordium Thugs","floor":14.0,"turns":5.0},{"damage":23.0,"enemies":"The Guardian","floor":16.0,"turns":14.0},{"damage":3.0,"enemies":"Spheric Guardian","floor":18.0,"turns":4.0},{"damage":14.0,"enemies":"3 Byrds","floor":19.0,"turns":5.0},{"damage":11.0,"enemies":"Cultist and Chosen","floor":21.0,"turns":4.0},{"damage":2.0,"enemies":"Centurion and Healer","floor":22.0,"turns":5.0},{"damage":40,"enemies":"Gremlin Leader","floor":24,"turns":4}],"seed_played":"-9055641905545791242","potions_obtained":[{"floor":1.0,"key":"Swift Potion"},{"floor":5.0,"key":"LiquidBronze"},{"floor":11.0,"key":"Swift Potion"},{"floor":16.0,"key":"GamblersBrew"},{"floor":19.0,"key":"Poison Potion"}],"is_trial":false,"path_per_floor":["M","$","M","?","M","E","R","E","T","E","M","?","M","M","R","B",null,"M","M","?","M","M","R","E"],"character_chosen":"DEFECT","items_purchased":["Cold Snap","Conserve Battery"],"campfire_rested":2,"item_purchase_floors":[2,2],"current_hp_per_floor":[64,64,62,39,39,26,49,26,26,20,20,20,20,13,36,13,62,59,45,45,34,32,32,0],"gold":383,"neow_bonus":"TEN_PERCENT_HP_BONUS","is_prod":false,"is_daily":false,"chose_seed":false,"campfire_upgraded":1,"win_rate":0,"timestamp":1548292247,"path_taken":["M","$","M","?","M","E","R","E","T","E","M","?","M","?","R","BOSS","M","M","?","?","M","R","E"],"build_version":"2019-01-23","purchased_purges":0,"victory":false,"max_hp_per_floor":[78,78,78,78,78,78,78,78,78,78,78,78,78,78,78,78,78,78,78,78,78,78,78,78],"card_choices":[{"not_picked":["Genetic Algorithm","Coolheaded"],"picked":"Sweeping Beam","floor":1.0},{"not_picked":["Auto Shields","Stack"],"picked":"Beam Cell","floor":3.0},{"not_picked":["Consume","Compile Driver"],"picked":"Streamline","floor":5.0},{"not_picked":["Skim","Consume"],"picked":"Sunder","floor":6.0},{"not_picked":["Reprogram","Lockon"],"picked":"Gash","floor":8.0},{"not_picked":["Chill","Steam"],"picked":"Cold Snap","floor":10.0},{"not_picked":["Auto Shields","Sweeping Beam"],"picked":"Cold Snap","floor":11.0},{"not_picked":["Sweeping Beam","Steam"],"picked":"Glacier","floor":13.0},{"not_picked":["Stack","Turbo"],"picked":"Melter","floor":14.0},{"not_picked":["Meteor Strike","Machine Learning"],"picked":"Hyperbeam","floor":16.0},{"not_picked":["Leap","Rebound","Stack"],"picked":"SKIP","floor":18.0},{"not_picked":["Steam Power","Redo"],"picked":"Compile Driver","floor":19.0},{"not_picked":["Turbo","Conserve Battery"],"picked":"Compile Driver+1","floor":21.0},{"not_picked":["Turbo","Compile Driver"],"picked":"Gash","floor":22.0}],"player_experience":807605,"relics_obtained":[{"floor":6.0,"key":"Unceasing Top"},{"floor":8.0,"key":"Matryoshka"},{"floor":9.0,"key":"Boot"},{"floor":9.0,"key":"FossilizedHelix"},{"floor":10.0,"key":"Peace Pipe"}],"event_choices":[{"damage_healed":0.0,"max_hp_gain":0.0,"max_hp_loss":0.0,"gold_gain":0.0,"event_name":"Shining Light","player_choice":"Entered Light","floor":4.0,"gold_loss":0.0,"damage_taken":23.0,"cards_upgraded":["Defend_B","Strike_B"]},{"cards_removed":["Strike_B"],"damage_healed":0.0,"max_hp_gain":0.0,"max_hp_loss":0.0,"gold_gain":0.0,"event_name":"Purifier","player_choice":"Purged","floor":12.0,"gold_loss":0.0,"damage_taken":0.0},{"damage_healed":0.0,"max_hp_gain":0.0,"max_hp_loss":0.0,"gold_gain":50.0,"event_name":"Golden Shrine","player_choice":"Pray","floor":20.0,"gold_loss":0.0,"damage_taken":0.0}],"is_beta":true,"boss_relics":[{"not_picked":["Orrery","Cursed Key"],"picked":"Philosopher\u0027s Stone"}],"items_purged_floors":[],"is_endless":false,"potions_floor_spawned":[1,5,11,16,18,19],"killed_by":"Gremlin Leader","ascension_level":20}