{"gold_per_floor":[113,113,113,113,113,146,176,207,257,257,282,303,328,341,341,434,434,457,457,470,489,439,439,0,0,0,0],"floor_reached":27,"playtime":588,"items_purged":[],"score":515,"play_id":"4f919160-779b-4819-85c7-ae0e45c6a3eb","local_time":"20190222190315","is_ascension_mode":true,"campfire_choices":[{"data":"Beam Cell","floor":10,"key":"SMITH"},{"data":"Zap","floor":15,"key":"SMITH"},{"data":"Electrodynamics","floor":23,"key":"SMITH"},{"floor":25,"key":"REST"}],"neow_cost":"NONE","seed_source_timestamp":17229584353600,"circlet_count":0,"master_deck":["AscendersBane","Strike_B+1","Strike_B+1","Strike_B+1","Strike_B+1","Defend_B+1","Defend_B+1","Defend_B+1","Zap+1","Dualcast+1","Leap","Cold Snap+1","Beam Cell+1","BootSequence","Capacitor","Electrodynamics+1","Defragment+1","White Noise","Defragment","Conserve Battery","Doom and Gloom+1"],"relics":["Cracked Core","NeowsBlessing","Golden Idol","Meat on the Bone","Shuriken","Orichalcum","Peace Pipe","Dream Catcher","Philosopher\u0027s Stone","Turnip","Kunai"],"potions_floor_usage":[16,16,21,27],"damage_taken":[{"damage":0,"enemies":"Small Slimes","floor":1,"turns":1},{"damage":0,"enemies":"3 Sentries","floor":6,"turns":1},{"damage":0,"enemies":"Gremlin Nob","floor":8,"turns":1},{"damage":0,"enemies":"Jaw Worm","floor":11,"turns":2},{"damage":0,"enemies":"Cultist","floor":12,"turns":3},{"damage":1,"enemies":"Looter","floor":13,"turns":3},{"damage":0,"enemies":"Large Slime","floor":14,"turns":4},{"damage":14,"enemies":"Hexaghost","floor":16,"turns":9},{"damage":7,"enemies":"2 Thieves","floor":18,"turns":3},{"damage":8,"enemies":"Spheric Guardian","floor":20,"turns":4},{"damage":33,"enemies":"Chosen and Byrds","floor":21,"turns":6},{"damage":41,"enemies":"Book of Stabbing","floor":27,"turns":4}],"seed_played":"-5867599891814682144","potions_obtained":[{"floor":1,"key":"Weak Potion"},{"floor":6,"key":"Poison Potion"},{"floor":13,"key":"SteroidPotion"},{"floor":14,"key":"AttackPotion"},{"floor":20,"key":"AttackPotion"},{"floor":21,"key":"Strength Potion"}],"is_trial":false,"path_per_floor":["M","?","T","?","?","E","?","E","T","R","M","M","M","M","R","B",null,"M","?","M","M","?","R","$","R","T","E"],"character_chosen":"DEFECT","items_purchased":["Defragment","Conserve Battery","Turnip"],"campfire_rested":1,"item_purchase_floors":[24,24,24],"current_hp_per_floor":[64,64,64,57,38,38,38,38,38,38,38,38,37,37,37,35,57,50,50,42,21,21,21,21,40,40,0],"gold":0,"neow_bonus":"THREE_ENEMY_KILL","is_prod":false,"is_daily":false,"chose_seed":false,"campfire_upgraded":3,"win_rate":0,"timestamp":1550854995,"path_taken":["M","?","?","?","?","E","?","E","T","R","?","M","?","M","R","BOSS","M","?","M","M","?","R","$","R","T","E"],"build_version":"2019-01-23","purchased_purges":0,"victory":false,"max_hp_per_floor":[71,64,64,64,64,64,64,64,64,64,64,64,64,64,64,64,64,64,64,64,64,64,64,64,64,64,64],"card_choices":[{"not_picked":["Steam Power","Lockon"],"picked":"Leap","floor":1},{"not_picked":["Streamline","Double Energy"],"picked":"Cold Snap","floor":6},{"not_picked":["Lockon","Storm"],"picked":"Beam Cell","floor":8},{"not_picked":["Cold Snap","Steam","Reinforced Body"],"picked":"SKIP","floor":11},{"not_picked":["Sweeping Beam","Cold Snap"],"picked":"BootSequence","floor":12},{"not_picked":["Stack","Loop","Streamline"],"picked":"SKIP","floor":13},{"not_picked":["Rip and Tear","Gash"],"picked":"Capacitor","floor":14},{"not_picked":["All For One","Amplify"],"picked":"Electrodynamics","floor":16},{"not_picked":["Barrage","Double Energy","Recycle"],"picked":"SKIP","floor":18},{"not_picked":["Rebound","Hello World"],"picked":"Defragment","floor":20},{"not_picked":["Hologram","Turbo"],"picked":"White Noise","floor":21},{"not_picked":["Chaos","Scrape"],"picked":"Doom and Gloom+1","floor":25}],"player_experience":874911,"relics_obtained":[{"floor":3,"key":"Meat on the Bone"},{"floor":6,"key":"Shuriken"},{"floor":8,"key":"Peace Pipe"},{"floor":9,"key":"Dream Catcher"},{"floor":26,"key":"Kunai"}],"event_choices":[{"damage_healed":0,"gold_gain":0,"player_choice":"Lose Max HP","damage_taken":0,"relics_obtained":["Golden Idol"],"max_hp_gain":0,"max_hp_loss":7,"event_name":"Golden Idol","floor":2,"gold_loss":0},{"cards_removed":["Defend_B"],"damage_healed":0,"gold_gain":0,"player_choice":"Card Removal","damage_taken":7,"max_hp_gain":0,"max_hp_loss":0,"event_name":"Golden Wing","floor":4,"gold_loss":0},{"damage_healed":0,"gold_gain":0,"player_choice":"Entered Light","damage_taken":19,"max_hp_gain":0,"max_hp_loss":0,"event_name":"Shining Light","floor":5,"gold_loss":0,"cards_upgraded":["Dualcast","Defend_B"]},{"damage_healed":0,"gold_gain":30,"player_choice":"Searched \u00272\u0027 times","damage_taken":0,"relics_obtained":["Orichalcum"],"max_hp_gain":0,"max_hp_loss":0,"event_name":"Dead Adventurer","floor":7,"gold_loss":0},{"damage_healed":0,"gold_gain":0,"player_choice":"Simplicity","damage_taken":0,"max_hp_gain":0,"max_hp_loss":0,"event_name":"Back to Basics","floor":19,"gold_loss":0,"cards_upgraded":["Strike_B","Strike_B","Strike_B","Strike_B","Defend_B","Defend_B"]},{"damage_healed":0,"gold_gain":0,"player_choice":"Upgraded Two","damage_taken":0,"max_hp_gain":0,"max_hp_loss":0,"event_name":"Designer","floor":22,"gold_loss":50,"cards_upgraded":["Cold Snap","Defragment"]}],"is_beta":false,"boss_relics":[{"not_picked":["Runic Dome","Lizard Tail"],"picked":"Philosopher\u0027s Stone"}],"items_purged_floors":[],"is_endless":false,"potions_floor_spawned":[1,6,13,14,20,21],"killed_by":"Book of Stabbing","ascension_level":18}