{"gold_per_floor":[111,123,273,97,107,107,121,132,208,208,208,221,254,254],"floor_reached":14,"playtime":407,"items_purged":["Doubt"],"score":184,"play_id":"339a985a-0ce5-4151-a1be-eb026f8329fb","local_time":"20190211193504","is_ascension_mode":true,"campfire_choices":[{"data":"Cloak And Dagger","floor":6.0,"key":"SMITH"},{"data":"Noxious Fumes","floor":10.0,"key":"SMITH"}],"neow_cost":"NONE","seed_source_timestamp":1298465351420100,"circlet_count":0,"master_deck":["AscendersBane","Defend_G","Defend_G","Defend_G","Defend_G","Defend_G","Strike_G","Strike_G","Strike_G","Strike_G","Strike_G","Survivor","Neutralize","Escape Plan","Masterful Stab","Noxious Fumes+1","Bane","Cloak And Dagger+1","Deadly Poison","Infinite Blades","Unload","Flying Knee"],"special_seed":0,"relics":["Ring of the Snake","Darkstone Periapt","Unceasing Top"],"potions_floor_usage":[13],"damage_taken":[{"damage":10.0,"enemies":"Cultist","floor":1.0,"turns":6.0},{"damage":14.0,"enemies":"Jaw Worm","floor":2.0,"turns":7.0},{"damage":7.0,"enemies":"Small Slimes","floor":5.0,"turns":3.0},{"damage":0.0,"enemies":"Gremlin Gang","floor":7.0,"turns":4.0},{"damage":1.0,"enemies":"Looter","floor":8.0,"turns":3.0},{"damage":11.0,"enemies":"Exordium Thugs","floor":12.0,"turns":4.0},{"damage":20,"enemies":"3 Sentries","floor":13,"turns":6},{"damage":4,"enemies":"2 Fungi Beasts","floor":14,"turns":1}],"seed_played":"-7929959375389842856","potions_obtained":[{"floor":1.0,"key":"Swift Potion"},{"floor":2.0,"key":"LiquidBronze"}],"is_trial":false,"path_per_floor":["M","M","?","$","M","R","M","M","T","R","T","M","E","M"],"character_chosen":"THE_SILENT","items_purchased":["Noxious Fumes","Bane"],"campfire_rested":0,"item_purchase_floors":[4,4],"current_hp_per_floor":[55,41,41,41,34,34,34,33,33,33,33,22,2,0],"gold":254,"neow_bonus":"TEN_PERCENT_HP_BONUS","is_prod":false,"is_daily":false,"chose_seed":false,"campfire_upgraded":2,"win_rate":0,"timestamp":1549881304,"path_taken":["M","?","?","$","M","R","M","M","T","R","?","M","E","M"],"build_version":"2019-01-23","purchased_purges":1,"victory":false,"max_hp_per_floor":[72,72,72,72,72,72,72,72,72,72,72,72,72,72],"card_choices":[{"not_picked":["Bane","Sucker Punch"],"picked":"Escape Plan","floor":1.0},{"not_picked":["Acrobatics","Outmaneuver"],"picked":"Masterful Stab","floor":2.0},{"not_picked":["Calculated Gamble","Prepared"],"picked":"Cloak And Dagger","floor":5.0},{"not_picked":["Outmaneuver","Backflip"],"picked":"Deadly Poison","floor":7.0},{"not_picked":["Caltrops","Prepared"],"picked":"Infinite Blades","floor":8.0},{"not_picked":["Flying Knee","Quick Slash"],"picked":"Unload","floor":12.0},{"not_picked":["Outmaneuver","Finisher"],"picked":"Flying Knee","floor":13}],"player_experience":1128502,"relics_obtained":[{"floor":11.0,"key":"Darkstone Periapt"},{"floor":13,"key":"Unceasing Top"}],"event_choices":[{"damage_healed":0.0,"max_hp_gain":0.0,"max_hp_loss":0.0,"gold_gain":150.0,"event_name":"Liars Game","player_choice":"AGREE","floor":3.0,"gold_loss":0.0,"damage_taken":0.0,"cards_obtained":["Doubt"]}],"is_beta":false,"boss_relics":[],"items_purged_floors":[4],"is_endless":false,"potions_floor_spawned":[1,2],"killed_by":"2 Fungi Beasts","ascension_level":20}