{"gold_per_floor":[110,120,133,133,147,147,172,172,172,182,27,27,37,71,71,176,176,193,193,193,206,226,258,258,277,277,277,294,294],"floor_reached":29,"playtime":1178,"items_purged":[],"score":296,"play_id":"4bd49f78-ec90-4de5-b852-f8606c267883","local_time":"20190217121654","is_ascension_mode":true,"campfire_choices":[{"data":"Neutralize","floor":6,"key":"SMITH"},{"data":"Bane","floor":8,"key":"SMITH"},{"floor":12,"key":"REST"},{"floor":15,"key":"REST"},{"floor":24,"key":"REST"},{"floor":27,"key":"REST"}],"neow_cost":"NONE","seed_source_timestamp":180886771088031,"circlet_count":0,"master_deck":["Defend_G","Defend_G","Defend_G","Defend_G","Defend_G","Strike_G","Strike_G","Strike_G","Strike_G","Survivor","Neutralize+1","Deflect","Deadly Poison","Bane+1","Dagger Spray","Envenom","Corpse Explosion","Cloak And Dagger","PiercingWail","Dodge and Roll","Well Laid Plans"],"relics":["Ring of the Snake","Happy Flower","Question Card","Turnip","PreservedInsect","Shovel","Velvet Choker","Prayer Wheel","Matryoshka"],"potions_floor_usage":[7,7,16,25,25],"damage_taken":[{"damage":1,"enemies":"Cultist","floor":1,"turns":4},{"damage":1,"enemies":"Jaw Worm","floor":2,"turns":5},{"damage":0,"enemies":"2 Louse","floor":3,"turns":3},{"damage":18,"enemies":"Large Slime","floor":5,"turns":10},{"damage":16,"enemies":"Gremlin Nob","floor":7,"turns":5},{"damage":0,"enemies":"Blue Slaver","floor":10,"turns":3},{"damage":24,"enemies":"Exordium Wildlife","floor":13,"turns":5},{"damage":10,"enemies":"3 Sentries","floor":14,"turns":6},{"damage":27,"enemies":"Hexaghost","floor":16,"turns":9},{"damage":13,"enemies":"2 Thieves","floor":18,"turns":2},{"damage":3,"enemies":"3 Byrds","floor":21,"turns":3},{"damage":11,"enemies":"Centurion and Healer","floor":22,"turns":4},{"damage":19,"enemies":"Gremlin Leader","floor":23,"turns":5},{"damage":13,"enemies":"Snecko","floor":25,"turns":6},{"damage":39,"enemies":"Shelled Parasite and Fungi","floor":28,"turns":7},{"damage":0,"enemies":"Book of Stabbing","floor":29,"turns":1}],"seed_played":"9091605911924117145","potions_obtained":[{"floor":2,"key":"FearPotion"},{"floor":3,"key":"PowerPotion"},{"floor":14,"key":"AttackPotion"},{"floor":16,"key":"GhostInAJar"},{"floor":21,"key":"Fire Potion"},{"floor":28,"key":"PowerPotion"}],"is_trial":false,"path_per_floor":["M","M","M","?","M","R","E","R","T","M","$","R","M","E","R","B",null,"M","?","?","M","M","E","R","M","T","R","M","E"],"character_chosen":"THE_SILENT","items_purchased":["PreservedInsect"],"campfire_rested":4,"item_purchase_floors":[11],"current_hp_per_floor":[69,68,68,68,50,50,34,34,34,34,34,55,31,21,42,15,70,57,57,57,54,43,24,45,32,32,53,14,14],"gold":294,"neow_bonus":"RANDOM_COMMON_RELIC","is_prod":false,"is_daily":false,"chose_seed":false,"campfire_upgraded":2,"win_rate":0,"timestamp":1550402214,"path_taken":["M","?","M","?","M","R","E","R","T","M","$","R","M","E","R","BOSS","M","?","?","M","M","E","R","M","T","R","?","E"],"build_version":"2019-01-23","purchased_purges":0,"victory":false,"max_hp_per_floor":[70,70,70,70,70,70,70,70,70,70,70,70,70,70,70,70,70,70,70,70,70,70,70,70,70,70,70,70,70],"card_choices":[{"not_picked":["Quick Slash","Escape Plan"],"picked":"Deflect","floor":1},{"not_picked":["Poisoned Stab","Predator","Outmaneuver"],"picked":"SKIP","floor":2},{"not_picked":["Expertise","Prepared","Outmaneuver"],"picked":"SKIP","floor":3},{"not_picked":["Slice","Prepared"],"picked":"Deadly Poison","floor":5},{"not_picked":["Prepared","Doppelganger"],"picked":"Bane","floor":7},{"not_picked":["Flechettes","Backflip","Eviscerate"],"picked":"Dagger Spray","floor":10},{"not_picked":["Heel Hook","Bane","Slice","Deadly Poison"],"picked":"SKIP","floor":13},{"not_picked":["Riddle With Holes","Escape Plan","Blur"],"picked":"Envenom","floor":14},{"not_picked":["Storm of Steel","Doppelganger","Adrenaline"],"picked":"Corpse Explosion","floor":16},{"not_picked":["Prepared","Outmaneuver","Noxious Fumes"],"picked":"Cloak And Dagger","floor":18},{"not_picked":["Bane","Masterful Stab","Outmaneuver"],"picked":"PiercingWail","floor":21},{"not_picked":["Poisoned Stab+1","Sucker Punch","Bane"],"picked":"Dodge and Roll","floor":22},{"not_picked":["Night Terror","Outmaneuver","Dagger Spray","Flying Knee"],"picked":"SKIP","floor":23},{"not_picked":["Flying Knee","Cloak And Dagger","Prepared","Escape Plan"],"picked":"SKIP","floor":25},{"not_picked":["Outmaneuver","Distraction","Eviscerate+1","Corpse Explosion"],"picked":"SKIP","floor":25},{"not_picked":["Outmaneuver","Deadly Poison","Reflex"],"picked":"Well Laid Plans","floor":28},{"not_picked":["Underhanded Strike","Blade Dance","Endless Agony","PiercingWail+1"],"picked":"SKIP","floor":28}],"player_experience":214206,"relics_obtained":[{"floor":7,"key":"Question Card"},{"floor":9,"key":"Turnip"},{"floor":14,"key":"Shovel"},{"floor":23,"key":"Prayer Wheel"},{"floor":26,"key":"Matryoshka"}],"event_choices":[{"damage_healed":0,"gold_gain":0,"player_choice":"Ignored","damage_taken":0,"max_hp_gain":0,"max_hp_loss":0,"event_name":"NoteForYourself","floor":4,"gold_loss":0},{"damage_healed":0,"gold_gain":0,"player_choice":"Ignored","damage_taken":0,"max_hp_gain":0,"max_hp_loss":0,"event_name":"Ghosts","floor":19,"gold_loss":0},{"cards_removed":["Strike_G"],"damage_healed":0,"gold_gain":0,"player_choice":"Purged","damage_taken":0,"max_hp_gain":0,"max_hp_loss":0,"event_name":"Purifier","floor":20,"gold_loss":0}],"is_beta":false,"boss_relics":[{"not_picked":["Philosopher\u0027s Stone","Runic Pyramid"],"picked":"Velvet Choker"}],"items_purged_floors":[],"is_endless":false,"potions_floor_spawned":[2,3,14,16,21,28],"killed_by":"Book of Stabbing","ascension_level":3}