{"gold_per_floor":[109,120,295,133,196,223,233,209,209,225,260,146,162,194,194,291,291,307,63,63,82,100,125,125],"floor_reached":24,"playtime":2440,"items_purged":["Doubt","Strike_R"],"score":300,"play_id":"92ad3054-4704-427a-82bf-70e2aebab204","local_time":"20190204211741","is_ascension_mode":true,"campfire_choices":[{"data":"Corruption","floor":15.0,"key":"SMITH"}],"neow_cost":"NONE","seed_source_timestamp":0,"circlet_count":0,"master_deck":["Strike_R","Strike_R","Strike_R","Strike_R","Defend_R","Defend_R","Defend_R","Defend_R","Bash","Heavy Blade","Barricade","Entrench","Body Slam","Dark Embrace","Flame Barrier","Inflame","Feel No Pain","Entrench","Corruption+1","Havoc+1"],"special_seed":0,"relics":["Burning Blood","Self Forming Clay","Molten Egg 2","Darkstone Periapt","Girya","Sozu","Bag of Preparation","Toxic Egg 2"],"potions_floor_usage":[23],"damage_taken":[{"damage":7.0,"enemies":"2 Louse","floor":1.0,"turns":2.0},{"damage":12.0,"enemies":"Small Slimes","floor":2.0,"turns":4.0},{"damage":55.0,"enemies":"Gremlin Nob","floor":6.0,"turns":6.0},{"damage":5.0,"enemies":"Jaw Worm","floor":7.0,"turns":6.0},{"damage":3.0,"enemies":"Lots of Slimes","floor":10.0,"turns":7.0},{"damage":25.0,"enemies":"3 Sentries","floor":11.0,"turns":9.0},{"damage":10.0,"enemies":"Red Slaver","floor":13.0,"turns":8.0},{"damage":0.0,"enemies":"Lagavulin","floor":14.0,"turns":7.0},{"damage":39.0,"enemies":"The Guardian","floor":16.0,"turns":7.0},{"damage":13,"enemies":"Shell Parasite","floor":18,"turns":9},{"damage":5,"enemies":"3 Byrds","floor":21,"turns":6},{"damage":20,"enemies":"Centurion and Healer","floor":22,"turns":5},{"damage":53,"enemies":"Gremlin Leader","floor":23,"turns":8},{"damage":22,"enemies":"3 Cultists","floor":24,"turns":4}],"seed_played":"-8190948982745806150","potions_obtained":[{"floor":1.0,"key":"LiquidBronze"},{"floor":7.0,"key":"AttackPotion"},{"floor":13.0,"key":"Regen Potion"},{"floor":14.0,"key":"Regen Potion"}],"is_trial":false,"path_per_floor":["M","M","?","$","?","E","M","?","T","M","E","$","M","E","R","B",null,"M","$","$","M","M","E","M"],"character_chosen":"IRONCLAD","items_purchased":["Entrench","Body Slam","Entrench","Corruption","Bag of Preparation"],"campfire_rested":0,"item_purchase_floors":[4,4,12,12,19],"current_hp_per_floor":[87,81,81,81,81,32,33,33,33,36,17,17,13,34,34,16,88,81,81,81,82,68,21,0],"gold":125,"neow_bonus":"TEN_PERCENT_HP_BONUS","is_prod":false,"is_daily":false,"chose_seed":false,"campfire_upgraded":1,"win_rate":0,"timestamp":1549343861,"path_taken":["M","M","?","$","?","E","M","?","T","M","E","$","?","E","R","BOSS","M","?","$","M","M","E","M"],"build_version":"2019-01-23","purchased_purges":2,"victory":false,"max_hp_per_floor":[88,88,88,88,88,88,88,88,88,88,88,88,88,88,88,88,88,88,88,88,88,88,88,88],"card_choices":[{"not_picked":["Power Through","Twin Strike"],"picked":"Heavy Blade","floor":1.0},{"not_picked":["Havoc","Thunderclap"],"picked":"Barricade","floor":2.0},{"not_picked":["Cleave","Wild Strike"],"picked":"Dark Embrace","floor":6.0},{"not_picked":["Thunderclap","Body Slam"],"picked":"Flame Barrier","floor":7.0},{"not_picked":["Perfected Strike+1","Clash+1"],"picked":"Inflame","floor":10.0},{"not_picked":["Combust","Wild Strike+1"],"picked":"Feel No Pain","floor":11.0},{"not_picked":["Wild Strike+1","Bloodletting","Clash+1"],"picked":"SKIP","floor":13.0},{"not_picked":["Battle Trance","Searing Blow+1","Rupture"],"picked":"SKIP","floor":14.0},{"not_picked":["Combust","Perfected Strike+1","Thunderclap+1"],"picked":"SKIP","floor":18},{"not_picked":["Heavy Blade+1","Iron Wave+1","Blood for Blood+1"],"picked":"SKIP","floor":21},{"not_picked":["Headbutt+1","Corruption","Dual Wield"],"picked":"SKIP","floor":22},{"not_picked":["Infernal Blade","Headbutt+1"],"picked":"Havoc","floor":23}],"player_experience":68149,"relics_obtained":[{"floor":6.0,"key":"Self Forming Clay"},{"floor":9.0,"key":"Molten Egg 2"},{"floor":11.0,"key":"Darkstone Periapt"},{"floor":14.0,"key":"Girya"},{"floor":23,"key":"Toxic Egg 2"}],"event_choices":[{"damage_healed":0.0,"max_hp_gain":0.0,"max_hp_loss":0.0,"gold_gain":175.0,"event_name":"Liars Game","player_choice":"AGREE","floor":3.0,"gold_loss":0.0,"damage_taken":0.0,"cards_obtained":["Doubt"]},{"damage_healed":0.0,"max_hp_gain":0.0,"max_hp_loss":0.0,"gold_gain":63.0,"event_name":"Golden Wing","player_choice":"Gained Gold","floor":5.0,"gold_loss":0.0,"damage_taken":0.0},{"damage_healed":0.0,"max_hp_gain":0.0,"max_hp_loss":0.0,"gold_gain":0.0,"event_name":"World of Goop","player_choice":"Left Gold","floor":8.0,"gold_loss":24.0,"damage_taken":0.0}],"is_beta":false,"boss_relics":[{"not_picked":["Eternal Feather","Snecko Eye"],"picked":"Sozu"}],"items_purged_floors":[4,19],"is_endless":false,"potions_floor_spawned":[1,7,13,14,23],"killed_by":"3 Cultists","ascension_level":1}