{"gold_per_floor":[13,25,100,100,117,117,147,162,209,221,1,1,36,36,36,167,167,180,201,215,115,135,135,135,10,10,26,386,404,439,354,354,354],"floor_reached":33,"playtime":3627,"items_purged":["Strike_B","Defend_B","Defend_B"],"score":327,"play_id":"38bb2248-238d-4eed-930c-e19f963cf824","local_time":"20190207212419","is_ascension_mode":false,"campfire_choices":[{"data":"Zap","floor":6,"key":"SMITH"},{"data":"Consume","floor":15,"key":"SMITH"},{"data":"Seek","floor":23,"key":"SMITH"},{"floor":32,"key":"REST"}],"neow_cost":"NO_GOLD","seed_source_timestamp":354147014325859,"circlet_count":0,"master_deck":["Strike_B+1","Strike_B+1","Strike_B","Defend_B","Defend_B","Zap+1","Dualcast","Glacier","Chill","Glacier","Compile Driver","Self Repair","Consume+1","Hologram","Seek+1","Steam+1","Go for the Eyes","Hologram+1","Aggregate+1","Tempest"],"relics":["Cracked Core","Matryoshka","Art of War","Bag of Preparation","Juzu Bracelet","Lantern","Golden Idol","Kunai","Nuclear Battery","Whetstone","PreservedInsect","The Courier","Pear"],"potions_floor_usage":[10,16,29,29,33],"damage_taken":[{"damage":5,"enemies":"Small Slimes","floor":1,"turns":3},{"damage":8,"enemies":"Cultist","floor":2,"turns":5},{"damage":0,"enemies":"2 Louse","floor":5,"turns":3},{"damage":0,"enemies":"3 Sentries","floor":7,"turns":16},{"damage":7,"enemies":"Exordium Thugs","floor":8,"turns":6},{"damage":0,"enemies":"Blue Slaver","floor":10,"turns":7},{"damage":22,"enemies":"Gremlin Nob","floor":13,"turns":5},{"damage":12,"enemies":"The Guardian","floor":16,"turns":21},{"damage":5,"enemies":"3 Byrds","floor":18,"turns":7},{"damage":0,"enemies":"Spheric Guardian","floor":19,"turns":9},{"damage":8,"enemies":"Snecko","floor":20,"turns":12},{"damage":6,"enemies":"Sentry and Sphere","floor":22,"turns":11},{"damage":0,"enemies":"Snake Plant","floor":27,"turns":6},{"damage":4,"enemies":"Cultist and Chosen","floor":29,"turns":10},{"damage":28,"enemies":"Slavers","floor":30,"turns":9},{"damage":139,"enemies":"Automaton","floor":33,"turns":24}],"seed_played":"4558796935937100871","potions_obtained":[{"floor":1,"key":"Ancient Potion"},{"floor":8,"key":"Regen Potion"},{"floor":10,"key":"Swift Potion"},{"floor":13,"key":"Fruit Juice"},{"floor":19,"key":"FairyPotion"},{"floor":20,"key":"Poison Potion"},{"floor":30,"key":"SneckoOil"}],"is_trial":false,"path_per_floor":["M","M","?","?","M","R","E","M","T","M","$","?","E","?","R","B",null,"M","M","M","$","M","R","?","$","T","M","?","M","E","?","R","B"],"character_chosen":"DEFECT","items_purchased":["Lantern"],"campfire_rested":1,"item_purchase_floors":[11],"current_hp_per_floor":[84,76,65,65,65,65,65,58,58,77,77,55,40,40,40,40,94,94,94,93,93,94,94,94,94,94,94,49,52,31,41,72,0],"gold":354,"neow_bonus":"TWENTY_PERCENT_HP_BONUS","is_prod":false,"is_daily":false,"chose_seed":false,"campfire_upgraded":3,"win_rate":0,"timestamp":1549571059,"path_taken":["M","M","?","?","M","R","E","?","T","M","$","?","E","?","R","BOSS","M","M","M","$","M","R","?","$","T","M","?","M","E","?","R","BOSS"],"build_version":"2019-01-23","purchased_purges":3,"victory":false,"max_hp_per_floor":[89,89,89,89,89,89,89,89,89,89,89,89,89,89,89,94,94,94,94,94,94,94,94,94,94,94,94,94,94,94,104,104,104],"card_choices":[{"not_picked":["Force Field","Leap"],"picked":"Glacier","floor":1},{"not_picked":["Aggregate","Barrage"],"picked":"Chill","floor":2},{"not_picked":["Genetic Algorithm","Beam Cell"],"picked":"Glacier","floor":5},{"not_picked":["Steam","Rebound"],"picked":"Compile Driver","floor":7},{"not_picked":["Barrage","Turbo"],"picked":"Self Repair","floor":8},{"not_picked":["Hello World","Sunder"],"picked":"Consume","floor":10},{"not_picked":["Rebound","Self Repair"],"picked":"Hologram","floor":13},{"not_picked":["Fission","Multi-Cast"],"picked":"Seek","floor":16},{"not_picked":["Turbo","Conserve Battery"],"picked":"Steam+1","floor":18},{"not_picked":["Redo","Hologram+1"],"picked":"Go for the Eyes","floor":19},{"not_picked":["Sunder","Rip and Tear+1"],"picked":"Hologram+1","floor":20},{"not_picked":["Leap","Fusion","Scrape+1"],"picked":"SKIP","floor":22},{"not_picked":["Conserve Battery","Glacier","Beam Cell"],"picked":"SKIP","floor":27},{"not_picked":["Rebound","Reinforced Body"],"picked":"Aggregate+1","floor":29},{"not_picked":["Fission","Rip and Tear"],"picked":"Tempest","floor":30}],"player_experience":58119,"relics_obtained":[{"floor":7,"key":"Art of War"},{"floor":9,"key":"Bag of Preparation"},{"floor":9,"key":"Juzu Bracelet"},{"floor":13,"key":"Kunai"},{"floor":26,"key":"Whetstone"},{"floor":26,"key":"PreservedInsect"},{"floor":30,"key":"The Courier"}],"event_choices":[{"damage_healed":0,"gold_gain":75,"player_choice":"Gather Gold","damage_taken":11,"max_hp_gain":0,"max_hp_loss":0,"event_name":"World of Goop","floor":3,"gold_loss":0},{"damage_healed":0,"gold_gain":0,"player_choice":"Gave Potion","damage_taken":0,"relics_obtained":["Matryoshka"],"max_hp_gain":0,"max_hp_loss":0,"event_name":"WeMeetAgain","floor":4,"gold_loss":0},{"damage_healed":0,"gold_gain":0,"player_choice":"Take Damage","damage_taken":22,"relics_obtained":["Golden Idol"],"max_hp_gain":0,"max_hp_loss":0,"event_name":"Golden Idol","floor":12,"gold_loss":0},{"damage_healed":0,"gold_gain":0,"player_choice":"Leave","damage_taken":0,"max_hp_gain":0,"max_hp_loss":0,"event_name":"The Cleric","floor":14,"gold_loss":0},{"damage_healed":0,"gold_gain":0,"player_choice":"Ignored","damage_taken":0,"max_hp_gain":0,"max_hp_loss":0,"event_name":"Vampires","floor":24,"gold_loss":0},{"damage_healed":0,"gold_gain":360,"player_choice":"GOLD GOLD GOLD GOLD ","damage_taken":45,"max_hp_gain":0,"max_hp_loss":0,"event_name":"Knowing Skull","floor":28,"potions_obtained":[],"gold_loss":0,"cards_obtained":[]},{"damage_healed":0,"gold_gain":360,"player_choice":"GOLD GOLD GOLD GOLD ","damage_taken":45,"max_hp_gain":0,"max_hp_loss":0,"event_name":"Knowing Skull","floor":28,"potions_obtained":[],"gold_loss":0,"cards_obtained":[]},{"damage_healed":0,"gold_gain":0,"player_choice":"Obtained Relic","damage_taken":0,"relics_obtained":["Pear"],"max_hp_gain":0,"max_hp_loss":0,"event_name":"Addict","floor":31,"gold_loss":85}],"is_beta":false,"boss_relics":[{"not_picked":["Snecko Eye","Calling Bell"],"picked":"Nuclear Battery"}],"items_purged_floors":[11,21,25],"is_endless":false,"potions_floor_spawned":[1,8,10,13,19,20,30],"killed_by":"Automaton","ascension_level":0}