{"gold_per_floor":[116,116,133,146,160,160,176,193,216,216,249,249,249,264,264,360,360,377,391,391,404,504,504,539,539,539,539,550,582,171,191,191,289,289,309,309,354,354,367,367],"floor_reached":40,"playtime":3285,"items_purged":["Injury"],"score":632,"play_id":"a02b756e-614f-4358-a2d2-4254318717e8","local_time":"20190106030916","is_ascension_mode":true,"campfire_choices":[{"data":"Poisoned Stab","floor":6,"key":"SMITH"},{"data":"Catalyst","floor":10,"key":"SMITH"},{"data":"Poisoned Stab","floor":13,"key":"SMITH"},{"data":"Footwork","floor":15,"key":"SMITH"},{"data":"Burst","floor":23,"key":"SMITH"},{"data":"Well Laid Plans","floor":25,"key":"SMITH"},{"data":"Noxious Fumes","floor":27,"key":"SMITH"},{"data":"Apotheosis","floor":32,"key":"SMITH"}],"neow_cost":"NONE","seed_source_timestamp":1782576590694454,"circlet_count":0,"master_deck":["Defend_G","Defend_G","Defend_G","Defend_G","Defend_G","Strike_G+1","Strike_G","Strike_G+1","Strike_G","Strike_G","Survivor","Poisoned Stab+1","Burst+1","Predator","Catalyst+1","Poisoned Stab+1","Footwork+1","Deflect+1","Well Laid Plans+1","Deadly Poison+1","Noxious Fumes+1","Cloak And Dagger","Dodge and Roll","Apotheosis+1","Escape Plan","Backflip","Sucker Punch","Blur","Night Terror","Bouncing Flask+1","Dodge and Roll+1"],"relics":["Ring of the Snake","Bag of Preparation","Torii","Cursed Key","Art of War","Whetstone","Membership Card","Philosopher\u0027s Stone","WingedGreaves"],"potions_floor_usage":[8,11,16,21,24,24,29,29,33,37,37],"damage_taken":[{"damage":0,"enemies":"Small Slimes","floor":1,"turns":4},{"damage":0,"enemies":"2 Louse","floor":3,"turns":2},{"damage":0,"enemies":"Cultist","floor":4,"turns":3},{"damage":5,"enemies":"Looter","floor":5,"turns":4},{"damage":1,"enemies":"Exordium Wildlife","floor":7,"turns":5},{"damage":2,"enemies":"3 Louse","floor":8,"turns":3},{"damage":0,"enemies":"Gremlin Nob","floor":11,"turns":3},{"damage":3,"enemies":"Gremlin Gang","floor":14,"turns":3},{"damage":0,"enemies":"The Guardian","floor":16,"turns":7},{"damage":2,"enemies":"Shell Parasite","floor":18,"turns":5},{"damage":0,"enemies":"3 Byrds","floor":19,"turns":5},{"damage":3,"enemies":"Snecko","floor":21,"turns":5},{"damage":16,"enemies":"Slavers","floor":24,"turns":7},{"damage":0,"enemies":"Snake Plant","floor":28,"turns":4},{"damage":0,"enemies":"Book of Stabbing","floor":29,"turns":4},{"damage":0,"enemies":"3 Cultists","floor":31,"turns":6},{"damage":0,"enemies":"Automaton","floor":33,"turns":12},{"damage":0,"enemies":"3 Shapes","floor":35,"turns":4},{"damage":9,"enemies":"2 Orb Walkers","floor":37,"turns":5},{"damage":2,"enemies":"3 Darklings","floor":39,"turns":6},{"damage":88,"enemies":"Reptomancer","floor":40,"turns":3}],"seed_played":"-162264803264472151","potions_obtained":[{"floor":3,"key":"FearPotion"},{"floor":5,"key":"FearPotion"},{"floor":8,"key":"Poison Potion"},{"floor":11,"key":"GhostInAJar"},{"floor":18,"key":"Swift Potion"},{"floor":19,"key":"Dexterity Potion"},{"floor":28,"key":"EntropicBrew"},{"floor":33,"key":"Swift Potion"},{"floor":35,"key":"Poison Potion"}],"is_trial":false,"path_per_floor":["M","?","M","M","M","R","M","M","T","R","E","?","R","M","R","B",null,"M","M","?","M","?","R","E","R","T","R","M","E","$","M","R","B",null,"M","?","?","?","M","E"],"character_chosen":"THE_SILENT","items_purchased":["Membership Card","Apotheosis","Escape Plan","Backflip","Sucker Punch"],"campfire_rested":0,"item_purchase_floors":[30,30,30,30,30],"current_hp_per_floor":[70,70,70,70,65,65,64,62,62,62,62,67,67,64,64,64,75,73,73,73,70,70,70,54,54,54,54,54,54,54,54,54,54,75,75,75,66,85,83,0],"gold":367,"neow_bonus":"THREE_CARDS","is_prod":false,"is_daily":false,"chose_seed":false,"campfire_upgraded":8,"win_rate":0,"timestamp":1546762156,"path_taken":["M","?","M","M","M","R","M","M","T","R","E","?","R","M","R","BOSS","M","M","?","M","?","R","E","R","T","R","?","E","$","M","R","BOSS","M","?","?","?","?","E"],"build_version":"2019-01-03v4","purchased_purges":1,"victory":false,"max_hp_per_floor":[70,70,70,70,70,70,70,70,70,70,70,75,75,75,75,75,75,75,75,75,75,75,75,75,75,75,75,75,75,75,75,75,75,75,75,75,75,85,85,85],"card_choices":[{"not_picked":["Underhanded Strike","Dagger Spray"],"picked":"Poisoned Stab","floor":0},{"not_picked":["Quick Slash","Expertise","Acrobatics"],"picked":"SKIP","floor":1},{"not_picked":["Poisoned Stab","Dagger Spray"],"picked":"Burst","floor":3},{"not_picked":["Slice","Endless Agony"],"picked":"Predator","floor":4},{"not_picked":["Riddle With Holes","Reflex","Predator"],"picked":"SKIP","floor":5},{"not_picked":["Slice","Underhanded Strike"],"picked":"Catalyst","floor":7},{"not_picked":["Finisher","Heel Hook","Blade Dance"],"picked":"SKIP","floor":8},{"not_picked":["Dagger Throw","Accuracy"],"picked":"Poisoned Stab","floor":11},{"not_picked":["Outmaneuver","Underhanded Strike"],"picked":"Footwork","floor":14},{"not_picked":["Grand Finale","Phantasmal Killer"],"picked":"Die Die Die","floor":16},{"not_picked":["Masterful Stab","Bane"],"picked":"Deflect+1","floor":18},{"not_picked":["Bane","Setup+1","Outmaneuver+1"],"picked":"SKIP","floor":19},{"not_picked":["Escape Plan+1","Footwork"],"picked":"Deadly Poison+1","floor":21},{"not_picked":["Flying Knee","PiercingWail"],"picked":"Noxious Fumes","floor":24},{"not_picked":["Backstab","Flying Knee"],"picked":"Cloak And Dagger","floor":28},{"not_picked":["Quick Slash","Heel Hook"],"picked":"Dodge and Roll","floor":29},{"not_picked":["PiercingWail","Expertise"],"picked":"Blur","floor":31},{"not_picked":["Corpse Explosion","Tools of the Trade"],"picked":"Night Terror","floor":33},{"not_picked":["Dash","Poisoned Stab+1"],"picked":"Bouncing Flask+1","floor":35},{"not_picked":["Prepared","Bouncing Flask+1"],"picked":"Dodge and Roll+1","floor":37},{"not_picked":["Deadly Poison","Flying Knee+1","Endless Agony"],"picked":"SKIP","floor":39}],"player_experience":3997544,"relics_obtained":[{"floor":9,"key":"Bag of Preparation"},{"floor":11,"key":"Torii"},{"floor":24,"key":"Art of War"},{"floor":29,"key":"Whetstone"},{"floor":37,"key":"WingedGreaves"}],"event_choices":[{"damage_healed":0,"gold_gain":0,"player_choice":"Grow","damage_taken":0,"max_hp_gain":0,"max_hp_loss":0,"event_name":"Living Wall","floor":2,"gold_loss":0,"cards_upgraded":["Neutralize"]},{"damage_healed":0,"gold_gain":0,"player_choice":"Donut","damage_taken":0,"max_hp_gain":5,"max_hp_loss":0,"event_name":"Big Fish","floor":12,"gold_loss":0},{"damage_healed":0,"gold_gain":0,"player_choice":"Read","damage_taken":0,"max_hp_gain":0,"max_hp_loss":0,"event_name":"The Library","floor":20,"gold_loss":0,"cards_obtained":["Well Laid Plans"]},{"damage_healed":0,"gold_gain":100,"player_choice":"Pray","damage_taken":0,"max_hp_gain":0,"max_hp_loss":0,"event_name":"Golden Shrine","floor":22,"gold_loss":0},{"cards_removed":["Neutralize"],"damage_healed":0,"gold_gain":0,"player_choice":"Removed Attack","damage_taken":0,"max_hp_gain":0,"max_hp_loss":0,"event_name":"Falling","floor":36,"gold_loss":0},{"damage_healed":0,"gold_gain":0,"player_choice":"Fight","damage_taken":0,"max_hp_gain":0,"max_hp_loss":0,"event_name":"Mysterious Sphere","floor":37,"gold_loss":0},{"cards_removed":["Die Die Die"],"damage_healed":9,"gold_gain":0,"player_choice":"Offered Rare","damage_taken":0,"max_hp_gain":10,"max_hp_loss":0,"event_name":"Bonfire Elementals","floor":38,"gold_loss":0}],"is_beta":true,"boss_relics":[{"not_picked":["Velvet Choker","Orrery"],"picked":"Cursed Key"},{"not_picked":["Tiny House","Snecko Eye"],"picked":"Philosopher\u0027s Stone"}],"items_purged_floors":[30],"is_endless":false,"potions_floor_spawned":[3,5,8,11,18,19,28,33,35],"killed_by":"Reptomancer","ascension_level":1}