{"gold_per_floor":[109,128,102,177,191,191,191,210,237,268,330,343,374,392,392,469,469,480,494,494,419,26,54,54,86,110,110,110,126,126,146,146,222,222,241,255,274,34,44,44,69,69,69,69,69,13,13,30,30,30],"floor_reached":50,"playtime":4638,"items_purged":["Strike_G+1"],"score":1006,"play_id":"601c0a25-8a99-41f1-8907-8a9ccdaba3da","local_time":"20190221225221","is_ascension_mode":true,"campfire_choices":[{"data":"Neutralize","floor":6,"key":"SMITH"},{"floor":15,"key":"REST"},{"floor":24,"key":"REST"},{"floor":27,"key":"REST"},{"data":"Cloak And Dagger","floor":30,"key":"SMITH"},{"floor":32,"key":"REST"},{"data":"Footwork","floor":40,"key":"SMITH"},{"data":"Noxious Fumes","floor":45,"key":"SMITH"},{"data":"A Thousand Cuts","floor":47,"key":"SMITH"},{"data":"Accuracy","floor":49,"key":"SMITH"}],"neow_cost":"NONE","seed_source_timestamp":761594848347209,"circlet_count":0,"master_deck":["AscendersBane","Defend_G+1","Defend_G+1","Defend_G+1","Defend_G+1","Defend_G+1","Strike_G+1","Survivor","Neutralize+1","Cloak And Dagger+1","All Out Attack","Cloak And Dagger","Dagger Throw","Quick Slash","A Thousand Cuts+1","Dash","Footwork+1","Endless Agony","Backflip+1","After Image+1","Leg Sweep","Backflip","Infinite Blades","Sucker Punch","Poisoned Stab","Blade Dance","Envenom","Noxious Fumes+1","Master of Strategy","Dash+1","Backflip","Cloak And Dagger","Blur+1","Storm of Steel","Calculated Gamble+1","Accuracy+1","Backstab+1","Endless Agony+1"],"relics":["Ring of the Snake","PreservedInsect","Orichalcum","Dead Branch","Orrery","Ancient Tea Set","Oddly Smooth Stone","Tingsha","Lantern","Cursed Key","Bag of Marbles","War Paint"],"potions_floor_usage":[10,13,23,23,33,39,50],"damage_taken":[{"damage":7,"enemies":"Small Slimes","floor":1,"turns":7},{"damage":0,"enemies":"Jaw Worm","floor":2,"turns":4},{"damage":0,"enemies":"Cultist","floor":5,"turns":3},{"damage":3,"enemies":"3 Louse","floor":8,"turns":4},{"damage":2,"enemies":"Gremlin Nob","floor":10,"turns":3},{"damage":5,"enemies":"2 Fungi Beasts","floor":12,"turns":3},{"damage":16,"enemies":"3 Sentries","floor":13,"turns":6},{"damage":10,"enemies":"Exordium Wildlife","floor":14,"turns":7},{"damage":19,"enemies":"Hexaghost","floor":16,"turns":17},{"damage":3,"enemies":"Chosen","floor":18,"turns":6},{"damage":17,"enemies":"Spheric Guardian","floor":19,"turns":4},{"damage":24,"enemies":"Slavers","floor":23,"turns":6},{"damage":9,"enemies":"Gremlin Leader","floor":25,"turns":6},{"damage":8,"enemies":"Snake Plant","floor":29,"turns":5},{"damage":0,"enemies":"Cultist and Chosen","floor":31,"turns":6},{"damage":39,"enemies":"Champ","floor":33,"turns":13},{"damage":0,"enemies":"Orb Walker","floor":35,"turns":4},{"damage":0,"enemies":"3 Darklings","floor":36,"turns":5},{"damage":0,"enemies":"Writhing Mass","floor":37,"turns":7},{"damage":0,"enemies":"4 Shapes","floor":39,"turns":6},{"damage":0,"enemies":"Giant Head","floor":41,"turns":6},{"damage":0,"enemies":"Spire Growth","floor":48,"turns":5},{"damage":71,"enemies":"Time Eater","floor":50,"turns":5}],"seed_played":"8302532637266478600","potions_obtained":[{"floor":1,"key":"SkillPotion"},{"floor":10,"key":"Swift Potion"},{"floor":12,"key":"Explosive Potion"},{"floor":19,"key":"Dexterity Potion"},{"floor":31,"key":"Poison Potion"},{"floor":33,"key":"SmokeBomb"},{"floor":37,"key":"SkillPotion"},{"floor":41,"key":"SpeedPotion"}],"is_trial":false,"path_per_floor":["M","M","$","?","M","R","?","M","T","E","?","M","E","M","R","B",null,"M","M","?","?","$","E","R","E","T","R","?","M","R","M","R","B",null,"M","M","M","$","M","R","E","?","T","?","R","$","R","M","R","B"],"character_chosen":"THE_SILENT","items_purchased":["Dagger Throw","Noxious Fumes","Master of Strategy","Ancient Tea Set","Bag of Marbles","Energy Potion"],"campfire_rested":4,"item_purchase_floors":[3,22,22,22,38,46],"current_hp_per_floor":[52,52,52,41,41,41,41,38,38,36,36,31,15,5,24,5,51,48,31,31,31,31,7,26,17,17,36,36,28,28,28,47,8,52,52,52,52,52,52,52,52,52,52,52,52,52,52,52,52,0],"gold":30,"neow_bonus":"THREE_CARDS","is_prod":false,"is_daily":false,"chose_seed":false,"campfire_upgraded":6,"win_rate":0,"timestamp":1550818341,"path_taken":["M","M","$","?","M","R","?","?","T","E","?","M","E","M","R","BOSS","M","M","?","?","$","E","R","E","T","R","?","M","R","?","R","BOSS","M","?","M","$","M","R","E","?","T","?","R","$","R","M","R","BOSS"],"build_version":"2019-01-23","purchased_purges":1,"victory":false,"max_hp_per_floor":[66,66,66,66,66,66,66,66,66,66,66,66,66,66,66,66,66,66,66,66,66,66,66,66,66,66,66,66,66,66,66,66,66,66,66,66,66,66,66,66,66,66,66,63,63,63,63,63,63,63],"card_choices":[{"not_picked":["Bane","Finisher"],"picked":"Cloak And Dagger","floor":0},{"not_picked":["Reflex","Slice"],"picked":"All Out Attack","floor":1},{"not_picked":["Underhanded Strike","PiercingWail"],"picked":"Cloak And Dagger","floor":2},{"not_picked":["Slice","Acrobatics"],"picked":"Quick Slash","floor":5},{"not_picked":["Flying Knee","PiercingWail"],"picked":"A Thousand Cuts","floor":8},{"not_picked":["Unload","Cloak And Dagger"],"picked":"Dash","floor":10},{"not_picked":["Dodge and Roll","Skewer"],"picked":"Footwork","floor":12},{"not_picked":["Cloak And Dagger","Choke"],"picked":"Endless Agony","floor":13},{"not_picked":["Deadly Poison","All Out Attack"],"picked":"Backflip","floor":14},{"not_picked":["Malaise","Grand Finale"],"picked":"After Image","floor":16},{"not_picked":["Slice","All Out Attack"],"picked":"Leg Sweep","floor":17},{"not_picked":["Choke","Flying Knee"],"picked":"Backflip","floor":17},{"not_picked":["Flying Knee","Slice"],"picked":"Infinite Blades","floor":17},{"not_picked":["Outmaneuver","Tactician"],"picked":"Sucker Punch","floor":17},{"not_picked":["Underhanded Strike","Tactician"],"picked":"Poisoned Stab","floor":17},{"not_picked":["Underhanded Strike","Deadly Poison"],"picked":"Blade Dance","floor":18},{"not_picked":["Bane","Tactician"],"picked":"Envenom","floor":19},{"not_picked":["Dagger Throw+1","Underhanded Strike+1"],"picked":"Dash+1","floor":23},{"not_picked":["Choke","Finisher"],"picked":"Backflip","floor":25},{"not_picked":["Slice+1","Tactician"],"picked":"Cloak And Dagger","floor":29},{"not_picked":["Masterful Stab","Slice"],"picked":"Blur","floor":31},{"not_picked":["Phantasmal Killer","Night Terror"],"picked":"Storm of Steel","floor":33},{"not_picked":["Underhanded Strike","Reflex","Quick Slash"],"picked":"SKIP","floor":35},{"not_picked":["Outmaneuver","Sucker Punch","Riddle With Holes+1"],"picked":"SKIP","floor":36},{"not_picked":["Endless Agony","Blade Dance"],"picked":"Calculated Gamble+1","floor":37},{"not_picked":["Cloak And Dagger","Blade Dance+1"],"picked":"Accuracy","floor":39},{"not_picked":["Unload","Expertise"],"picked":"Backstab+1","floor":41},{"not_picked":["Deflect","Outmaneuver"],"picked":"Endless Agony+1","floor":48}],"player_experience":666055,"relics_obtained":[{"floor":9,"key":"PreservedInsect"},{"floor":10,"key":"Orichalcum"},{"floor":13,"key":"Dead Branch"},{"floor":23,"key":"Oddly Smooth Stone"},{"floor":25,"key":"Tingsha"},{"floor":26,"key":"Lantern"},{"floor":41,"key":"War Paint"}],"event_choices":[{"damage_healed":0,"gold_gain":75,"player_choice":"Gather Gold","damage_taken":11,"max_hp_gain":0,"max_hp_loss":0,"event_name":"World of Goop","floor":4,"gold_loss":0},{"cards_removed":["Strike_G"],"damage_healed":0,"gold_gain":0,"player_choice":"Offered Basic","damage_taken":0,"max_hp_gain":0,"max_hp_loss":0,"event_name":"Bonfire Elementals","floor":7,"gold_loss":0},{"damage_healed":0,"gold_gain":62,"player_choice":"Gained Gold","damage_taken":0,"max_hp_gain":0,"max_hp_loss":0,"event_name":"Golden Wing","floor":11,"gold_loss":0},{"damage_healed":0,"gold_gain":0,"player_choice":"Simplicity","damage_taken":0,"max_hp_gain":0,"max_hp_loss":0,"event_name":"Back to Basics","floor":20,"gold_loss":0,"cards_upgraded":["Defend_G","Defend_G","Defend_G","Defend_G","Defend_G","Strike_G","Strike_G","Strike_G","Strike_G"]},{"cards_removed":["Strike_G"],"damage_healed":0,"gold_gain":0,"player_choice":"Gave Gold","damage_taken":0,"max_hp_gain":0,"max_hp_loss":0,"event_name":"Beggar","floor":21,"gold_loss":75},{"damage_healed":0,"gold_gain":0,"player_choice":"Upgraded","damage_taken":0,"max_hp_gain":0,"max_hp_loss":0,"event_name":"Upgrade Shrine","floor":28,"gold_loss":0,"cards_upgraded":["After Image"]},{"cards_removed":["Strike_G"],"damage_healed":0,"gold_gain":0,"player_choice":"Removed Attack","damage_taken":0,"max_hp_gain":0,"max_hp_loss":0,"event_name":"Falling","floor":42,"gold_loss":0},{"damage_healed":0,"gold_gain":0,"player_choice":"Max HP","damage_taken":0,"max_hp_gain":0,"max_hp_loss":3,"event_name":"Winding Halls","floor":44,"gold_loss":0}],"is_beta":false,"boss_relics":[{"not_picked":["Coffee Dripper","Calling Bell"],"picked":"Orrery"},{"not_picked":["Velvet Choker","WristBlade"],"picked":"Cursed Key"}],"items_purged_floors":[38],"is_endless":false,"potions_floor_spawned":[1,10,12,19,31,33,37,41],"killed_by":"Time Eater","ascension_level":16}