{"gold_per_floor":[112,124,147,147,2,2,27,27,27,54,72,103,21,50,62,179,191,221,233,37,37,37,71,71,71],"floor_reached":25,"playtime":1097,"items_purged":["Strike_B"],"score":334,"play_id":"d0663003-4384-4626-b15a-2a95a35c6e51","local_time":"20190220071253","is_ascension_mode":true,"campfire_choices":[{"data":"Hello World","floor":6,"key":"SMITH"},{"data":"Zap","floor":8,"key":"SMITH"},{"data":"Defragment","floor":15,"key":"SMITH"},{"data":"Mayhem","floor":24,"key":"SMITH"}],"neow_cost":"NONE","seed_source_timestamp":5686789295796463,"circlet_count":0,"master_deck":["Strike_B","Strike_B","Defend_B","Defend_B","Defend_B","Defend_B","Zap+1","Dualcast","Hello World+1","Self Repair","Capacitor","Glacier","Rebound","Chaos","Force Field","Defragment+1","Storm","Echo Form","Leap","Deep Breath","Echo Form","Mayhem+1","Coolheaded","Seek"],"relics":["Cracked Core","NeowsBlessing","Strawberry","Juzu Bracelet","Dodecahedron","Meat on the Bone","MawBank","Philosopher\u0027s Stone","Nloth\u0027s Gift","Torii"],"potions_floor_usage":[10,14,25,25],"damage_taken":[{"damage":0,"enemies":"Cultist","floor":1,"turns":1},{"damage":0,"enemies":"2 Louse","floor":2,"turns":1},{"damage":0,"enemies":"Gremlin Nob","floor":7,"turns":1},{"damage":0,"enemies":"3 Sentries","floor":10,"turns":5},{"damage":0,"enemies":"Jaw Worm","floor":11,"turns":3},{"damage":0,"enemies":"Lagavulin","floor":12,"turns":6},{"damage":22,"enemies":"Gremlin Nob","floor":14,"turns":4},{"damage":20,"enemies":"The Guardian","floor":16,"turns":10},{"damage":0,"enemies":"Shell Parasite","floor":18,"turns":4},{"damage":24,"enemies":"Book of Stabbing","floor":23,"turns":6},{"damage":75,"enemies":"Slavers","floor":25,"turns":4}],"seed_played":"9087170665877365813","potions_obtained":[{"floor":1,"key":"SkillPotion"},{"floor":2,"key":"Dexterity Potion"},{"floor":12,"key":"SteroidPotion"},{"floor":16,"key":"Ancient Potion"},{"floor":18,"key":"FocusPotion"}],"is_trial":false,"path_per_floor":["M","M","T","?","$","R","E","R","T","E","M","E","$","E","R","B",null,"M","?","$","?","$","E","R","E"],"character_chosen":"DEFECT","items_purchased":["Capacitor","Defragment","Mayhem","Coolheaded"],"campfire_rested":0,"item_purchase_floors":[5,13,20,20],"current_hp_per_floor":[75,75,82,75,75,75,82,82,82,82,82,82,82,67,67,54,82,82,82,82,82,82,72,72,0],"gold":71,"neow_bonus":"THREE_ENEMY_KILL","is_prod":false,"is_daily":false,"chose_seed":false,"campfire_upgraded":4,"win_rate":0,"timestamp":1550664773,"path_taken":["M","M","?","?","?","R","E","R","T","E","M","E","$","E","R","BOSS","M","?","$","?","?","E","R","E"],"build_version":"2019-02-06","purchased_purges":1,"victory":false,"max_hp_per_floor":[75,75,82,82,82,82,82,82,82,82,82,82,82,82,82,82,82,82,82,82,82,82,82,82,82],"card_choices":[{"not_picked":["Recycle","Go for the Eyes"],"picked":"Hello World","floor":1},{"not_picked":["Compile Driver","Turbo"],"picked":"Self Repair","floor":2},{"not_picked":["Hologram","Streamline"],"picked":"Glacier","floor":7},{"not_picked":["Steam","Barrage"],"picked":"Rebound","floor":10},{"not_picked":["Capacitor","Tempest"],"picked":"Chaos","floor":11},{"not_picked":["Reinforced Body","Double Energy"],"picked":"Force Field","floor":12},{"not_picked":["Steam","Self Repair"],"picked":"Storm","floor":14},{"not_picked":["Fission","Thunder Strike"],"picked":"Echo Form","floor":16},{"not_picked":["Redo+1","Compile Driver"],"picked":"Leap","floor":18},{"not_picked":["Beam Cell","Core Surge"],"picked":"Seek","floor":23}],"player_experience":4609237,"relics_obtained":[{"floor":3,"key":"Strawberry"},{"floor":7,"key":"Juzu Bracelet"},{"floor":9,"key":"Dodecahedron"},{"floor":10,"key":"Meat on the Bone"},{"floor":12,"key":"Omamori"},{"floor":14,"key":"MawBank"},{"floor":23,"key":"Torii"}],"event_choices":[{"cards_removed":["Strike_B"],"damage_healed":0,"gold_gain":0,"player_choice":"Card Removal","damage_taken":7,"max_hp_gain":0,"max_hp_loss":0,"event_name":"Golden Wing","floor":4,"gold_loss":0},{"damage_healed":0,"gold_gain":0,"player_choice":"2 cards matched","damage_taken":0,"max_hp_gain":0,"max_hp_loss":0,"event_name":"Match and Keep!","floor":19,"gold_loss":0,"cards_obtained":["Deep Breath","Echo Form"]},{"damage_healed":0,"gold_gain":0,"player_choice":"Traded Relic","damage_taken":0,"relics_obtained":["Nloth\u0027s Gift"],"max_hp_gain":0,"max_hp_loss":0,"event_name":"N\u0027loth","floor":21,"relics_lost":["Omamori"],"gold_loss":0}],"is_beta":true,"boss_relics":[{"not_picked":["Empty Cage","Ectoplasm"],"picked":"Philosopher\u0027s Stone"}],"items_purged_floors":[5],"is_endless":false,"potions_floor_spawned":[1,2,12,16,18],"killed_by":"Slavers","ascension_level":1}