{"gold_per_floor":[116,191,116,116,31,31,56,71,124,137,137,154,154,154,154,249,249,262,275,298,312,312],"floor_reached":22,"playtime":599,"items_purged":[],"score":472,"play_id":"8165b4bf-3752-4de1-8ba7-bfbc8b1f8063","local_time":"20190128121754","is_ascension_mode":true,"campfire_choices":[{"data":"Zap","floor":6.0,"key":"SMITH"},{"data":"Beam Cell","floor":11.0,"key":"SMITH"},{"data":"Creative AI","floor":15.0,"key":"SMITH"}],"neow_cost":"NONE","seed_source_timestamp":0,"circlet_count":0,"master_deck":["AscendersBane","Strike_B","Strike_B","Strike_B","Defend_B+1","Defend_B+1","Defend_B","Defend_B","Zap+1","Dualcast","Storm","Self Repair","Ball Lightning","Steam","Beam Cell+1","Creative AI+1","Injury","Echo Form","Ball Lightning","BootSequence","Stack","Defragment"],"special_seed":0,"relics":["Cracked Core","Emotion Chip","Centennial Puzzle","Golden Idol","Lantern","Busted Crown"],"potions_floor_usage":[22],"damage_taken":[{"damage":9.0,"enemies":"Jaw Worm","floor":1.0,"turns":4.0},{"damage":19.0,"enemies":"Lagavulin","floor":7.0,"turns":7.0},{"damage":0.0,"enemies":"2 Louse","floor":8.0,"turns":2.0},{"damage":0.0,"enemies":"Small Slimes","floor":10.0,"turns":2.0},{"damage":6.0,"enemies":"Gremlin Gang","floor":12.0,"turns":4.0},{"damage":0.0,"enemies":"Slime Boss","floor":16.0,"turns":6.0},{"damage":20.0,"enemies":"2 Thieves","floor":18.0,"turns":4.0},{"damage":18.0,"enemies":"Spheric Guardian","floor":19.0,"turns":4.0},{"damage":13,"enemies":"Snecko","floor":20,"turns":4},{"damage":26,"enemies":"3 Cultists","floor":21,"turns":5},{"damage":29,"enemies":"Centurion and Healer","floor":22,"turns":5}],"seed_played":"3750358388509961274","potions_obtained":[{"floor":7.0,"key":"Poison Potion"},{"floor":12.0,"key":"Fire Potion"},{"floor":16.0,"key":"Block Potion"}],"is_trial":false,"path_per_floor":["M","?","?","?","$","R","E","M","T","M","R","M","?","T","R","B",null,"M","M","M","M","M"],"character_chosen":"DEFECT","items_purchased":["Self Repair"],"campfire_rested":0,"item_purchase_floors":[5],"current_hp_per_floor":[62,51,51,28,28,28,16,23,23,23,23,24,24,24,24,31,66,53,49,43,24,0],"gold":312,"neow_bonus":"TEN_PERCENT_HP_BONUS","is_prod":false,"is_daily":false,"chose_seed":false,"campfire_upgraded":3,"win_rate":0,"timestamp":1548645474,"path_taken":["M","?","?","?","?","R","E","M","T","M","R","M","?","?","R","BOSS","M","M","?","M","M"],"build_version":"2019-01-23","purchased_purges":0,"victory":false,"max_hp_per_floor":[78,78,78,78,78,78,78,78,78,78,78,78,78,78,78,78,78,78,78,78,78,78],"card_choices":[{"not_picked":["Turbo","Barrage"],"picked":"Storm","floor":1.0},{"not_picked":["Storm","Compile Driver"],"picked":"Ball Lightning","floor":7.0},{"not_picked":["Rip and Tear","Hologram"],"picked":"Steam","floor":8.0},{"not_picked":["Consume","Leap"],"picked":"Beam Cell","floor":10.0},{"not_picked":["Rebound","Conserve Battery"],"picked":"Creative AI","floor":12.0},{"not_picked":["Electrodynamics","Reboot"],"picked":"Echo Form","floor":16.0},{"not_picked":[],"picked":"Ball Lightning","floor":18.0},{"not_picked":[],"picked":"BootSequence","floor":19.0},{"not_picked":[],"picked":"Stack","floor":20},{"not_picked":[],"picked":"Defragment","floor":21}],"player_experience":1091450,"relics_obtained":[{"floor":7.0,"key":"Emotion Chip"},{"floor":9.0,"key":"Centennial Puzzle"},{"floor":14.0,"key":"Lantern"}],"event_choices":[{"damage_healed":0.0,"max_hp_gain":0.0,"max_hp_loss":0.0,"gold_gain":75.0,"event_name":"World of Goop","player_choice":"Gather Gold","floor":2.0,"gold_loss":0.0,"damage_taken":11.0},{"cards_removed":["Strike_B"],"damage_healed":0.0,"max_hp_gain":0.0,"max_hp_loss":0.0,"gold_gain":0.0,"event_name":"The Cleric","player_choice":"Card Removal","floor":3.0,"gold_loss":75.0,"damage_taken":0.0},{"damage_healed":0.0,"max_hp_gain":0.0,"max_hp_loss":0.0,"gold_gain":0.0,"event_name":"Shining Light","player_choice":"Entered Light","floor":4.0,"gold_loss":0.0,"damage_taken":23.0,"cards_upgraded":["Defend_B","Defend_B"]},{"damage_healed":0.0,"max_hp_gain":0.0,"max_hp_loss":0.0,"gold_gain":0.0,"event_name":"Golden Idol","player_choice":"Take Wound","floor":13.0,"gold_loss":0.0,"damage_taken":0.0,"relics_obtained":["Golden Idol"],"cards_obtained":["Injury"]}],"is_beta":false,"boss_relics":[{"not_picked":["Philosopher\u0027s Stone","Pandora\u0027s Box"],"picked":"Busted Crown"}],"items_purged_floors":[],"is_endless":false,"potions_floor_spawned":[7,12,16],"killed_by":"Centurion and Healer","ascension_level":20}