{"gold_per_floor":[117,267,291,291,302,329,329,357,357,357,357,357,369,389,389,464,464,481,492,492,502,502,532,532,543,543,543,543,543,558,569,569,569],"floor_reached":33,"playtime":817,"items_purged":[],"score":600,"play_id":"3bd67b95-43ca-4944-9b7d-b3a0da54253f","local_time":"20190123143357","is_ascension_mode":true,"campfire_choices":[{"data":"Zap","floor":7.0,"key":"SMITH"},{"data":"Conserve Battery","floor":10.0,"key":"SMITH"},{"data":"Rebound","floor":12.0,"key":"SMITH"},{"data":"Seek","floor":15.0,"key":"SMITH"},{"data":"Seek","floor":24.0,"key":"SMITH"},{"data":"Loop","floor":27.0,"key":"SMITH"},{"data":"Defragment","floor":29.0,"key":"SMITH"},{"data":"Force Field","floor":32,"key":"SMITH"}],"neow_cost":"NONE","seed_source_timestamp":0,"circlet_count":0,"master_deck":["AscendersBane","Strike_B","Strike_B","Strike_B+1","Defend_B","Defend_B","Defend_B","Defend_B","Zap+1","Dualcast","Beam Cell+1","Conserve Battery+1","Rebound+1","Ball Lightning","Loop+1","Seek+1","Seek+1","Loop+1","Stack","Ball Lightning","Defragment+1","Force Field+1","Force Field+1"],"special_seed":0,"relics":["Cracked Core","NeowsBlessing","Art of War","Whetstone","Lantern","Darkstone Periapt","Letter Opener","Coffee Dripper","Cables","Pear","Gremlin Horn"],"potions_floor_usage":[30,30,33],"damage_taken":[{"damage":0.0,"enemies":"Small Slimes","floor":1.0,"turns":1.0},{"damage":0.0,"enemies":"Jaw Worm","floor":5.0,"turns":1.0},{"damage":0.0,"enemies":"Gremlin Nob","floor":6.0,"turns":1.0},{"damage":21.0,"enemies":"Lagavulin","floor":8.0,"turns":7.0},{"damage":0.0,"enemies":"Cultist","floor":13.0,"turns":3.0},{"damage":3.0,"enemies":"Blue Slaver","floor":14.0,"turns":3.0},{"damage":22.0,"enemies":"The Guardian","floor":16.0,"turns":9.0},{"damage":1.0,"enemies":"Spheric Guardian","floor":18.0,"turns":3.0},{"damage":19.0,"enemies":"2 Thieves","floor":19.0,"turns":3.0},{"damage":12.0,"enemies":"Sentry and Sphere","floor":21.0,"turns":4.0},{"damage":3.0,"enemies":"Gremlin Leader","floor":23.0,"turns":6.0},{"damage":5.0,"enemies":"Snecko","floor":25.0,"turns":4.0},{"damage":22,"enemies":"Shelled Parasite and Fungi","floor":30,"turns":5},{"damage":14,"enemies":"Snake Plant","floor":31,"turns":3},{"damage":6,"enemies":"Automaton","floor":33,"turns":2}],"seed_played":"3550082912492159519","potions_obtained":[{"floor":5.0,"key":"Weak Potion"},{"floor":8.0,"key":"Ancient Potion"},{"floor":21.0,"key":"SteroidPotion"},{"floor":23.0,"key":"SkillPotion"},{"floor":25.0,"key":"GamblersBrew"},{"floor":30,"key":"FocusPotion"}],"is_trial":false,"path_per_floor":["M","?","T","?","M","E","R","E","T","R","?","R","M","M","R","B",null,"M","M","?","M","?","E","R","M","T","R","T","R","M","M","R","B"],"character_chosen":"DEFECT","items_purchased":[],"campfire_rested":0,"item_purchase_floors":[],"current_hp_per_floor":[64,64,64,64,64,64,64,43,43,43,43,43,43,40,40,18,58,57,38,38,26,40,37,37,32,42,42,42,42,20,6,6,0],"gold":569,"neow_bonus":"THREE_ENEMY_KILL","is_prod":false,"is_daily":false,"chose_seed":false,"campfire_upgraded":8,"win_rate":0,"timestamp":1548221637,"path_taken":["M","?","?","?","?","E","R","E","T","R","?","R","M","M","R","BOSS","M","M","?","?","?","E","R","M","T","R","?","R","?","M","R","BOSS"],"build_version":"2019-01-17v2","purchased_purges":0,"victory":false,"max_hp_per_floor":[71,71,71,71,71,71,71,71,71,71,71,71,71,71,71,71,71,71,71,71,71,71,71,71,71,81,81,81,81,81,81,81,81],"card_choices":[{"not_picked":["Recycle","Aggregate"],"picked":"Beam Cell","floor":1.0},{"not_picked":["Gash","Sweeping Beam"],"picked":"Conserve Battery","floor":5.0},{"not_picked":["Compile Driver","Force Field"],"picked":"Rebound","floor":6.0},{"not_picked":["Tempest","Beam Cell"],"picked":"Ball Lightning","floor":8.0},{"not_picked":["Turbo","Stack"],"picked":"Loop","floor":13.0},{"not_picked":["Rebound","Heatsinks"],"picked":"Seek","floor":14.0},{"not_picked":["Creative AI","Multi-Cast"],"picked":"Seek","floor":16.0},{"not_picked":["Hello World","Ball Lightning"],"picked":"Loop+1","floor":18.0},{"not_picked":["Doom and Gloom","Darkness+1"],"picked":"Stack","floor":19.0},{"not_picked":["Lockon","Sweeping Beam","Go for the Eyes"],"picked":"SKIP","floor":21.0},{"not_picked":["Cold Snap","Consume"],"picked":"Ball Lightning","floor":23.0},{"not_picked":["Glacier","Streamline"],"picked":"Defragment","floor":25.0},{"not_picked":["Storm","Coolheaded"],"picked":"Force Field","floor":30},{"not_picked":["Steam","Doom and Gloom"],"picked":"Force Field+1","floor":31}],"player_experience":1058620,"relics_obtained":[{"floor":3.0,"key":"Art of War"},{"floor":6.0,"key":"Whetstone"},{"floor":8.0,"key":"Lantern"},{"floor":9.0,"key":"Darkstone Periapt"},{"floor":23.0,"key":"Cables"},{"floor":26.0,"key":"Pear"},{"floor":28.0,"key":"Gremlin Horn"}],"event_choices":[{"damage_healed":0.0,"max_hp_gain":0.0,"max_hp_loss":0.0,"gold_gain":150.0,"event_name":"Liars Game","player_choice":"AGREE","floor":2.0,"gold_loss":0.0,"damage_taken":0.0,"cards_obtained":["Doubt"]},{"cards_removed":["Doubt"],"damage_healed":0.0,"max_hp_gain":0.0,"max_hp_loss":0.0,"gold_gain":0.0,"event_name":"Fountain of Cleansing","player_choice":"Removed Curses","floor":4.0,"gold_loss":0.0,"damage_taken":0.0},{"damage_healed":0.0,"max_hp_gain":0.0,"max_hp_loss":0.0,"gold_gain":0.0,"event_name":"Dead Adventurer","player_choice":"Searched \u00271\u0027 times","floor":11.0,"gold_loss":0.0,"damage_taken":0.0,"relics_obtained":["Letter Opener"]},{"cards_removed":["Strike_B"],"damage_healed":0.0,"max_hp_gain":0.0,"max_hp_loss":0.0,"gold_gain":0.0,"event_name":"Purifier","player_choice":"Purged","floor":20.0,"gold_loss":0.0,"damage_taken":0.0},{"damage_healed":14.0,"max_hp_gain":0.0,"max_hp_loss":0.0,"gold_gain":0.0,"event_name":"The Library","player_choice":"Heal","floor":22.0,"gold_loss":0.0,"damage_taken":0.0}],"is_beta":false,"boss_relics":[{"not_picked":["FrozenCore","Snecko Eye"],"picked":"Coffee Dripper"}],"items_purged_floors":[],"is_endless":false,"potions_floor_spawned":[5,8,21,23,25,30],"killed_by":"Automaton","ascension_level":20}