{"gold_per_floor":[209,40,58,58,75,103,103,103,103,103,103,129,141,154,154,258,258,270,270,124,136,150,150,176,193,193,211,223,223,235,32,32,135,135,151,162,173,61,80,115,115,146,146,181,181,181,181,181,181,181,181,181,55,82,82],"floor_reached":56,"playtime":3691,"items_purged":["Writhe","Parasite"],"score":1655,"play_id":"8a19e538-cc03-4a02-8770-d38c7106ab53","local_time":"20190214120243","is_ascension_mode":true,"campfire_choices":[{"data":"Blade Dance","floor":8,"key":"SMITH"},{"data":"Neutralize","floor":10,"key":"SMITH"},{"floor":15,"key":"REST"},{"data":"Cloak And Dagger","floor":23,"key":"SMITH"},{"data":"Blade Dance","floor":32,"key":"SMITH"},{"floor":41,"key":"REST"},{"data":"Wraith Form v2","floor":45,"key":"SMITH"},{"floor":49,"key":"RECALL"},{"floor":52,"key":"REST"}],"neow_cost":"NONE","seed_source_timestamp":148735505356012,"circlet_count":0,"master_deck":["Defend_G+1","Defend_G+1","Defend_G+1","Defend_G+1","Defend_G+1","Strike_G+1","Strike_G+1","Strike_G+1","Survivor+1","Neutralize+1","Dagger Throw+1","Cloak And Dagger+1","Blade Dance+1","Dash+1","After Image+1","Deadly Poison+1","Calculated Gamble+1","Backflip+1","Dodge and Roll+1","Deadly Poison+1","Cloak And Dagger+1","Blade Dance+1","After Image+1","Accuracy+1","Leg Sweep+1","PiercingWail+1","Wraith Form v2+1","Prepared+1","Acrobatics+1","Noxious Fumes+1","Catalyst+1","Crippling Poison+1","Flash of Steel","Backflip","A Thousand Cuts"],"relics":["Ring of the Snake","Lantern","Letter Opener","Anchor","Kunai","Cursed Key","Oddly Smooth Stone","Mango","Incense Burner","TwistedFunnel","Philosopher\u0027s Stone","Bronze Scales","Bag of Preparation","Du-Vu Doll","Mark of the Bloom","Bottled Flame"],"potions_floor_usage":[6,18,24,33,33,50,55],"damage_taken":[{"damage":0,"enemies":"2 Louse","floor":1,"turns":3},{"damage":0,"enemies":"Cultist","floor":3,"turns":3},{"damage":0,"enemies":"Jaw Worm","floor":5,"turns":4},{"damage":37,"enemies":"Gremlin Nob","floor":6,"turns":5},{"damage":16,"enemies":"Lagavulin","floor":12,"turns":8},{"damage":0,"enemies":"3 Louse","floor":13,"turns":3},{"damage":0,"enemies":"Looter","floor":14,"turns":3},{"damage":0,"enemies":"The Guardian","floor":16,"turns":13},{"damage":0,"enemies":"Spheric Guardian","floor":18,"turns":4},{"damage":0,"enemies":"Shell Parasite","floor":21,"turns":6},{"damage":4,"enemies":"3 Cultists","floor":22,"turns":6},{"damage":27,"enemies":"Slavers","floor":24,"turns":7},{"damage":0,"enemies":"Sentry and Sphere","floor":25,"turns":7},{"damage":7,"enemies":"Cultist and Chosen","floor":27,"turns":8},{"damage":0,"enemies":"3 Cultists","floor":28,"turns":6},{"damage":15,"enemies":"Snecko","floor":30,"turns":5},{"damage":40,"enemies":"Champ","floor":33,"turns":18},{"damage":0,"enemies":"3 Shapes","floor":35,"turns":5},{"damage":0,"enemies":"Orb Walker","floor":36,"turns":4},{"damage":0,"enemies":"Maw","floor":37,"turns":8},{"damage":20,"enemies":"Spire Growth","floor":39,"turns":5},{"damage":9,"enemies":"Nemesis","floor":40,"turns":7},{"damage":11,"enemies":"Reptomancer","floor":42,"turns":8},{"damage":0,"enemies":"Nemesis","floor":44,"turns":6},{"damage":17,"enemies":"Time Eater","floor":50,"turns":12},{"damage":7,"enemies":"Shield and Spear","floor":54,"turns":7},{"damage":22,"enemies":"The Heart","floor":55,"turns":9}],"seed_played":"-2656839840915052742","potions_obtained":[{"floor":5,"key":"SpeedPotion"},{"floor":6,"key":"Energy Potion"},{"floor":12,"key":"Explosive Potion"},{"floor":14,"key":"FearPotion"},{"floor":18,"key":"Fruit Juice"},{"floor":22,"key":"Dexterity Potion"},{"floor":25,"key":"Weak Potion"},{"floor":33,"key":"FairyPotion"},{"floor":35,"key":"Ancient Potion"}],"is_trial":false,"path_per_floor":["M","$","M","$","M","E","?","R","T","R","?","E","M","M","R","B",null,"M","?","$","M","M","R","E","M","T","M","M","?","M","$","R","B",null,"M","M","M","$","M","E","R","E","T","E","R","?","?","?","R","B",null,"R","$","E","B",null],"character_chosen":"THE_SILENT","items_purchased":["Cloak And Dagger","Lantern","Oddly Smooth Stone","TwistedFunnel","Noxious Fumes","Backflip"],"campfire_rested":3,"item_purchase_floors":[2,2,20,31,38,53],"current_hp_per_floor":[63,63,63,63,63,26,26,26,26,26,26,10,10,10,31,31,60,65,65,65,65,61,61,48,48,48,41,41,70,55,55,55,15,71,71,71,71,71,51,42,68,57,57,57,57,57,57,57,57,40,40,40,40,33,11],"gold":82,"neow_bonus":"HUNDRED_GOLD","is_prod":false,"is_daily":false,"chose_seed":false,"campfire_upgraded":5,"win_rate":0,"timestamp":1550174563,"path_taken":["M","$","M","$","M","E","?","R","T","R","?","E","M","M","R","BOSS","M","?","$","M","M","R","E","M","T","?","M","?","M","$","R","BOSS","M","M","M","$","M","E","R","E","T","E","R","?","?","?","R","BOSS","R","$","E","BOSS"],"build_version":"2019-01-23","purchased_purges":2,"victory":true,"max_hp_per_floor":[70,70,70,70,70,70,70,70,70,70,70,70,70,70,70,70,70,75,75,75,75,75,75,89,89,89,89,89,89,89,89,89,89,89,89,89,89,89,89,89,89,89,89,89,89,89,89,89,89,89,89,89,86,86,86],"card_choices":[{"not_picked":["Prepared","Finisher"],"picked":"Dagger Throw","floor":1},{"not_picked":["Slice","Acrobatics"],"picked":"Blade Dance","floor":3},{"not_picked":["Outmaneuver","Reflex"],"picked":"Dash","floor":5},{"not_picked":["Masterful Stab","Bane"],"picked":"After Image","floor":6},{"not_picked":["Flying Knee","Grand Finale"],"picked":"Deadly Poison","floor":12},{"not_picked":["Sucker Punch","Terror"],"picked":"Calculated Gamble","floor":13},{"not_picked":["Caltrops","Poisoned Stab"],"picked":"Backflip","floor":14},{"not_picked":["Dagger Spray","Underhanded Strike"],"picked":"Dodge and Roll","floor":18},{"not_picked":["Deflect","Skewer+1"],"picked":"Deadly Poison+1","floor":21},{"not_picked":["Quick Slash","Slice+1"],"picked":"Cloak And Dagger","floor":22},{"not_picked":["Bane","Underhanded Strike+1"],"picked":"Blade Dance","floor":24},{"not_picked":["Backflip+1","Quick Slash"],"picked":"After Image","floor":25},{"not_picked":["Slice","Deadly Poison"],"picked":"Accuracy+1","floor":27},{"not_picked":["Bullet Time","Deadly Poison+1"],"picked":"Leg Sweep","floor":28},{"not_picked":["Acrobatics","Dodge and Roll+1"],"picked":"PiercingWail","floor":30},{"not_picked":["Grand Finale","Unload"],"picked":"Wraith Form v2","floor":33},{"not_picked":["Blur","Dodge and Roll+1"],"picked":"Prepared+1","floor":35},{"not_picked":["Masterful Stab","Dagger Spray"],"picked":"Acrobatics","floor":36},{"not_picked":["Dodge and Roll","Deflect","All Out Attack+1"],"picked":"SKIP","floor":37},{"not_picked":["Acrobatics","Quick Slash","Choke+1"],"picked":"SKIP","floor":39},{"not_picked":["Dagger Throw+1","Choke+1"],"picked":"Catalyst","floor":40},{"not_picked":["Glass Knife","Reflex"],"picked":"Crippling Poison","floor":42},{"not_picked":["Slice+1","Flying Knee","Outmaneuver"],"picked":"SKIP","floor":44},{"not_picked":["Mind Blast","Jack Of All Trades"],"picked":"Flash of Steel","floor":48},{"not_picked":["Crippling Poison","Phantasmal Killer","A Thousand Cuts"],"picked":"SKIP","floor":54},{"not_picked":["Crippling Poison","Phantasmal Killer"],"picked":"A Thousand Cuts","floor":54}],"player_experience":150699,"relics_obtained":[{"floor":6,"key":"Letter Opener"},{"floor":9,"key":"Anchor"},{"floor":12,"key":"Kunai"},{"floor":24,"key":"Mango"},{"floor":26,"key":"Incense Burner"},{"floor":40,"key":"Bronze Scales"},{"floor":42,"key":"Bag of Preparation"},{"floor":44,"key":"Du-Vu Doll"},{"floor":54,"key":"Bottled Flame"}],"event_choices":[{"damage_healed":0,"gold_gain":0,"player_choice":"Grow","damage_taken":0,"max_hp_gain":0,"max_hp_loss":0,"event_name":"Living Wall","floor":7,"gold_loss":0,"cards_upgraded":["After Image"]},{"damage_healed":0,"gold_gain":0,"player_choice":"Upgraded","damage_taken":0,"max_hp_gain":0,"max_hp_loss":0,"event_name":"Upgrade Shrine","floor":11,"gold_loss":0,"cards_upgraded":["Cloak And Dagger"]},{"cards_removed":["Strike_G"],"damage_healed":0,"gold_gain":0,"player_choice":"Offered Basic","damage_taken":0,"max_hp_gain":0,"max_hp_loss":0,"event_name":"Bonfire Elementals","floor":19,"gold_loss":0},{"damage_healed":29,"gold_gain":0,"player_choice":"Heal","damage_taken":0,"max_hp_gain":0,"max_hp_loss":0,"event_name":"The Library","floor":29,"gold_loss":0},{"cards_removed":["Strike_G"],"damage_healed":0,"gold_gain":0,"player_choice":"Removed Attack","damage_taken":0,"max_hp_gain":0,"max_hp_loss":0,"event_name":"Falling","floor":46,"gold_loss":0},{"damage_healed":0,"gold_gain":0,"player_choice":"Upgrade","damage_taken":0,"relics_obtained":["Mark of the Bloom"],"max_hp_gain":0,"max_hp_loss":0,"event_name":"MindBloom","floor":47,"gold_loss":0,"cards_upgraded":["Defend_G","Defend_G","Defend_G","Defend_G","Defend_G","Strike_G","Strike_G","Strike_G","Survivor","Dagger Throw","Dash","Deadly Poison","Calculated Gamble","Backflip","Dodge and Roll","After Image","Leg Sweep","PiercingWail","Acrobatics","Noxious Fumes","Catalyst","Crippling Poison"]},{"damage_healed":0,"gold_gain":0,"player_choice":"Memory 1","damage_taken":0,"max_hp_gain":0,"max_hp_loss":0,"event_name":"SensoryStone","floor":48,"gold_loss":0}],"is_beta":false,"boss_relics":[{"not_picked":["Sozu","HoveringKite"],"picked":"Cursed Key"},{"not_picked":["Fusion Hammer","Runic Dome"],"picked":"Philosopher\u0027s Stone"}],"items_purged_floors":[38,53],"is_endless":false,"potions_floor_spawned":[5,6,12,14,18,22,25,27,28,33,35,40,42,44],"ascension_level":6}