{"gold_per_floor":[19,31,51,62,62,62,79,111,111,139,154,154,181,281,281,379,379,396,411,61,6,22,50,50,85,85,85,115,127,127,146,146,243,243,261,281,293,338,106,134,134,162,162,162,180,215,215,249,249,249,249,249,4,39,39],"floor_reached":56,"playtime":4420,"items_purged":["Writhe","Strike_G"],"score":1661,"play_id":"78c5272d-ebaa-4690-8fe4-3648cb75348c","local_time":"20190216103324","is_ascension_mode":true,"campfire_choices":[{"data":"Bouncing Flask","floor":6,"key":"SMITH"},{"floor":12,"key":"REST"},{"data":"Bouncing Flask","floor":15,"key":"SMITH"},{"floor":24,"key":"REST"},{"data":"After Image","floor":27,"key":"SMITH"},{"data":"Distraction","floor":30,"key":"SMITH"},{"data":"Blur","floor":32,"key":"SMITH"},{"floor":44,"key":"RECALL"},{"data":"Decay","floor":49,"key":"PURGE"},{"data":"Jack Of All Trades","floor":52,"key":"SMITH"}],"neow_cost":"NO_GOLD","seed_source_timestamp":5349914406479911,"circlet_count":0,"master_deck":["Defend_G","Defend_G","Defend_G","Defend_G","Defend_G","Strike_G","Strike_G+1","Strike_G+1","Strike_G+1","Survivor","Neutralize+1","Dagger Spray","Deadly Poison","Bouncing Flask+1","Blur+1","Poisoned Stab","All Out Attack","Bouncing Flask+1","After Image+1","Crippling Poison","Masterful Stab+1","Backflip","Dodge and Roll","Deadly Poison+1","Distraction+1","Cloak And Dagger","Backflip","Night Terror","Predator+1","Bouncing Flask+1","Underhanded Strike+1","Blur","Envenom","Footwork+1","Jack Of All Trades","Jack Of All Trades+1","Magnetism","Leg Sweep","Infinite Blades","Leg Sweep+1"],"relics":["Ring of the Snake","Turnip","Whetstone","Matryoshka","Bronze Scales","Incense Burner","Cursed Key","Bird Faced Urn","Calipers","Thread and Needle","Shuriken","Oddly Smooth Stone","The Specimen","Gambling Chip","Snecko Eye","Tingsha","Potion Belt","Peace Pipe","Pen Nib","Dodecahedron","StoneCalendar","Tough Bandages","Paper Crane"],"potions_floor_usage":[7,10,16,19,23,33,54,55,55,55],"damage_taken":[{"damage":0,"enemies":"Jaw Worm","floor":1,"turns":6},{"damage":0,"enemies":"2 Louse","floor":2,"turns":3},{"damage":0,"enemies":"Cultist","floor":3,"turns":4},{"damage":0,"enemies":"Exordium Wildlife","floor":4,"turns":4},{"damage":3,"enemies":"Gremlin Gang","floor":7,"turns":3},{"damage":4,"enemies":"Gremlin Nob","floor":8,"turns":3},{"damage":28,"enemies":"3 Sentries","floor":10,"turns":6},{"damage":12,"enemies":"3 Louse","floor":11,"turns":3},{"damage":16,"enemies":"Gremlin Nob","floor":13,"turns":4},{"damage":6,"enemies":"Slime Boss","floor":16,"turns":14},{"damage":14,"enemies":"2 Thieves","floor":18,"turns":3},{"damage":5,"enemies":"3 Byrds","floor":19,"turns":2},{"damage":5,"enemies":"Snake Plant","floor":22,"turns":4},{"damage":23,"enemies":"Gremlin Leader","floor":23,"turns":7},{"damage":4,"enemies":"Book of Stabbing","floor":25,"turns":4},{"damage":10,"enemies":"Slavers","floor":28,"turns":4},{"damage":0,"enemies":"Shelled Parasite and Fungi","floor":29,"turns":4},{"damage":0,"enemies":"Chosen and Byrds","floor":31,"turns":6},{"damage":0,"enemies":"Collector","floor":33,"turns":8},{"damage":0,"enemies":"3 Shapes","floor":35,"turns":3},{"damage":0,"enemies":"Orb Walker","floor":36,"turns":2},{"damage":5,"enemies":"Sphere and 2 Shapes","floor":37,"turns":5},{"damage":0,"enemies":"2 Orb Walkers","floor":38,"turns":3},{"damage":0,"enemies":"Reptomancer","floor":40,"turns":6},{"damage":23,"enemies":"Nemesis","floor":42,"turns":7},{"damage":0,"enemies":"Jaw Worm Horde","floor":45,"turns":3},{"damage":0,"enemies":"Giant Head","floor":46,"turns":9},{"damage":0,"enemies":"Nemesis","floor":48,"turns":7},{"damage":0,"enemies":"Time Eater","floor":50,"turns":15},{"damage":0,"enemies":"Shield and Spear","floor":54,"turns":5},{"damage":0,"enemies":"The Heart","floor":55,"turns":10}],"seed_played":"-7739181593494226350","potions_obtained":[{"floor":2,"key":"GhostInAJar"},{"floor":4,"key":"Regen Potion"},{"floor":10,"key":"Regen Potion"},{"floor":11,"key":"EssenceOfSteel"},{"floor":13,"key":"Dexterity Potion"},{"floor":16,"key":"Ancient Potion"},{"floor":25,"key":"SneckoOil"},{"floor":28,"key":"GamblersBrew"},{"floor":29,"key":"AttackPotion"},{"floor":31,"key":"SkillPotion"},{"floor":35,"key":"Weak Potion"},{"floor":36,"key":"Regen Potion"},{"floor":46,"key":"Dexterity Potion"},{"floor":48,"key":"EssenceOfSteel"}],"is_trial":false,"path_per_floor":["M","M","M","M","?","R","M","E","T","E","M","R","E","?","R","B",null,"M","M","$","?","M","E","R","E","T","R","E","M","R","M","R","B",null,"M","M","M","?","$","E","?","E","T","R","M","E","?","E","R","B",null,"R","$","E","B",null],"character_chosen":"THE_SILENT","items_purchased":["Backflip","Bird Faced Urn","Potion Belt","Leg Sweep","Infinite Blades"],"campfire_rested":2,"item_purchase_floors":[20,20,39,53,53],"current_hp_per_floor":[70,70,70,70,56,56,53,49,49,36,24,45,29,29,29,23,70,56,60,60,60,57,36,57,55,55,55,47,49,49,51,51,53,70,70,70,65,67,67,69,66,47,47,47,51,57,47,57,57,66,66,66,66,66,66],"gold":39,"neow_bonus":"ONE_RARE_RELIC","is_prod":false,"is_daily":false,"chose_seed":false,"campfire_upgraded":6,"win_rate":0,"timestamp":1550331204,"path_taken":["M","M","M","M","?","R","M","E","T","E","M","R","E","?","R","BOSS","M","M","?","?","M","E","R","E","T","R","E","?","R","M","R","BOSS","M","M","M","?","$","E","?","E","T","R","M","E","?","E","R","BOSS","R","$","E","BOSS"],"build_version":"2019-02-06","purchased_purges":2,"victory":true,"max_hp_per_floor":[70,70,70,70,70,70,70,70,70,70,70,70,70,70,70,70,70,70,70,70,70,70,70,70,70,70,70,70,70,70,70,70,70,70,70,70,70,70,70,70,66,66,66,66,66,66,66,66,66,66,66,66,66,66,66],"card_choices":[{"not_picked":["Bane","Deflect"],"picked":"Dagger Spray","floor":1},{"not_picked":["Dodge and Roll","Terror"],"picked":"Deadly Poison","floor":2},{"not_picked":["Slice","Infinite Blades"],"picked":"Bouncing Flask","floor":3},{"not_picked":["Slice","PiercingWail"],"picked":"Blur","floor":4},{"not_picked":["Quick Slash","Concentrate"],"picked":"Poisoned Stab","floor":7},{"not_picked":["Tactician","Night Terror"],"picked":"All Out Attack","floor":8},{"not_picked":["Slice","Infinite Blades"],"picked":"Bouncing Flask","floor":10},{"not_picked":["Bane","Skewer","Sucker Punch"],"picked":"SKIP","floor":11},{"not_picked":["Choke","Poisoned Stab","Tactician"],"picked":"SKIP","floor":13},{"not_picked":["Grand Finale","Venomology"],"picked":"After Image","floor":16},{"not_picked":["Bane","Backstab"],"picked":"Crippling Poison","floor":18},{"not_picked":["Underhanded Strike+1","Caltrops"],"picked":"Masterful Stab+1","floor":19},{"not_picked":["Flying Knee+1","Outmaneuver+1"],"picked":"Dodge and Roll","floor":22},{"not_picked":["Dagger Throw","Dagger Spray+1"],"picked":"Deadly Poison+1","floor":23},{"not_picked":["Phantasmal Killer","Dodge and Roll","Bouncing Flask"],"picked":"SKIP","floor":25},{"not_picked":["Dagger Spray+1","Deadly Poison"],"picked":"Distraction","floor":28},{"not_picked":["Sucker Punch","Calculated Gamble+1"],"picked":"Cloak And Dagger","floor":29},{"not_picked":["Choke","Dagger Throw"],"picked":"Backflip","floor":31},{"not_picked":["Unload","Wraith Form v2"],"picked":"Night Terror","floor":33},{"not_picked":["Quick Slash+1","Outmaneuver"],"picked":"Predator+1","floor":35},{"not_picked":["Underhanded Strike+1","PiercingWail"],"picked":"Bouncing Flask+1","floor":36},{"not_picked":["Acrobatics","Cloak And Dagger+1"],"picked":"Underhanded Strike+1","floor":37},{"not_picked":["Dagger Throw+1","Riddle With Holes+1"],"picked":"Blur","floor":38},{"not_picked":["Sucker Punch","Backflip"],"picked":"Envenom","floor":40},{"not_picked":["Endless Agony+1","Die Die Die","Deadly Poison"],"picked":"SKIP","floor":42},{"not_picked":["Dodge and Roll+1","Sucker Punch"],"picked":"Footwork+1","floor":45},{"not_picked":["Prepared","Slice+1","Bane+1"],"picked":"SKIP","floor":46},{"not_picked":["Blind","Trip"],"picked":"Jack Of All Trades","floor":47},{"not_picked":["Flash of Steel","Trip"],"picked":"Jack Of All Trades","floor":47},{"not_picked":["Jack Of All Trades","Secret Weapon"],"picked":"Magnetism","floor":47},{"not_picked":["Dagger Throw","Quick Slash+1","Dagger Spray+1"],"picked":"SKIP","floor":48},{"not_picked":["Choke+1","Adrenaline"],"picked":"Leg Sweep+1","floor":54}],"player_experience":4551449,"relics_obtained":[{"floor":8,"key":"Whetstone"},{"floor":9,"key":"Matryoshka"},{"floor":10,"key":"Bronze Scales"},{"floor":13,"key":"Incense Burner"},{"floor":23,"key":"Thread and Needle"},{"floor":25,"key":"Shuriken"},{"floor":26,"key":"Oddly Smooth Stone"},{"floor":26,"key":"The Specimen"},{"floor":28,"key":"Gambling Chip"},{"floor":38,"key":"Tingsha"},{"floor":40,"key":"Peace Pipe"},{"floor":42,"key":"Pen Nib"},{"floor":43,"key":"Dodecahedron"},{"floor":46,"key":"StoneCalendar"},{"floor":48,"key":"Tough Bandages"},{"floor":54,"key":"Paper Crane"}],"event_choices":[{"damage_healed":0,"gold_gain":0,"player_choice":"Entered Light","damage_taken":14,"max_hp_gain":0,"max_hp_loss":0,"event_name":"Shining Light","floor":5,"gold_loss":0,"cards_upgraded":["Neutralize","Strike_G"]},{"damage_healed":0,"gold_gain":100,"player_choice":"Pray","damage_taken":0,"max_hp_gain":0,"max_hp_loss":0,"event_name":"Golden Shrine","floor":14,"gold_loss":0},{"damage_healed":0,"gold_gain":0,"player_choice":"Paid Gold","damage_taken":0,"relics_obtained":["Calipers"],"max_hp_gain":0,"max_hp_loss":0,"event_name":"WeMeetAgain","floor":21,"gold_loss":55},{"damage_healed":0,"gold_gain":0,"player_choice":"Fight","damage_taken":0,"max_hp_gain":0,"max_hp_loss":0,"event_name":"Mysterious Sphere","floor":38,"gold_loss":0},{"damage_healed":0,"gold_gain":0,"player_choice":"Max HP","damage_taken":0,"max_hp_gain":0,"max_hp_loss":4,"event_name":"Winding Halls","floor":41,"gold_loss":0},{"damage_healed":0,"gold_gain":0,"player_choice":"Memory 3","damage_taken":10,"max_hp_gain":0,"max_hp_loss":0,"event_name":"SensoryStone","floor":47,"gold_loss":0}],"is_beta":true,"boss_relics":[{"not_picked":["Calling Bell","Eternal Feather"],"picked":"Cursed Key"},{"not_picked":["White Beast Statue","Black Star"],"picked":"Snecko Eye"}],"items_purged_floors":[39,53],"is_endless":false,"potions_floor_spawned":[2,4,10,11,13,16,25,28,29,31,35,36,46,48],"ascension_level":1}