{"gold_per_floor":[366,122,134,134,134,134,165,176,176,195,222,239,239,61,61,161,161,181,181,199,213,233,233,158,158,158,169,180,212,212,212,212,309,309,325,344,344,344,362,394,394,421,421,421,521,552,568,598,598,598,598,598,80,114,114],"floor_reached":56,"playtime":3352,"items_purged":["Strike_R"],"score":1451,"play_id":"70fed2b6-6e84-447d-9b6e-8839c97dd971","local_time":"20181203161202","is_ascension_mode":true,"campfire_choices":[{"data":"True Grit","floor":6.0,"key":"SMITH"},{"data":"Inflame","floor":15.0,"key":"SMITH"},{"floor":23.0,"key":"REST"},{"data":"Double Tap","floor":25.0,"key":"SMITH"},{"data":"Offering","floor":32,"key":"SMITH"},{"floor":41,"key":"RECALL"},{"data":"Immolate","floor":44,"key":"SMITH"},{"data":"Shockwave","floor":49,"key":"SMITH"},{"data":"Havoc","floor":52,"key":"SMITH"}],"neow_cost":"PERCENT_DAMAGE","seed_source_timestamp":816442059637250,"circlet_count":0,"master_deck":["Strike_R","Strike_R","Defend_R+1","Defend_R","Defend_R","Defend_R","Headbutt","Anger","True Grit+1","Deep Breath+1","Double Tap+1","Rampage+1","Shrug It Off","Immolate","Shrug It Off","Inflame+1","Shrug It Off","Havoc+1","Offering+1","Sword Boomerang+1","Immolate+1","Pummel+1","Feel No Pain","Battle Trance","Clothesline","Offering","Shrug It Off","Inflame","Anger","Metallicize+1","Headbutt+1","True Grit+1","Shockwave+1","Inflame","Shrug It Off","Sword Boomerang","Offering+1","Reaper"],"special_seed":0,"relics":["Burning Blood","Bottled Lightning","Boot","Philosopher\u0027s Stone","Nloth\u0027s Gift","Ornamental Fan","Bottled Flame","Pantograph","Sozu","Vajra","Lantern","Champion Belt","Orichalcum","Gremlin Horn","DollysMirror","Centennial Puzzle","Bag of Preparation"],"potions_floor_usage":[55,55,55],"damage_taken":[{"damage":3.0,"enemies":"Jaw Worm","floor":1.0,"turns":5.0},{"damage":0.0,"enemies":"2 Louse","floor":3.0,"turns":2.0},{"damage":27.0,"enemies":"3 Sentries","floor":7.0,"turns":8.0},{"damage":0.0,"enemies":"Cultist","floor":8.0,"turns":3.0},{"damage":0.0,"enemies":"Lots of Slimes","floor":10.0,"turns":2.0},{"damage":32.0,"enemies":"Gremlin Nob","floor":11.0,"turns":4.0},{"damage":0.0,"enemies":"2 Fungi Beasts","floor":12.0,"turns":2.0},{"damage":10.0,"enemies":"Hexaghost","floor":16.0,"turns":9.0},{"damage":6.0,"enemies":"Chosen","floor":18.0,"turns":2.0},{"damage":0.0,"enemies":"Spheric Guardian","floor":20.0,"turns":3.0},{"damage":24.0,"enemies":"Cultist and Chosen","floor":21.0,"turns":5.0},{"damage":12.0,"enemies":"3 Cultists","floor":22.0,"turns":3.0},{"damage":0.0,"enemies":"Centurion and Healer","floor":27.0,"turns":3.0},{"damage":11,"enemies":"Shelled Parasite and Fungi","floor":28,"turns":4},{"damage":7,"enemies":"Book of Stabbing","floor":29,"turns":3},{"damage":87,"enemies":"Automaton","floor":33,"turns":12},{"damage":8,"enemies":"3 Darklings","floor":35,"turns":5},{"damage":7,"enemies":"Orb Walker","floor":36,"turns":2},{"damage":4,"enemies":"4 Shapes","floor":39,"turns":3},{"damage":18,"enemies":"Nemesis","floor":40,"turns":6},{"damage":0,"enemies":"Reptomancer","floor":42,"turns":3},{"damage":19,"enemies":"Mind Bloom Boss Battle","floor":45,"turns":4},{"damage":13,"enemies":"Giant Head","floor":46,"turns":4},{"damage":0,"enemies":"3 Darklings","floor":47,"turns":1},{"damage":12,"enemies":"Nemesis","floor":48,"turns":5},{"damage":48,"enemies":"Donu and Deca","floor":50,"turns":7},{"damage":17,"enemies":"Shield and Spear","floor":54,"turns":3},{"damage":95,"enemies":"The Heart","floor":55,"turns":8}],"seed_played":"4056495468898106286","potions_obtained":[{"floor":7.0,"key":"Explosive Potion"},{"floor":8.0,"key":"Explosive Potion"},{"floor":12.0,"key":"BloodPotion"},{"floor":21.0,"key":"Weak Potion"},{"floor":27,"key":"Strength Potion"},{"floor":33,"key":"PowerPotion"}],"is_trial":false,"path_per_floor":["M","$","M","?","?","R","E","M","T","M","E","M","?","$","R","B",null,"M","?","M","M","M","R","?","R","T","M","M","M","E","?","T","R","B",null,"M","M","?","?","M","E","R","E","T","R","?","E","M","E","R","B",null,"R","$","E","B",null],"character_chosen":"IRONCLAD","items_purchased":["Anger","True Grit","Deep Breath","Inflame","Shrug It Off","Havoc","Inflame","Shrug It Off","Sword Boomerang","DollysMirror","Centennial Puzzle"],"campfire_rested":1,"item_purchase_floors":[2,2,2,14,14,14,53,53,53,53,53],"current_hp_per_floor":[59,59,65,49,49,49,28,34,44,50,24,30,30,30,30,26,90,90,90,90,72,66,90,90,90,90,90,85,84,66,66,66,10,95,93,92,92,92,94,82,82,88,88,88,82,75,81,75,75,53,95,95,95,84,48],"gold":114,"neow_bonus":"TWO_FIFTY_GOLD","is_prod":false,"is_daily":false,"chose_seed":false,"campfire_upgraded":7,"win_rate":0,"timestamp":1543871522,"path_taken":["M","$","M","?","?","R","E","M","T","?","E","?","?","$","R","BOSS","M","?","?","M","M","R","?","R","T","M","M","E","?","?","R","BOSS","M","M","?","?","M","E","R","E","T","R","?","E","M","E","R","BOSS","R","$","E","BOSS"],"build_version":"2018-11-15","purchased_purges":1,"victory":true,"max_hp_per_floor":[80,80,80,80,80,80,80,80,90,90,90,90,90,90,90,90,90,90,90,90,90,90,90,90,90,90,90,90,90,95,95,95,95,95,95,95,95,95,95,95,95,95,95,95,95,95,95,95,95,95,95,95,95,95,95],"card_choices":[{"not_picked":["Heavy Blade","Flex"],"picked":"Headbutt","floor":1.0},{"not_picked":["Anger","Clothesline"],"picked":"Double Tap","floor":3.0},{"not_picked":["Seeing Red","Flex","Sword Boomerang"],"picked":"SKIP","floor":7.0},{"not_picked":["Shockwave","Seeing Red"],"picked":"Rampage","floor":8.0},{"not_picked":["Pommel Strike","Second Wind"],"picked":"Shrug It Off","floor":10.0},{"not_picked":["Perfected Strike","Dual Wield"],"picked":"Immolate","floor":11.0},{"not_picked":["Cleave","Heavy Blade"],"picked":"Shrug It Off","floor":12.0},{"not_picked":["Feed","Exhume"],"picked":"Offering","floor":16.0},{"not_picked":["Second Wind+1","Cleave+1"],"picked":"Sword Boomerang+1","floor":18.0},{"not_picked":["Sentinel","Reckless Charge"],"picked":"Immolate","floor":20.0},{"not_picked":["Sever Soul","Thunderclap"],"picked":"Pummel+1","floor":21.0},{"not_picked":["Rampage","Dual Wield"],"picked":"Feel No Pain","floor":22.0},{"not_picked":["Reckless Charge+1","Ghostly Armor+1"],"picked":"Battle Trance","floor":27},{"not_picked":["Rupture","Heavy Blade","Brutality"],"picked":"SKIP","floor":28},{"not_picked":["Thunderclap","Heavy Blade"],"picked":"Clothesline","floor":29},{"not_picked":["Reaper","Juggernaut"],"picked":"Offering","floor":33},{"not_picked":["Heavy Blade+1","Body Slam+1","Dual Wield"],"picked":"SKIP","floor":35},{"not_picked":["Fire Breathing+1","Flame Barrier+1"],"picked":"Shrug It Off","floor":36},{"not_picked":["Pommel Strike","Combust"],"picked":"Inflame","floor":39},{"not_picked":["Whirlwind","Fiend Fire","Body Slam"],"picked":"SKIP","floor":40},{"not_picked":["Twin Strike+1","Clothesline+1"],"picked":"Anger","floor":42},{"not_picked":["Second Wind","Bloodletting+1"],"picked":"Metallicize+1","floor":45},{"not_picked":["Exhume","Brutality"],"picked":"Headbutt+1","floor":46},{"not_picked":["Clash","Warcry+1"],"picked":"True Grit+1","floor":47},{"not_picked":["Sword Boomerang","Thunderclap"],"picked":"Shockwave","floor":48},{"not_picked":["Fiend Fire","Iron Wave"],"picked":"Reaper","floor":54}],"player_experience":3647354,"relics_obtained":[{"floor":7.0,"key":"Bottled Lightning"},{"floor":9.0,"key":"Pear"},{"floor":11.0,"key":"Boot"},{"floor":26.0,"key":"Ornamental Fan"},{"floor":29,"key":"Bottled Flame"},{"floor":31,"key":"Pantograph"},{"floor":40,"key":"Vajra"},{"floor":42,"key":"Lantern"},{"floor":45,"key":"Champion Belt"},{"floor":46,"key":"Orichalcum"},{"floor":48,"key":"Gremlin Horn"},{"floor":54,"key":"Bag of Preparation"}],"event_choices":[{"damage_healed":0.0,"max_hp_gain":0.0,"max_hp_loss":0.0,"gold_gain":0.0,"event_name":"Shining Light","player_choice":"Entered Light","floor":4.0,"gold_loss":0.0,"damage_taken":16.0,"cards_upgraded":["Deep Breath","Defend_R"]},{"cards_removed":["Strike_R"],"damage_healed":0.0,"max_hp_gain":0.0,"max_hp_loss":0.0,"gold_gain":0.0,"event_name":"Purifier","player_choice":"Purged","floor":5.0,"gold_loss":0.0,"damage_taken":0.0},{"damage_healed":0.0,"max_hp_gain":0.0,"max_hp_loss":0.0,"gold_gain":0.0,"event_name":"Living Wall","player_choice":"Grow","floor":13.0,"gold_loss":0.0,"damage_taken":0.0,"cards_upgraded":["Rampage"]},{"damage_healed":0.0,"max_hp_gain":0.0,"max_hp_loss":0.0,"gold_gain":0.0,"event_name":"N\u0027loth","player_choice":"Traded Relic","floor":19.0,"relics_lost":["Pear"],"gold_loss":0.0,"damage_taken":0.0,"relics_obtained":["Nloth\u0027s Gift"]},{"cards_removed":["Strike_R"],"damage_healed":0.0,"max_hp_gain":0.0,"max_hp_loss":0.0,"gold_gain":0.0,"event_name":"Beggar","player_choice":"Gave Gold","floor":24.0,"gold_loss":75.0,"damage_taken":0.0},{"damage_healed":0,"gold_gain":0,"player_choice":"Shed Blood","damage_taken":23,"max_hp_gain":5,"max_hp_loss":0,"event_name":"Forgotten Altar","floor":30,"gold_loss":0},{"cards_removed":["Bash"],"damage_healed":0,"gold_gain":0,"player_choice":"Removed Attack","damage_taken":0,"max_hp_gain":0,"max_hp_loss":0,"event_name":"Falling","floor":37,"gold_loss":0},{"damage_healed":0,"gold_gain":0,"player_choice":"Ignored","damage_taken":0,"max_hp_gain":0,"max_hp_loss":0,"event_name":"Tomb of Lord Red Mask","floor":38,"gold_loss":0},{"damage_healed":0,"gold_gain":0,"player_choice":"Fight","damage_taken":0,"max_hp_gain":0,"max_hp_loss":0,"event_name":"MindBloom","floor":45,"gold_loss":0}],"is_beta":true,"boss_relics":[{"not_picked":["Snecko Eye","Fusion Hammer"],"picked":"Philosopher\u0027s Stone"},{"not_picked":["White Beast Statue","Black Star"],"picked":"Sozu"}],"items_purged_floors":[2],"is_endless":false,"potions_floor_spawned":[7,8,12,21,27,29,33,39,42,45,46,47,54],"ascension_level":1}