{"gold_per_floor":[116,129,147,147,167,197,208,208,260,272,295,382,405,417,429,541,553,579,690,717,448,458,458,458],"floor_reached":24,"playtime":1428,"items_purged":[],"score":270,"play_id":"8ae561a1-3c8b-4f27-b347-f5bf4626ebf0","local_time":"20190214135136","is_ascension_mode":true,"campfire_choices":[{"data":"Doppelganger","floor":8,"key":"SMITH"},{"floor":15,"key":"REST"},{"floor":23,"key":"REST"}],"neow_cost":"NONE","seed_source_timestamp":157562253418391,"circlet_count":0,"master_deck":["Defend_G","Defend_G","Defend_G","Defend_G+1","Defend_G+1","Strike_G","Strike_G","Strike_G","Strike_G","Strike_G","Survivor","Neutralize","Doppelganger+1","Slice","Calculated Gamble","Skewer+1","Dagger Spray","Poisoned Stab","Sucker Punch","Crippling Poison","Cloak And Dagger","Wraith Form v2","Cloak And Dagger","PiercingWail","Cloak And Dagger","Well Laid Plans","Slice"],"relics":["Ring of the Snake","War Paint","MawBank","WristBlade","Snake Skull"],"potions_floor_usage":[16,24],"damage_taken":[{"damage":0,"enemies":"2 Louse","floor":1,"turns":3},{"damage":0,"enemies":"Small Slimes","floor":2,"turns":3},{"damage":0,"enemies":"Jaw Worm","floor":3,"turns":4},{"damage":8,"enemies":"2 Fungi Beasts","floor":5,"turns":5},{"damage":17,"enemies":"Gremlin Nob","floor":6,"turns":4},{"damage":7,"enemies":"Large Slime","floor":7,"turns":8},{"damage":10,"enemies":"Exordium Wildlife","floor":11,"turns":6},{"damage":9,"enemies":"Exordium Thugs","floor":13,"turns":5},{"damage":12,"enemies":"The Guardian","floor":16,"turns":12},{"damage":3,"enemies":"3 Byrds","floor":18,"turns":5},{"damage":13,"enemies":"Spheric Guardian","floor":20,"turns":4},{"damage":22,"enemies":"Snake Plant","floor":22,"turns":5},{"damage":40,"enemies":"Gremlin Leader","floor":24,"turns":6}],"seed_played":"-7527478749939063160","potions_obtained":[{"floor":1,"key":"GamblersBrew"},{"floor":6,"key":"Ancient Potion"},{"floor":7,"key":"Explosive Potion"},{"floor":22,"key":"GamblersBrew"}],"is_trial":false,"path_per_floor":["M","M","M","?","M","E","M","R","T","$","M","?","M","?","R","B",null,"M","?","M","$","M","R","E"],"character_chosen":"THE_SILENT","items_purchased":["Snake Skull","Cloak And Dagger","Well Laid Plans"],"campfire_rested":2,"item_purchase_floors":[21,21,21],"current_hp_per_floor":[63,63,63,63,55,38,31,31,31,31,21,10,1,1,22,10,55,52,52,39,39,17,38,0],"gold":458,"neow_bonus":"ONE_RANDOM_RARE_CARD","is_prod":false,"is_daily":false,"chose_seed":false,"campfire_upgraded":1,"win_rate":0,"timestamp":1550181096,"path_taken":["M","M","M","?","M","E","M","R","T","$","M","?","M","?","R","BOSS","M","?","M","$","M","R","E"],"build_version":"2019-01-23","purchased_purges":0,"victory":false,"max_hp_per_floor":[70,70,70,70,70,70,70,70,70,70,70,70,70,70,70,70,70,70,70,70,70,70,70,70],"card_choices":[{"not_picked":["Finisher","Eviscerate"],"picked":"Slice","floor":1},{"not_picked":["Masterful Stab","Catalyst"],"picked":"Calculated Gamble","floor":2},{"not_picked":["Backstab","Quick Slash"],"picked":"Skewer","floor":3},{"not_picked":["Deflect","Heel Hook"],"picked":"Dagger Spray","floor":5},{"not_picked":["Prepared","Dodge and Roll"],"picked":"Poisoned Stab","floor":6},{"not_picked":["Blade Dance","Expertise"],"picked":"Sucker Punch","floor":7},{"not_picked":["Choke","Blade Dance"],"picked":"Crippling Poison","floor":11},{"not_picked":["A Thousand Cuts","All Out Attack"],"picked":"Cloak And Dagger","floor":13},{"not_picked":["Tools of the Trade","Night Terror"],"picked":"Wraith Form v2","floor":16},{"not_picked":["Backflip","Prepared"],"picked":"Cloak And Dagger","floor":18},{"not_picked":["Flying Knee","Riddle With Holes"],"picked":"PiercingWail","floor":20},{"not_picked":["Eviscerate","Bane"],"picked":"Slice","floor":22}],"player_experience":154390,"relics_obtained":[{"floor":6,"key":"War Paint"},{"floor":9,"key":"MawBank"}],"event_choices":[{"damage_healed":0,"gold_gain":0,"player_choice":"Grow","damage_taken":0,"max_hp_gain":0,"max_hp_loss":0,"event_name":"Living Wall","floor":4,"gold_loss":0,"cards_upgraded":["Skewer"]},{"damage_healed":0,"gold_gain":75,"player_choice":"Gather Gold","damage_taken":11,"max_hp_gain":0,"max_hp_loss":0,"event_name":"World of Goop","floor":12,"gold_loss":0},{"damage_healed":0,"gold_gain":0,"player_choice":"Ignored","damage_taken":0,"max_hp_gain":0,"max_hp_loss":0,"event_name":"Shining Light","floor":14,"gold_loss":0},{"damage_healed":0,"gold_gain":99,"player_choice":"Stole From Cult","damage_taken":0,"max_hp_gain":0,"max_hp_loss":0,"event_name":"Nest","floor":19,"gold_loss":0}],"is_beta":false,"boss_relics":[{"not_picked":["Busted Crown","Black Star"],"picked":"WristBlade"}],"items_purged_floors":[],"is_endless":false,"potions_floor_spawned":[1,6,7,22],"killed_by":"Gremlin Leader","ascension_level":7}