{"gold_per_floor":[118,36,53,53,53,53,82,99,123,198,198,218,218,235,235,235],"floor_reached":16,"playtime":506,"items_purged":[],"score":125,"play_id":"ffa12d45-866c-4a0d-9b41-c5ce308bbc1b","local_time":"20190215163721","is_ascension_mode":false,"campfire_choices":[{"data":"Zap","floor":6,"key":"SMITH"},{"data":"Darkness","floor":11,"key":"SMITH"},{"floor":15,"key":"REST"}],"neow_cost":"NONE","seed_source_timestamp":177103627578900,"circlet_count":0,"master_deck":["Strike_B+1","Strike_B","Strike_B","Defend_B","Defend_B","Defend_B","Defend_B","Zap+1","Dualcast","Rip and Tear","Defragment+1","Beam Cell","Darkness","Darkness+1","Creative AI"],"relics":["Cracked Core","NeowsBlessing","Juzu Bracelet","Regal Pillow","Dream Catcher"],"potions_floor_usage":[16],"damage_taken":[{"damage":0,"enemies":"Jaw Worm","floor":1,"turns":1},{"damage":0,"enemies":"Small Slimes","floor":3,"turns":1},{"damage":0,"enemies":"3 Sentries","floor":7,"turns":1},{"damage":0,"enemies":"2 Louse","floor":8,"turns":1},{"damage":1,"enemies":"2 Fungi Beasts","floor":12,"turns":2},{"damage":21,"enemies":"Exordium Thugs","floor":14,"turns":4},{"damage":40,"enemies":"Hexaghost","floor":16,"turns":8}],"seed_played":"-6757447223516154363","potions_obtained":[{"floor":1,"key":"Fire Potion"}],"is_trial":false,"path_per_floor":["M","$","M","?","?","R","E","M","T","?","R","M","?","M","R","B"],"character_chosen":"DEFECT","items_purchased":["Defragment"],"campfire_rested":1,"item_purchase_floors":[2],"current_hp_per_floor":[75,75,75,57,50,50,50,50,50,39,39,38,23,2,39,0],"gold":235,"neow_bonus":"THREE_ENEMY_KILL","is_prod":false,"is_daily":false,"chose_seed":false,"campfire_upgraded":2,"win_rate":0.0,"timestamp":1550266641,"path_taken":["M","$","M","?","?","R","E","M","T","?","R","M","?","M","R","BOSS"],"build_version":"2019-01-23","purchased_purges":0,"victory":false,"max_hp_per_floor":[75,75,75,75,75,75,75,75,75,75,75,75,75,75,75,75],"card_choices":[{"not_picked":["Aggregate","Redo"],"picked":"Rip and Tear","floor":1},{"not_picked":["Melter","Barrage"],"picked":"Beam Cell","floor":3},{"not_picked":["Streamline","Sweeping Beam"],"picked":"Darkness","floor":7},{"not_picked":["Leap","Melter"],"picked":"Darkness","floor":8},{"not_picked":["Genetic Algorithm","Conserve Battery","Buffer"],"picked":"SKIP","floor":12},{"not_picked":["Gash","Beam Cell","Sweeping Beam"],"picked":"SKIP","floor":14},{"not_picked":["Streamline","Chaos"],"picked":"Creative AI","floor":15}],"player_experience":82802,"relics_obtained":[{"floor":7,"key":"Regal Pillow"},{"floor":9,"key":"Dream Catcher"}],"event_choices":[{"damage_healed":0,"gold_gain":0,"player_choice":"Success","damage_taken":18,"relics_obtained":["Juzu Bracelet"],"max_hp_gain":0,"max_hp_loss":0,"event_name":"Scrap Ooze","floor":4,"gold_loss":0},{"cards_removed":["Strike_B"],"damage_healed":0,"gold_gain":0,"player_choice":"Card Removal","damage_taken":7,"max_hp_gain":0,"max_hp_loss":0,"event_name":"Golden Wing","floor":5,"gold_loss":0},{"damage_healed":0,"gold_gain":75,"player_choice":"Gather Gold","damage_taken":11,"max_hp_gain":0,"max_hp_loss":0,"event_name":"World of Goop","floor":10,"gold_loss":0},{"damage_healed":0,"gold_gain":0,"player_choice":"Entered Light","damage_taken":15,"max_hp_gain":0,"max_hp_loss":0,"event_name":"Shining Light","floor":13,"gold_loss":0,"cards_upgraded":["Strike_B","Defragment"]}],"is_beta":false,"boss_relics":[],"items_purged_floors":[],"is_endless":false,"potions_floor_spawned":[1],"killed_by":"Hexaghost","ascension_level":0}