{"gold_per_floor":[112,112,29,29,29,55,55,66,66,94,94,126,42,56,56,130,130,146,164,164,23,0,28,28,28],"floor_reached":25,"playtime":621,"items_purged":[],"score":520,"play_id":"197cc560-e13f-4c58-9afe-6e317adfee24","local_time":"20190129194232","is_ascension_mode":true,"campfire_choices":[{"data":"Bash","floor":7.0,"key":"SMITH"},{"data":"Pommel Strike","floor":11.0,"key":"SMITH"},{"data":"Double Tap","floor":15.0,"key":"SMITH"},{"data":"Double Tap","floor":24,"key":"SMITH"}],"neow_cost":"NONE","seed_source_timestamp":1679081243118379,"circlet_count":0,"master_deck":["AscendersBane","Strike_R","Strike_R","Strike_R","Strike_R","Strike_R","Defend_R","Defend_R","Defend_R","Defend_R","Bash+1","Perfected Strike+1","Pommel Strike+1","Double Tap+1","Twin Strike","Dropkick","Double Tap+1","Shrug It Off","Twin Strike","Shockwave","Dark Embrace","Disarm","Armaments","Sentinel"],"special_seed":0,"relics":["Burning Blood","NeowsBlessing","CultistMask","Bird Faced Urn","Blue Candle","Bag of Marbles","Pen Nib","Lizard Tail","PreservedInsect"],"potions_floor_usage":[23],"damage_taken":[{"damage":0.0,"enemies":"2 Louse","floor":1.0,"turns":1.0},{"damage":0.0,"enemies":"3 Sentries","floor":6.0,"turns":2.0},{"damage":0.0,"enemies":"Cultist","floor":8.0,"turns":1.0},{"damage":35.0,"enemies":"Lagavulin","floor":10.0,"turns":5.0},{"damage":35.0,"enemies":"3 Sentries","floor":12.0,"turns":9.0},{"damage":2.0,"enemies":"Jaw Worm","floor":14.0,"turns":3.0},{"damage":10.0,"enemies":"Slime Boss","floor":16.0,"turns":5.0},{"damage":18.0,"enemies":"3 Byrds","floor":18.0,"turns":5.0},{"damage":6.0,"enemies":"Spheric Guardian","floor":19.0,"turns":3.0},{"damage":69,"enemies":"Book of Stabbing","floor":23,"turns":6},{"damage":24,"enemies":"Centurion and Healer","floor":25,"turns":3}],"seed_played":"-7661822477208893443","potions_obtained":[{"floor":12.0,"key":"SteroidPotion"},{"floor":14.0,"key":"PowerPotion"},{"floor":16.0,"key":"FearPotion"},{"floor":19.0,"key":"Swift Potion"}],"is_trial":false,"path_per_floor":["M","?","$","$","?","E","R","M","T","E","R","E","$","M","R","B",null,"M","M","?","$","?","E","R","M"],"character_chosen":"IRONCLAD","items_purchased":["Pommel Strike","Fire Potion","Twin Strike","AttackPotion","Disarm","Armaments"],"campfire_rested":0,"item_purchase_floors":[3,3,13,13,21,21],"current_hp_per_floor":[74,74,74,74,74,75,75,75,75,46,46,17,17,21,21,19,61,49,49,49,49,49,23,23,0],"gold":28,"neow_bonus":"THREE_ENEMY_KILL","is_prod":false,"is_daily":false,"chose_seed":false,"campfire_upgraded":4,"win_rate":0,"timestamp":1548808952,"path_taken":["M","?","?","$","?","E","R","?","T","E","R","E","$","M","R","BOSS","M","?","?","?","?","E","R","M"],"build_version":"2019-01-23","purchased_purges":0,"victory":false,"max_hp_per_floor":[75,75,75,75,75,75,75,75,75,75,75,75,75,75,75,75,75,75,75,75,75,75,75,75,75],"card_choices":[{"not_picked":["Heavy Blade","Body Slam"],"picked":"Perfected Strike","floor":1.0},{"not_picked":["Sword Boomerang","Reckless Charge","Thunderclap"],"picked":"SKIP","floor":6.0},{"not_picked":["Wild Strike","Feel No Pain","Sword Boomerang"],"picked":"SKIP","floor":8.0},{"not_picked":["Clash","Anger","Headbutt"],"picked":"SKIP","floor":10.0},{"not_picked":["Thunderclap","Rampage"],"picked":"Double Tap","floor":12.0},{"not_picked":["Hemokinesis","Intimidate"],"picked":"Dropkick","floor":14.0},{"not_picked":["Demon Form","Limit Break"],"picked":"Double Tap","floor":16.0},{"not_picked":["Thunderclap","Carnage"],"picked":"Shrug It Off","floor":18.0},{"not_picked":["True Grit","Body Slam"],"picked":"Twin Strike","floor":19.0},{"not_picked":["Headbutt","Barricade"],"picked":"Sentinel","floor":23}],"player_experience":837075,"relics_obtained":[{"floor":6.0,"key":"Bird Faced Urn"},{"floor":9.0,"key":"Blue Candle"},{"floor":10.0,"key":"Bag of Marbles"},{"floor":12.0,"key":"Pen Nib"},{"floor":23,"key":"PreservedInsect"}],"event_choices":[{"damage_healed":0.0,"max_hp_gain":0.0,"max_hp_loss":0.0,"gold_gain":0.0,"event_name":"FaceTrader","player_choice":"Trade","floor":2.0,"gold_loss":0.0,"damage_taken":0.0,"relics_obtained":["CultistMask"]},{"damage_healed":0.0,"max_hp_gain":0.0,"max_hp_loss":0.0,"gold_gain":0.0,"event_name":"Living Wall","player_choice":"Grow","floor":5.0,"gold_loss":0.0,"damage_taken":0.0,"cards_upgraded":["Perfected Strike"]},{"damage_healed":0.0,"max_hp_gain":0.0,"max_hp_loss":0.0,"gold_gain":0.0,"event_name":"Match and Keep!","player_choice":"2 cards matched","floor":20.0,"gold_loss":0.0,"damage_taken":0.0,"cards_obtained":["Shockwave","Dark Embrace"]},{"damage_healed":0.0,"max_hp_gain":0.0,"max_hp_loss":0.0,"gold_gain":0.0,"event_name":"Masked Bandits","player_choice":"Paid Fearfully","floor":22.0,"gold_loss":23.0,"damage_taken":0.0}],"is_beta":false,"boss_relics":[{"not_picked":["Eternal Feather","Astrolabe"],"picked":"Lizard Tail"}],"items_purged_floors":[],"is_endless":false,"potions_floor_spawned":[12,14,16,19],"killed_by":"Centurion and Healer","ascension_level":20}