{"gold_per_floor":[118,118,118,118,135,135,160,46,46,76,90,110,110,128,128,223,223,240,271,271,136,148,148,177,177,177,210,228,228,228,79,79,79],"floor_reached":33,"playtime":1830,"items_purged":["Strike_R","Shame"],"score":392,"play_id":"465d0ba4-0f90-4137-baa0-dd77311227bd","local_time":"20190221111723","is_ascension_mode":true,"campfire_choices":[{"data":"Seeing Red","floor":6,"key":"SMITH"},{"data":"Armaments","floor":13,"key":"SMITH"},{"data":"Barricade","floor":15,"key":"SMITH"},{"floor":23,"key":"REST"},{"data":"Whirlwind","floor":25,"key":"SMITH"},{"data":"Disarm","floor":30,"key":"SMITH"},{"floor":32,"key":"REST"}],"neow_cost":"NONE","seed_source_timestamp":538937161446573,"circlet_count":0,"master_deck":["Strike_R","Strike_R+1","Strike_R+1","Strike_R","Defend_R","Defend_R","Defend_R","Defend_R","Bash+1","Seeing Red+1","Headbutt","Corruption","Armaments+1","Barricade+1","Disarm+1","Whirlwind+1"],"relics":["Burning Blood","NeowsBlessing","Oddly Smooth Stone","Letter Opener","Centennial Puzzle","Sozu","Red Mask","Darkstone Periapt","Bag of Marbles","Peace Pipe","Juzu Bracelet","Red Skull"],"potions_floor_usage":[16,18,19],"damage_taken":[{"damage":0,"enemies":"Small Slimes","floor":1,"turns":1},{"damage":0,"enemies":"Cultist","floor":5,"turns":1},{"damage":0,"enemies":"3 Sentries","floor":7,"turns":2},{"damage":28,"enemies":"Gremlin Nob","floor":10,"turns":4},{"damage":0,"enemies":"2 Louse","floor":11,"turns":2},{"damage":3,"enemies":"2 Fungi Beasts","floor":12,"turns":3},{"damage":4,"enemies":"Exordium Wildlife","floor":14,"turns":4},{"damage":52,"enemies":"Hexaghost","floor":16,"turns":15},{"damage":16,"enemies":"2 Thieves","floor":18,"turns":3},{"damage":53,"enemies":"Masked Bandits","floor":19,"turns":5},{"damage":14,"enemies":"Spheric Guardian","floor":22,"turns":4},{"damage":7,"enemies":"Gremlin Leader","floor":24,"turns":8},{"damage":0,"enemies":"Slavers","floor":27,"turns":1},{"damage":14,"enemies":"Shelled Parasite and Fungi","floor":28,"turns":2},{"damage":105,"enemies":"Automaton","floor":33,"turns":12}],"seed_played":"4458669994065097274","potions_obtained":[{"floor":5,"key":"BloodPotion"},{"floor":11,"key":"Explosive Potion"},{"floor":12,"key":"Weak Potion"}],"is_trial":false,"path_per_floor":["M","?","?","?","M","R","E","$","T","E","M","M","R","M","R","B",null,"M","?","?","$","M","R","E","R","T","E","M","?","R","$","R","B"],"character_chosen":"IRONCLAD","items_purchased":["Corruption","Disarm","Red Skull"],"campfire_rested":2,"item_purchase_floors":[8,21,31],"current_hp_per_floor":[80,64,64,69,75,75,80,80,80,58,64,67,67,69,69,23,80,70,31,37,37,29,54,53,53,53,59,51,51,51,51,76,0],"gold":79,"neow_bonus":"THREE_ENEMY_KILL","is_prod":false,"is_daily":false,"chose_seed":false,"campfire_upgraded":5,"win_rate":0,"timestamp":1550744243,"path_taken":["M","?","?","?","M","R","E","$","T","E","M","M","R","M","R","BOSS","M","?","?","$","M","R","E","R","T","E","M","?","R","$","R","BOSS"],"build_version":"2019-01-23","purchased_purges":2,"victory":false,"max_hp_per_floor":[80,80,80,80,80,80,80,80,80,80,80,80,80,80,80,80,80,80,80,86,86,86,86,86,86,86,86,86,86,86,86,86,86],"card_choices":[{"not_picked":["Pommel Strike","Wild Strike"],"picked":"Flex","floor":1},{"not_picked":["Twin Strike","Cleave"],"picked":"Seeing Red","floor":5},{"not_picked":["Pummel","Heavy Blade"],"picked":"Headbutt","floor":7},{"not_picked":["Rampage","Thunderclap","Sword Boomerang"],"picked":"SKIP","floor":10},{"not_picked":["Corruption","Clothesline","Wild Strike"],"picked":"SKIP","floor":11},{"not_picked":["Clothesline","Sword Boomerang"],"picked":"Armaments","floor":12},{"not_picked":["Clash","Clothesline"],"picked":"Barricade","floor":14},{"not_picked":["Clash+1","Cleave","Corruption"],"picked":"SKIP","floor":18},{"not_picked":["Shrug It Off","Havoc"],"picked":"Whirlwind","floor":22},{"not_picked":["Pommel Strike+1","Havoc","Wild Strike"],"picked":"SKIP","floor":24},{"not_picked":["Shrug It Off+1","Fiend Fire","Armaments"],"picked":"SKIP","floor":27},{"not_picked":["Clash","Iron Wave","Anger+1"],"picked":"SKIP","floor":28}],"player_experience":302870,"relics_obtained":[{"floor":7,"key":"Oddly Smooth Stone"},{"floor":9,"key":"Letter Opener"},{"floor":10,"key":"Centennial Puzzle"},{"floor":19,"key":"Red Mask"},{"floor":24,"key":"Bag of Marbles"},{"floor":26,"key":"Peace Pipe"},{"floor":27,"key":"Juzu Bracelet"}],"event_choices":[{"damage_healed":0,"gold_gain":0,"player_choice":"Entered Light","damage_taken":16,"max_hp_gain":0,"max_hp_loss":0,"event_name":"Shining Light","floor":2,"gold_loss":0,"cards_upgraded":["Strike_R","Strike_R"]},{"damage_healed":0,"gold_gain":0,"player_choice":"Grow","damage_taken":0,"max_hp_gain":0,"max_hp_loss":0,"event_name":"Living Wall","floor":3,"gold_loss":0,"cards_upgraded":["Bash"]},{"cards_removed":["Flex"],"damage_healed":5,"gold_gain":0,"player_choice":"Offered Common","damage_taken":0,"max_hp_gain":0,"max_hp_loss":0,"event_name":"Bonfire Elementals","floor":4,"gold_loss":0},{"cards_removed":["Flex"],"damage_healed":5,"gold_gain":0,"player_choice":"Offered Special","damage_taken":0,"max_hp_gain":0,"max_hp_loss":0,"event_name":"Bonfire Elementals","floor":4,"gold_loss":0},{"damage_healed":0,"gold_gain":0,"player_choice":"Fought Bandits","damage_taken":0,"max_hp_gain":0,"max_hp_loss":0,"event_name":"Masked Bandits","floor":19,"gold_loss":0},{"damage_healed":0,"gold_gain":0,"player_choice":"Stole Relic","damage_taken":0,"relics_obtained":["Darkstone Periapt"],"max_hp_gain":0,"max_hp_loss":0,"event_name":"Addict","floor":20,"gold_loss":0,"cards_obtained":["Shame"]},{"damage_healed":0,"gold_gain":0,"player_choice":"Ignored","damage_taken":0,"max_hp_gain":0,"max_hp_loss":0,"event_name":"Vampires","floor":29,"gold_loss":0}],"is_beta":false,"boss_relics":[{"not_picked":["Black Star","Astrolabe"],"picked":"Sozu"}],"items_purged_floors":[8,21],"is_endless":false,"potions_floor_spawned":[5,11,12,18,27],"killed_by":"Automaton","ascension_level":3}