{"gold_per_floor":[109,128,148,159,159,193,193,222,222,238,96,96,96,119,119,240,240,254,278,292,292,311,311,332,232,232,247,270,270,291,309,309,309],"floor_reached":33,"playtime":3147,"items_purged":["Defend_G","Strike_G"],"score":315,"play_id":"bb7e6b30-60c2-4872-a5c2-c3bede632a15","local_time":"20190216225926","is_ascension_mode":false,"campfire_choices":[{"floor":7,"key":"REST"},{"data":"1","floor":15,"key":"LIFT"},{"floor":23,"key":"REST"},{"floor":29,"key":"REST"},{"floor":32,"key":"REST"}],"neow_cost":"NONE","seed_source_timestamp":147738719754291,"circlet_count":0,"master_deck":["Defend_G","Defend_G","Defend_G","Defend_G","Strike_G","Strike_G+1","Strike_G","Survivor","Neutralize+1","Quick Slash","Footwork","Endless Agony","Terror","Noxious Fumes","Die Die Die","After Image","Flying Knee","Backflip+1"],"relics":["Ring of the Snake","Whetstone","Girya","Ginger","Golden Idol","WristBlade","Bag of Preparation"],"potions_floor_usage":[6,6,16,16,16,16,16,22,30,31,33,33,33],"damage_taken":[{"damage":0,"enemies":"Small Slimes","floor":1,"turns":4},{"damage":0,"enemies":"2 Louse","floor":2,"turns":2},{"damage":0,"enemies":"Cultist","floor":3,"turns":3},{"damage":4,"enemies":"Blue Slaver","floor":4,"turns":4},{"damage":22,"enemies":"3 Sentries","floor":6,"turns":12},{"damage":15,"enemies":"Lagavulin","floor":8,"turns":12},{"damage":5,"enemies":"2 Fungi Beasts","floor":10,"turns":5},{"damage":4,"enemies":"Exordium Thugs","floor":14,"turns":5},{"damage":0,"enemies":"The Guardian","floor":16,"turns":10},{"damage":14,"enemies":"3 Byrds","floor":18,"turns":6},{"damage":16,"enemies":"2 Thieves","floor":19,"turns":4},{"damage":0,"enemies":"Cultist and Chosen","floor":20,"turns":6},{"damage":11,"enemies":"3 Cultists","floor":22,"turns":4},{"damage":18,"enemies":"Centurion and Healer","floor":24,"turns":9},{"damage":5,"enemies":"Shelled Parasite and Fungi","floor":27,"turns":7},{"damage":7,"enemies":"Cultist and Chosen","floor":28,"turns":7},{"damage":12,"enemies":"Snecko","floor":30,"turns":5},{"damage":7,"enemies":"Snake Plant","floor":31,"turns":4},{"damage":61,"enemies":"Collector","floor":33,"turns":7}],"seed_played":"5354203510739166064","potions_obtained":[{"floor":3,"key":"Poison Potion"},{"floor":4,"key":"Regen Potion"},{"floor":8,"key":"EntropicBrew"},{"floor":14,"key":"Regen Potion"},{"floor":19,"key":"SteroidPotion"},{"floor":21,"key":"FearPotion"},{"floor":21,"key":"Explosive Potion"},{"floor":21,"key":"PowerPotion"},{"floor":22,"key":"Weak Potion"},{"floor":27,"key":"Weak Potion"},{"floor":30,"key":"Explosive Potion"},{"floor":31,"key":"Block Potion"}],"is_trial":false,"path_per_floor":["M","M","M","M","?","E","R","E","T","M","$","?","$","M","R","B",null,"M","M","M","?","M","R","M","$","T","M","M","R","M","M","R","B"],"character_chosen":"THE_SILENT","items_purchased":["Terror"],"campfire_rested":4,"item_purchase_floors":[11],"current_hp_per_floor":[77,77,77,73,66,59,77,62,62,57,57,57,57,53,53,68,71,57,41,41,41,30,51,33,33,33,28,21,42,30,23,44,0],"gold":309,"neow_bonus":"TEN_PERCENT_HP_BONUS","is_prod":false,"is_daily":false,"chose_seed":false,"campfire_upgraded":0,"win_rate":0.0,"timestamp":1550354366,"path_taken":["M","M","M","M","?","E","R","E","T","M","$","?","$","M","R","BOSS","M","M","M","?","M","R","M","$","T","?","M","R","M","M","R","BOSS"],"build_version":"2019-01-23","purchased_purges":2,"victory":false,"max_hp_per_floor":[77,77,77,77,77,77,77,77,77,77,77,71,71,71,71,71,71,71,71,71,71,71,71,71,71,71,71,71,71,71,71,71,71],"card_choices":[{"not_picked":["Tactician","Slice"],"picked":"Quick Slash","floor":1},{"not_picked":["Blade Dance","Heel Hook","Distraction"],"picked":"SKIP","floor":2},{"not_picked":["Dodge and Roll","Slice","Dash"],"picked":"SKIP","floor":3},{"not_picked":["Choke","Dagger Throw"],"picked":"Footwork","floor":4},{"not_picked":["Backflip","Burst","Endless Agony"],"picked":"SKIP","floor":6},{"not_picked":["Backflip","Burst"],"picked":"Endless Agony","floor":6},{"not_picked":["PiercingWail","Footwork","Outmaneuver"],"picked":"SKIP","floor":8},{"not_picked":["Tactician","Outmaneuver","Slice"],"picked":"SKIP","floor":10},{"not_picked":["Doppelganger","Dagger Throw"],"picked":"Noxious Fumes","floor":14},{"not_picked":["Bullet Time","Glass Knife"],"picked":"Die Die Die","floor":16},{"not_picked":["Bane","Blade Dance","Prepared"],"picked":"SKIP","floor":18},{"not_picked":["Distraction","Riddle With Holes+1","Dash"],"picked":"SKIP","floor":19},{"not_picked":["Eviscerate","Slice","Deadly Poison"],"picked":"SKIP","floor":20},{"not_picked":["PiercingWail","Escape Plan"],"picked":"After Image","floor":22},{"not_picked":["Caltrops","Outmaneuver","Deflect"],"picked":"SKIP","floor":24},{"not_picked":["Backflip","Dagger Spray","Dodge and Roll+1"],"picked":"SKIP","floor":27},{"not_picked":["Tactician","Masterful Stab"],"picked":"Flying Knee","floor":28},{"not_picked":["Slice","Dagger Spray+1"],"picked":"Backflip+1","floor":30},{"not_picked":["Unload","Flying Knee+1","Heel Hook+1"],"picked":"SKIP","floor":31}],"player_experience":27299,"relics_obtained":[{"floor":6,"key":"Whetstone"},{"floor":8,"key":"Girya"},{"floor":9,"key":"Ginger"},{"floor":26,"key":"Bag of Preparation"}],"event_choices":[{"cards_removed":["Strike_G"],"damage_healed":0,"gold_gain":0,"player_choice":"Card Removal","damage_taken":7,"max_hp_gain":0,"max_hp_loss":0,"event_name":"Golden Wing","floor":5,"gold_loss":0},{"damage_healed":0,"gold_gain":0,"player_choice":"Lose Max HP","damage_taken":0,"relics_obtained":["Golden Idol"],"max_hp_gain":0,"max_hp_loss":6,"event_name":"Golden Idol","floor":12,"gold_loss":0},{"damage_healed":0,"gold_gain":0,"player_choice":"Got Potions","damage_taken":0,"max_hp_gain":0,"max_hp_loss":0,"event_name":"Lab","floor":21,"gold_loss":0}],"is_beta":false,"boss_relics":[{"not_picked":["Fusion Hammer","HoveringKite"],"picked":"WristBlade"}],"items_purged_floors":[11,25],"is_endless":false,"potions_floor_spawned":[3,4,8,14,19,22,24,27,30,31],"killed_by":"Collector","ascension_level":0}