{"gold_per_floor":[118,132,147,147,147,147,191,209,209,209,244,244,263,301,301,301],"floor_reached":16,"playtime":1043,"items_purged":[],"score":240,"play_id":"ed056054-1df4-497f-83e3-4063961a6659","local_time":"20190122183512","is_ascension_mode":true,"campfire_choices":[{"data":"Zap","floor":6,"key":"SMITH"},{"data":"Dualcast","floor":10,"key":"SMITH"},{"floor":12,"key":"REST"},{"floor":15,"key":"REST"}],"neow_cost":"NONE","seed_source_timestamp":1069990306928587,"circlet_count":0,"master_deck":["AscendersBane","Strike_B","Strike_B","Strike_B","Strike_B","Defend_B","Defend_B","Defend_B","Defend_B","Zap+1","Dualcast+1","Cold Snap","Capacitor","Leap","Ball Lightning","Leap","Auto Shields","Go for the Eyes","Cold Snap","Reboot"],"relics":["Cracked Core","Golden Idol","Dodecahedron","The Courier","Blue Candle","Bird Faced Urn"],"potions_floor_usage":[7,14],"damage_taken":[{"damage":0,"enemies":"Cultist","floor":1,"turns":3},{"damage":0,"enemies":"Small Slimes","floor":2,"turns":3},{"damage":0,"enemies":"Jaw Worm","floor":3,"turns":3},{"damage":8,"enemies":"3 Sentries","floor":7,"turns":7},{"damage":15,"enemies":"Gremlin Gang","floor":8,"turns":4},{"damage":45,"enemies":"Gremlin Nob","floor":11,"turns":6},{"damage":9,"enemies":"Red Slaver","floor":13,"turns":2},{"damage":9,"enemies":"Lagavulin","floor":14,"turns":7},{"damage":26,"enemies":"Hexaghost","floor":16,"turns":12}],"seed_played":"-4523978923334709325","potions_obtained":[{"floor":1,"key":"Block Potion"},{"floor":11,"key":"SteroidPotion"}],"is_trial":false,"path_per_floor":["?","?"],"character_chosen":"DEFECT","items_purchased":[],"campfire_rested":2,"item_purchase_floors":[],"current_hp_per_floor":[64,64,64,69,69,69,61,46,46,46,1,21,12,3,23,0],"gold":301,"neow_bonus":"THREE_CARDS","is_prod":false,"is_daily":false,"chose_seed":false,"campfire_upgraded":2,"win_rate":0,"timestamp":1548200112,"path_taken":["M","M","M","?","?","R","E","M","T","R","E","R","M","E","R","BOSS"],"build_version":"2019-01-20","purchased_purges":0,"victory":false,"max_hp_per_floor":[71,71,71,76,69,69,69,69,69,69,69,69,69,69,69,69],"card_choices":[{"not_picked":["Static Discharge","Heatsinks"],"picked":"Cold Snap","floor":0},{"not_picked":["Blizzard","Rebound"],"picked":"Capacitor","floor":1},{"not_picked":["Heatsinks","Reinforced Body"],"picked":"Leap","floor":2},{"not_picked":["Coolheaded","Steam"],"picked":"Ball Lightning","floor":3},{"not_picked":["Redo","Hyperbeam"],"picked":"Leap","floor":7},{"not_picked":["Reinforced Body","Stack"],"picked":"Auto Shields","floor":8},{"not_picked":["Doom and Gloom","Leap"],"picked":"Go for the Eyes","floor":11},{"not_picked":["Gash","White Noise"],"picked":"Cold Snap","floor":13},{"not_picked":["Sweeping Beam","Leap"],"picked":"Reboot","floor":14}],"player_experience":799781,"relics_obtained":[{"floor":7,"key":"Dodecahedron"},{"floor":9,"key":"The Courier"},{"floor":11,"key":"Blue Candle"},{"floor":14,"key":"Bird Faced Urn"}],"event_choices":[{"damage_healed":0,"gold_gain":0,"player_choice":"Donut","damage_taken":0,"max_hp_gain":5,"max_hp_loss":0,"event_name":"Big Fish","floor":4,"gold_loss":0},{"damage_healed":0,"gold_gain":0,"player_choice":"Lose Max HP","damage_taken":0,"relics_obtained":["Golden Idol"],"max_hp_gain":0,"max_hp_loss":7,"event_name":"Golden Idol","floor":5,"gold_loss":0}],"is_beta":true,"boss_relics":[],"items_purged_floors":[],"is_endless":false,"potions_floor_spawned":[1,11],"killed_by":"Hexaghost","ascension_level":20}