{"gold_per_floor":[116,130,130,130,150,175,189,189,189,189,65,65,93,111,111,213,213,227,227,238,17,17,17,43,43,66,95,95,106,123,123,123,227,227,240,190,202,477,348,383,403,437,463,563,575,629,629,16,16,16,16,16,16,44,44],"floor_reached":56,"playtime":4379,"items_purged":["Strike_G","Strike_G","Strike_G","Defend_G"],"score":1405,"play_id":"53f42644-ba8e-4262-96f1-7c15c2c8fad5","local_time":"20190215123819","is_ascension_mode":true,"campfire_choices":[{"data":"Neutralize","floor":8,"key":"SMITH"},{"floor":10,"key":"REST"},{"data":"Bouncing Flask","floor":12,"key":"SMITH"},{"data":"Bane","floor":15,"key":"SMITH"},{"data":"Noxious Fumes","floor":23,"key":"SMITH"},{"data":"Die Die Die","floor":25,"key":"SMITH"},{"data":"Leg Sweep","floor":28,"key":"SMITH"},{"data":"Dodge and Roll","floor":32,"key":"SMITH"},{"floor":49,"key":"RECALL"},{"data":"Footwork","floor":52,"key":"SMITH"}],"neow_cost":"NONE","seed_source_timestamp":6144646602889,"circlet_count":0,"master_deck":["Defend_G","Defend_G","Defend_G+1","Defend_G","Survivor+1","Neutralize+1","Deflect","Bouncing Flask+1","Well Laid Plans+1","Bane+1","Dodge and Roll+1","Blur","Die Die Die+1","Leg Sweep+1","Noxious Fumes+1","Deflect+1","Backflip","Escape Plan+1","Footwork+1","PiercingWail+1","Adrenaline","Bane+1","Footwork","Deadly Poison","Enlightenment","PiercingWail"],"relics":["Ring of the Snake","NeowsBlessing","Happy Flower","Mummified Hand","Shuriken","Regal Pillow","Empty Cage","Lantern","Smiling Mask","Omamori","Pantograph","Cursed Key","Pear","Meat on the Bone","The Specimen","FossilizedHelix","Membership Card","Gambling Chip","Mercury Hourglass","Blood Vial"],"potions_floor_usage":[6,16,24,55,55,55],"damage_taken":[{"damage":0,"enemies":"2 Louse","floor":1,"turns":1},{"damage":0,"enemies":"Jaw Worm","floor":2,"turns":1},{"damage":0,"enemies":"Cultist","floor":5,"turns":1},{"damage":20,"enemies":"3 Sentries","floor":6,"turns":11},{"damage":2,"enemies":"Large Slime","floor":7,"turns":9},{"damage":0,"enemies":"Lagavulin","floor":13,"turns":8},{"damage":2,"enemies":"Lots of Slimes","floor":14,"turns":4},{"damage":0,"enemies":"Hexaghost","floor":16,"turns":9},{"damage":15,"enemies":"2 Thieves","floor":18,"turns":5},{"damage":4,"enemies":"Spheric Guardian","floor":20,"turns":6},{"damage":0,"enemies":"Slavers","floor":24,"turns":6},{"damage":0,"enemies":"Book of Stabbing","floor":27,"turns":6},{"damage":0,"enemies":"Snake Plant","floor":29,"turns":6},{"damage":0,"enemies":"Centurion and Healer","floor":30,"turns":8},{"damage":19,"enemies":"Automaton","floor":33,"turns":11},{"damage":4,"enemies":"3 Darklings","floor":35,"turns":6},{"damage":0,"enemies":"Orb Walker","floor":37,"turns":5},{"damage":19,"enemies":"Giant Head","floor":40,"turns":11},{"damage":0,"enemies":"Sphere and 2 Shapes","floor":41,"turns":6},{"damage":8,"enemies":"Nemesis","floor":42,"turns":11},{"damage":0,"enemies":"Mind Bloom Boss Battle","floor":44,"turns":8},{"damage":7,"enemies":"4 Shapes","floor":45,"turns":5},{"damage":15,"enemies":"2 Orb Walkers","floor":46,"turns":7},{"damage":11,"enemies":"Awakened One","floor":50,"turns":17},{"damage":0,"enemies":"Shield and Spear","floor":54,"turns":7},{"damage":41,"enemies":"The Heart","floor":55,"turns":13}],"seed_played":"-5786725866577001781","potions_obtained":[{"floor":1,"key":"SpeedPotion"},{"floor":5,"key":"GhostInAJar"},{"floor":6,"key":"Poison Potion"},{"floor":7,"key":"Weak Potion"},{"floor":13,"key":"Swift Potion"},{"floor":29,"key":"LiquidBronze"},{"floor":30,"key":"Energy Potion"}],"is_trial":false,"path_per_floor":["M","M","?","?","M","E","M","R","T","R","$","R","E","M","R","B",null,"M","?","M","$","$","R","E","R","T","E","R","M","M","?","R","B",null,"M","$","M","?","$","E","M","E","T","?","M","?","?","$","R","B",null,"R","$","E","B",null],"character_chosen":"THE_SILENT","items_purchased":["Bane","Noxious Fumes","Lantern","Footwork","Membership Card","Gambling Chip","Mercury Hourglass","Footwork","Deadly Poison","Enlightenment"],"campfire_rested":1,"item_purchase_floors":[11,21,21,39,48,48,48,48,48,48],"current_hp_per_floor":[70,70,56,53,53,33,31,31,31,52,52,52,52,50,50,50,70,55,55,51,51,51,51,51,51,51,51,51,51,51,51,51,51,70,66,66,66,66,66,57,57,49,49,74,67,52,52,52,52,66,80,80,80,80,51],"gold":44,"neow_bonus":"THREE_ENEMY_KILL","is_prod":false,"is_daily":false,"chose_seed":false,"campfire_upgraded":8,"win_rate":0,"timestamp":1550230699,"path_taken":["M","M","?","?","M","E","M","R","T","R","$","R","E","M","R","BOSS","M","?","M","?","$","R","E","R","T","E","R","M","M","?","R","BOSS","M","$","M","?","$","E","?","E","T","?","M","?","?","$","R","BOSS","R","$","E","BOSS"],"build_version":"2019-01-23","purchased_purges":4,"victory":true,"max_hp_per_floor":[70,70,70,70,70,70,70,70,70,70,70,70,70,70,70,70,70,70,70,70,70,70,70,70,70,70,70,70,70,70,70,70,70,70,70,70,70,70,70,80,80,80,80,80,80,80,80,80,80,80,80,80,80,80,80],"card_choices":[{"not_picked":["Acrobatics","Escape Plan"],"picked":"Deflect","floor":1},{"not_picked":["Outmaneuver","Prepared","Finisher"],"picked":"SKIP","floor":2},{"not_picked":["Backflip","Dodge and Roll"],"picked":"Bouncing Flask","floor":5},{"not_picked":["Endless Agony","Doppelganger","Flying Knee"],"picked":"SKIP","floor":6},{"not_picked":["Dagger Spray","Bane"],"picked":"Well Laid Plans","floor":7},{"not_picked":["Sucker Punch","Calculated Gamble"],"picked":"Dodge and Roll","floor":13},{"not_picked":["Dodge and Roll","Deflect"],"picked":"Blur","floor":14},{"not_picked":["Grand Finale","Adrenaline"],"picked":"Die Die Die","floor":16},{"not_picked":["Dagger Throw","Tactician"],"picked":"Leg Sweep","floor":18},{"not_picked":["Accuracy+1","Deflect","Eviscerate"],"picked":"SKIP","floor":20},{"not_picked":["All Out Attack","Masterful Stab"],"picked":"Deflect+1","floor":24},{"not_picked":["Slice","Calculated Gamble"],"picked":"Backflip","floor":27},{"not_picked":["Slice","Setup+1","Endless Agony+1"],"picked":"SKIP","floor":29},{"not_picked":["Sucker Punch","Masterful Stab","Accuracy+1"],"picked":"SKIP","floor":30},{"not_picked":["Grand Finale","Doppelganger"],"picked":"Glass Knife","floor":33},{"not_picked":["Prepared+1","Slice+1","Setup+1"],"picked":"SKIP","floor":35},{"not_picked":["Dash","Prepared"],"picked":"Escape Plan+1","floor":37},{"not_picked":["Blur","Acrobatics+1"],"picked":"PiercingWail+1","floor":40},{"not_picked":["Caltrops","Heel Hook"],"picked":"Adrenaline","floor":41},{"not_picked":["Dagger Throw+1","Distraction","Dagger Spray+1"],"picked":"SKIP","floor":42},{"not_picked":["Infinite Blades","Predator+1"],"picked":"Bane+1","floor":44},{"not_picked":["Expertise","Bane+1","Outmaneuver+1"],"picked":"SKIP","floor":45},{"not_picked":["Backstab+1","Dagger Throw+1"],"picked":"PiercingWail","floor":54}],"player_experience":172578,"relics_obtained":[{"floor":6,"key":"Mummified Hand"},{"floor":9,"key":"Shuriken"},{"floor":13,"key":"Regal Pillow"},{"floor":24,"key":"Smiling Mask"},{"floor":26,"key":"Omamori"},{"floor":27,"key":"Pantograph"},{"floor":40,"key":"Pear"},{"floor":42,"key":"Meat on the Bone"},{"floor":44,"key":"The Specimen"},{"floor":46,"key":"FossilizedHelix"},{"floor":54,"key":"Blood Vial"}],"event_choices":[{"damage_healed":0,"gold_gain":0,"player_choice":"Entered Light","damage_taken":14,"max_hp_gain":0,"max_hp_loss":0,"event_name":"Shining Light","floor":3,"gold_loss":0,"cards_upgraded":["Defend_G","Survivor"]},{"damage_healed":0,"gold_gain":0,"player_choice":"Success","damage_taken":3,"relics_obtained":["Happy Flower"],"max_hp_gain":0,"max_hp_loss":0,"event_name":"Scrap Ooze","floor":4,"gold_loss":0},{"damage_healed":0,"gold_gain":0,"player_choice":"Upgraded","damage_taken":0,"max_hp_gain":0,"max_hp_loss":0,"event_name":"Upgrade Shrine","floor":19,"gold_loss":0,"cards_upgraded":["Well Laid Plans"]},{"damage_healed":0,"gold_gain":0,"player_choice":"Ignored","damage_taken":0,"max_hp_gain":0,"max_hp_loss":0,"event_name":"Ghosts","floor":31,"gold_loss":0},{"damage_healed":0,"gold_gain":275,"player_choice":"Desecrate","damage_taken":0,"max_hp_gain":0,"max_hp_loss":0,"event_name":"Golden Shrine","floor":38,"gold_loss":0,"cards_obtained":["Regret"]},{"damage_healed":0,"gold_gain":0,"player_choice":"Fight","damage_taken":0,"max_hp_gain":0,"max_hp_loss":0,"event_name":"MindBloom","floor":44,"gold_loss":0},{"damage_healed":0,"gold_gain":0,"player_choice":"Fight","damage_taken":0,"max_hp_gain":0,"max_hp_loss":0,"event_name":"Mysterious Sphere","floor":46,"gold_loss":0},{"cards_removed":["Glass Knife"],"damage_healed":0,"gold_gain":0,"player_choice":"Removed Attack","damage_taken":0,"max_hp_gain":0,"max_hp_loss":0,"event_name":"Falling","floor":47,"gold_loss":0}],"is_beta":false,"boss_relics":[{"not_picked":["Busted Crown","Pandora\u0027s Box"],"picked":"Empty Cage"},{"not_picked":["Lizard Tail","Philosopher\u0027s Stone"],"picked":"Cursed Key"}],"items_purged_floors":[11,36,39,48],"is_endless":false,"potions_floor_spawned":[1,5,6,7,13,29,30,41,42,45,54],"ascension_level":1}