{"gold_per_floor":[214,214,109,109,119,119,150,150,150,111,138,138,149,163,163,265,265,281,281,296,296],"floor_reached":21,"playtime":1001,"items_purged":[],"score":290,"play_id":"9b23054f-de2f-42c6-a6eb-d83ccaae57eb","local_time":"20190216185907","is_ascension_mode":true,"campfire_choices":[{"data":"Flying Knee","floor":6,"key":"SMITH"},{"data":"Skewer","floor":8,"key":"SMITH"},{"floor":12,"key":"REST"},{"data":"All Out Attack","floor":15,"key":"SMITH"}],"neow_cost":"NONE","seed_source_timestamp":19549996888507,"circlet_count":0,"master_deck":["AscendersBane","Defend_G","Defend_G","Defend_G","Defend_G","Defend_G+1","Strike_G+1","Strike_G","Strike_G","Strike_G","Survivor","Neutralize","Dagger Throw","Well Laid Plans","Backflip","Flying Knee+1","Skewer+1","All Out Attack+1","Leg Sweep","Malaise","Dash","Blade Dance+1"],"relics":["Ring of the Snake","Smiling Mask","Matryoshka","Bottled Flame","Black Star"],"potions_floor_usage":[16,20],"damage_taken":[{"damage":5,"enemies":"Cultist","floor":1,"turns":4},{"damage":0,"enemies":"Jaw Worm","floor":5,"turns":4},{"damage":22,"enemies":"3 Sentries","floor":7,"turns":11},{"damage":25,"enemies":"Gremlin Nob","floor":11,"turns":4},{"damage":0,"enemies":"Small Slimes","floor":13,"turns":2},{"damage":3,"enemies":"Blue Slaver","floor":14,"turns":4},{"damage":17,"enemies":"Slime Boss","floor":16,"turns":8},{"damage":18,"enemies":"3 Byrds","floor":18,"turns":8},{"damage":33,"enemies":"2 Thieves","floor":20,"turns":5},{"damage":4,"enemies":"Snake Plant","floor":21,"turns":3}],"seed_played":"5286918077171363784","potions_obtained":[{"floor":7,"key":"GamblersBrew"},{"floor":11,"key":"Strength Potion"},{"floor":13,"key":"Explosive Potion"},{"floor":14,"key":"Fire Potion"}],"is_trial":false,"path_per_floor":["M","?","$","?","M","R","E","R","T","$","E","R","M","M","R","B",null,"M","?","M","M"],"character_chosen":"THE_SILENT","items_purchased":["Well Laid Plans","Backflip","All Out Attack"],"campfire_rested":1,"item_purchase_floors":[3,3,10],"current_hp_per_floor":[58,70,70,56,56,56,34,34,34,34,9,30,30,27,27,10,55,37,37,4,0],"gold":296,"neow_bonus":"HUNDRED_GOLD","is_prod":false,"is_daily":false,"chose_seed":false,"campfire_upgraded":3,"win_rate":0,"timestamp":1550372347,"path_taken":["M","?","$","?","M","R","E","R","T","$","E","R","M","M","R","BOSS","M","?","M","M"],"build_version":"2019-01-23","purchased_purges":0,"victory":false,"max_hp_per_floor":[70,70,70,70,70,70,70,70,70,70,70,70,70,70,70,70,70,70,70,70,70],"card_choices":[{"not_picked":["Underhanded Strike","Bouncing Flask"],"picked":"Dagger Throw","floor":1},{"not_picked":["Acrobatics","Concentrate"],"picked":"Flying Knee","floor":5},{"not_picked":["Bouncing Flask","Sucker Punch"],"picked":"Skewer","floor":7},{"not_picked":["Masterful Stab","Outmaneuver","Catalyst"],"picked":"SKIP","floor":11},{"not_picked":["Bane","Deflect","Acrobatics"],"picked":"SKIP","floor":13},{"not_picked":["Dodge and Roll","Blade Dance"],"picked":"Leg Sweep","floor":14},{"not_picked":["Phantasmal Killer","Grand Finale"],"picked":"Malaise","floor":16},{"not_picked":["Crippling Poison","Poisoned Stab"],"picked":"Dash","floor":18},{"not_picked":["Reflex","Escape Plan"],"picked":"Blade Dance+1","floor":20}],"player_experience":186588,"relics_obtained":[{"floor":7,"key":"Smiling Mask"},{"floor":9,"key":"Matryoshka"},{"floor":11,"key":"Bottled Flame"}],"event_choices":[{"damage_healed":23,"gold_gain":0,"player_choice":"Banana","damage_taken":0,"max_hp_gain":0,"max_hp_loss":0,"event_name":"Big Fish","floor":2,"gold_loss":0},{"damage_healed":0,"gold_gain":0,"player_choice":"Entered Light","damage_taken":14,"max_hp_gain":0,"max_hp_loss":0,"event_name":"Shining Light","floor":4,"gold_loss":0,"cards_upgraded":["Strike_G","Defend_G"]},{"cards_removed":["Strike_G"],"damage_healed":0,"gold_gain":0,"player_choice":"Elegance","damage_taken":0,"max_hp_gain":0,"max_hp_loss":0,"event_name":"Back to Basics","floor":19,"gold_loss":0}],"is_beta":false,"boss_relics":[{"not_picked":["Tiny House","Ring of the Serpent"],"picked":"Black Star"}],"items_purged_floors":[],"is_endless":false,"potions_floor_spawned":[7,11,13,14],"killed_by":"Snake Plant","ascension_level":11}