{"gold_per_floor":[114,130,55,66,16,16,16,27,52,81,98,132,48,123,123,226,226,239,250,41,41,55,55,75,75,75,91,91,91,91,165,165,260,260,276,276,276,276,236,236,266,7,76,86,103,103,103,3,3,3],"floor_reached":51,"playtime":5259,"items_purged":["Strike_R","Bash","Strike_R","Pain"],"score":688,"play_id":"fc3f3987-2f53-41ae-82cb-f1fec0cf84cc","local_time":"20190222050916","is_ascension_mode":true,"campfire_choices":[{"data":"Flex","floor":6.0,"key":"SMITH"},{"floor":15.0,"key":"REST"},{"data":"Shockwave","floor":23.0,"key":"SMITH"},{"floor":28.0,"key":"REST"},{"data":"Armaments","floor":32.0,"key":"SMITH"},{"data":"Exhume","floor":40,"key":"SMITH"},{"data":"Discovery","floor":49,"key":"SMITH"}],"neow_cost":"TEN_PERCENT_HP_LOSS","seed_source_timestamp":138565156493820,"circlet_count":0,"master_deck":["Defend_R","Defend_R","Defend_R","Defend_R","Battle Trance","Second Wind","Flex+1","Finesse","Offering","Second Wind","Disarm+1","Shockwave+1","Armaments+1","Infernal Blade+1","Exhume+1","Burning Pact+1","Infernal Blade","Shrug It Off","Battle Trance","Entrench+1","Metamorphosis","Discovery+1","Discovery"],"special_seed":0,"relics":["Burning Blood","Smiling Mask","Dream Catcher","Juzu Bracelet","Runic Pyramid","Ornamental Fan","Meat on the Bone","Eternal Feather","Whetstone","Singing Bowl","WarpedTongs"],"potions_floor_usage":[50,50,50],"damage_taken":[{"damage":12.0,"enemies":"Jaw Worm","floor":1.0,"turns":6.0},{"damage":5.0,"enemies":"Cultist","floor":2.0,"turns":4.0},{"damage":11.0,"enemies":"2 Louse","floor":4.0,"turns":3.0},{"damage":24.0,"enemies":"Exordium Thugs","floor":8.0,"turns":3.0},{"damage":28.0,"enemies":"Lagavulin","floor":10.0,"turns":4.0},{"damage":9.0,"enemies":"Looter","floor":11.0,"turns":3.0},{"damage":16.0,"enemies":"Gremlin Nob","floor":12.0,"turns":4.0},{"damage":20.0,"enemies":"The Guardian","floor":16.0,"turns":14.0},{"damage":23.0,"enemies":"3 Byrds","floor":18.0,"turns":6.0},{"damage":14.0,"enemies":"2 Thieves","floor":19.0,"turns":4.0},{"damage":30.0,"enemies":"3 Cultists","floor":22.0,"turns":6.0},{"damage":12.0,"enemies":"Snecko","floor":24.0,"turns":2.0},{"damage":6.0,"enemies":"Cultist and Chosen","floor":27.0,"turns":6.0},{"damage":22.0,"enemies":"Champ","floor":33.0,"turns":7.0},{"damage":7.0,"enemies":"3 Shapes","floor":35.0,"turns":8.0},{"damage":9,"enemies":"Nemesis","floor":41,"turns":5},{"damage":10,"enemies":"3 Darklings","floor":44,"turns":4},{"damage":6,"enemies":"Jaw Worm Horde","floor":45,"turns":2},{"damage":71,"enemies":"Awakened One","floor":50,"turns":15}],"seed_played":"4413948940590056474","potions_obtained":[{"floor":1.0,"key":"SkillPotion"},{"floor":2.0,"key":"AttackPotion"},{"floor":11.0,"key":"BloodPotion"},{"floor":16.0,"key":"SteroidPotion"},{"floor":18.0,"key":"AttackPotion"},{"floor":19.0,"key":"EssenceOfSteel"},{"floor":24.0,"key":"GamblersBrew"},{"floor":27.0,"key":"Explosive Potion"},{"floor":41,"key":"GamblersBrew"},{"floor":44,"key":"BloodPotion"}],"is_trial":false,"path_per_floor":["M","M","$","M","?","R","?","M","T","E","M","E","$","?","R","B",null,"M","M","$","?","M","R","M","?","T","M","R","?","?","T","R","B",null,"M","?","?","?","?","R","E","$","T","M","M","?","?","$","R","B",null],"character_chosen":"IRONCLAD","items_purchased":["Shockwave","Exhume","Metamorphosis","Discovery","SteroidPotion"],"campfire_rested":2,"item_purchase_floors":[13,20,42,42,48],"current_hp_per_floor":[66,67,67,62,62,62,62,44,44,22,19,16,16,5,26,12,72,55,47,47,47,23,23,17,17,17,17,38,38,38,38,38,34,72,71,71,71,71,71,72,69,69,69,67,69,69,69,69,76,23],"gold":3,"neow_bonus":"REMOVE_TWO","is_prod":false,"is_daily":false,"chose_seed":false,"campfire_upgraded":5,"win_rate":0,"timestamp":1550830156,"path_taken":["M","M","$","M","?","R","?","?","T","E","?","E","?","?","R","BOSS","M","M","$","?","M","R","M","?","T","M","R","?","?","?","R","BOSS","M","?","?","?","?","R","E","?","T","M","M","?","?","$","R","BOSS"],"build_version":"2019-01-23","purchased_purges":4,"victory":true,"max_hp_per_floor":[72,72,72,72,72,72,72,72,72,72,72,72,72,72,72,72,72,72,72,72,72,72,72,72,72,72,72,72,72,72,72,72,72,72,72,72,72,72,72,72,72,72,72,74,76,76,76,76,76,76],"card_choices":[{"not_picked":["Rage","Wild Strike"],"picked":"Battle Trance","floor":1.0},{"not_picked":["Heavy Blade","Twin Strike"],"picked":"Second Wind","floor":2.0},{"not_picked":["Uppercut","Whirlwind"],"picked":"Flex","floor":4.0},{"not_picked":["Pommel Strike","Corruption","Flex"],"picked":"SKIP","floor":8.0},{"not_picked":["Rampage","Rage"],"picked":"Warcry","floor":10.0},{"not_picked":["Cleave","Dropkick"],"picked":"Disarm","floor":11.0},{"not_picked":["Intimidate","Rampage","Iron Wave"],"picked":"SKIP","floor":12.0},{"not_picked":["Uppercut","Perfected Strike"],"picked":"Armaments","floor":15.0},{"not_picked":["Juggernaut","Double Tap"],"picked":"Offering","floor":16.0},{"not_picked":["Clothesline+1","Wild Strike","Perfected Strike"],"picked":"SKIP","floor":18.0},{"not_picked":["Reckless Charge","Battle Trance"],"picked":"Infernal Blade+1","floor":19.0},{"not_picked":["Clash","Hemokinesis"],"picked":"Burning Pact+1","floor":22.0},{"not_picked":["Armaments+1","Sentinel"],"picked":"Infernal Blade","floor":24.0},{"not_picked":["Spot Weakness+1","Clothesline"],"picked":"Shrug It Off","floor":27.0},{"not_picked":["Perfected Strike","Corruption"],"picked":"Entrench+1","floor":35.0},{"not_picked":["Burning Pact+1","Feel No Pain+1","Metallicize+1"],"picked":"SKIP","floor":41},{"not_picked":["Body Slam","Sword Boomerang+1","Ghostly Armor+1"],"picked":"Singing Bowl","floor":44},{"not_picked":["Thunderclap","Twin Strike","Headbutt+1"],"picked":"Singing Bowl","floor":45}],"player_experience":2078509,"relics_obtained":[{"floor":9.0,"key":"Smiling Mask"},{"floor":10.0,"key":"Dream Catcher"},{"floor":12.0,"key":"Juzu Bracelet"},{"floor":26.0,"key":"Ornamental Fan"},{"floor":31.0,"key":"Meat on the Bone"},{"floor":41,"key":"Whetstone"},{"floor":43,"key":"Singing Bowl"}],"event_choices":[{"cards_removed":["Strike_R"],"damage_healed":0.0,"max_hp_gain":0.0,"max_hp_loss":0.0,"gold_gain":0.0,"event_name":"The Cleric","player_choice":"Card Removal","floor":5.0,"gold_loss":50.0,"damage_taken":0.0},{"damage_healed":0.0,"max_hp_gain":0.0,"max_hp_loss":0.0,"gold_gain":0.0,"event_name":"Match and Keep!","player_choice":"5 cards matched","floor":7.0,"gold_loss":0.0,"damage_taken":0.0,"cards_obtained":["Finesse","Offering","Headbutt","Bash","Second Wind"]},{"damage_healed":0.0,"max_hp_gain":0.0,"max_hp_loss":0.0,"gold_gain":75.0,"event_name":"World of Goop","player_choice":"Gather Gold","floor":14.0,"gold_loss":0.0,"damage_taken":11.0},{"damage_healed":0.0,"max_hp_gain":0.0,"max_hp_loss":0.0,"gold_gain":0.0,"event_name":"Vampires","player_choice":"Ignored","floor":21.0,"gold_loss":0.0,"damage_taken":0.0},{"cards_removed":["Bash"],"damage_healed":0.0,"max_hp_gain":0.0,"max_hp_loss":0.0,"gold_gain":0.0,"event_name":"Purifier","player_choice":"Purged","floor":25.0,"gold_loss":0.0,"damage_taken":0.0},{"damage_healed":0.0,"max_hp_gain":0.0,"max_hp_loss":0.0,"gold_gain":0.0,"cards_transformed":["Headbutt","Warcry"],"event_name":"Drug Dealer","player_choice":"Became Test Subject","floor":29.0,"gold_loss":0.0,"damage_taken":0.0,"cards_obtained":["Bludgeon","Battle Trance"]},{"cards_removed":["Bludgeon"],"damage_healed":0.0,"max_hp_gain":0.0,"max_hp_loss":0.0,"gold_gain":0.0,"event_name":"Back to Basics","player_choice":"Elegance","floor":30.0,"gold_loss":0.0,"damage_taken":0.0},{"cards_removed":["Offering"],"damage_healed":0.0,"max_hp_gain":0.0,"max_hp_loss":0.0,"gold_gain":0.0,"event_name":"Falling","player_choice":"Removed Skill","floor":36.0,"gold_loss":0.0,"damage_taken":0.0},{"damage_healed":0,"gold_gain":0,"player_choice":"Ignored","damage_taken":0,"max_hp_gain":0,"max_hp_loss":0,"event_name":"Mysterious Sphere","floor":37,"gold_loss":0},{"damage_healed":0,"gold_gain":0,"player_choice":"Ignored","damage_taken":0,"max_hp_gain":0,"max_hp_loss":0,"event_name":"Tomb of Lord Red Mask","floor":38,"gold_loss":0},{"damage_healed":0,"gold_gain":0,"player_choice":"Upgrade","damage_taken":0,"max_hp_gain":0,"max_hp_loss":0,"event_name":"Designer","floor":39,"gold_loss":40,"cards_upgraded":["Disarm"]},{"damage_healed":0,"gold_gain":0,"player_choice":"Rummage","damage_taken":0,"relics_obtained":["WarpedTongs"],"max_hp_gain":0,"max_hp_loss":0,"event_name":"Accursed Blacksmith","floor":46,"gold_loss":0,"cards_obtained":["Pain"]},{"damage_healed":0,"gold_gain":0,"player_choice":"Copied","damage_taken":0,"max_hp_gain":0,"max_hp_loss":0,"event_name":"Duplicator","floor":47,"gold_loss":0,"cards_obtained":["Discovery"]}],"is_beta":false,"boss_relics":[{"not_picked":["Empty Cage","Black Blood"],"picked":"Runic Pyramid"},{"not_picked":["Pandora\u0027s Box","Black Star"],"picked":"Eternal Feather"}],"items_purged_floors":[3,13,20,48],"is_endless":false,"potions_floor_spawned":[1,2,11,16,18,19,24,27,41,44],"ascension_level":1}