{"gold_per_floor":[119,119,69,69,88,117,117,146,146,146,221,239,267,278,278,383,383,393,419,434,434,449,449,449,505,505,536,552,552,152,165,165,270,270,281,299,2,2,2],"floor_reached":40,"playtime":2073,"items_purged":["Storm"],"score":729,"play_id":"4eb2ee7d-4be2-4864-b7f0-006078b8ba41","local_time":"20190213224116","is_ascension_mode":true,"campfire_choices":[{"data":"Zap","floor":7.0,"key":"SMITH"},{"data":"Beam Cell","floor":10.0,"key":"SMITH"},{"data":"Static Discharge","floor":15.0,"key":"SMITH"},{"data":"Fission","floor":23,"key":"SMITH"},{"floor":29,"key":"REST"},{"data":"Coolheaded","floor":32,"key":"SMITH"}],"neow_cost":"NONE","seed_source_timestamp":0,"circlet_count":0,"master_deck":["Zap+1","Cold Snap","Ball Lightning","Beam Cell+1","Barrage","Redo","Coolheaded+1","Static Discharge+1","Fission+1","Conserve Battery","FTL","Go for the Eyes","Scrape","BootSequence","Biased Cognition","Defragment","Sunder+1","Auto Shields+1","Hologram","Multi-Cast","Echo Form+1","Double Energy+1","Defragment+1","Seek","Biased Cognition+1"],"special_seed":0,"relics":["Cracked Core","NeowsBlessing","Boot","Potion Belt","Incense Burner","Happy Flower","Pandora\u0027s Box","Red Mask","Nloth\u0027s Gift","Tiny Chest","Frozen Egg 2","Orichalcum","DataDisk","Nuclear Battery","Pantograph"],"potions_floor_usage":[25,28,31,31,33,33,33,33,39],"damage_taken":[{"damage":0.0,"enemies":"Jaw Worm","floor":1.0,"turns":1.0},{"damage":0.0,"enemies":"2 Louse","floor":5.0,"turns":1.0},{"damage":0.0,"enemies":"3 Sentries","floor":6.0,"turns":1.0},{"damage":4.0,"enemies":"Gremlin Nob","floor":8.0,"turns":3.0},{"damage":0.0,"enemies":"Cultist","floor":12.0,"turns":2.0},{"damage":13.0,"enemies":"3 Sentries","floor":13.0,"turns":4.0},{"damage":1.0,"enemies":"3 Louse","floor":14.0,"turns":3.0},{"damage":16.0,"enemies":"Slime Boss","floor":16.0,"turns":7.0},{"damage":0.0,"enemies":"Spheric Guardian","floor":18.0,"turns":3.0},{"damage":4,"enemies":"Masked Bandits","floor":19,"turns":3},{"damage":9,"enemies":"Shell Parasite","floor":20,"turns":4},{"damage":19,"enemies":"Snake Plant","floor":22,"turns":2},{"damage":5,"enemies":"Gremlin Leader","floor":25,"turns":5},{"damage":11,"enemies":"Book of Stabbing","floor":27,"turns":6},{"damage":1,"enemies":"Centurion and Healer","floor":28,"turns":4},{"damage":7,"enemies":"Shelled Parasite and Fungi","floor":31,"turns":4},{"damage":27,"enemies":"Automaton","floor":33,"turns":7},{"damage":6,"enemies":"3 Shapes","floor":35,"turns":3},{"damage":8,"enemies":"Orb Walker","floor":36,"turns":3},{"damage":62,"enemies":"Donu and Deca","floor":39,"turns":6}],"seed_played":"-2443153297294714377","potions_obtained":[{"floor":8.0,"key":"Fire Potion"},{"floor":12.0,"key":"FearPotion"},{"floor":13.0,"key":"FearPotion"},{"floor":19,"key":"EssenceOfSteel"},{"floor":20,"key":"Dexterity Potion"},{"floor":31,"key":"Swift Potion"}],"is_trial":false,"path_per_floor":["M","?","?","$","M","E","R","E","T","R","?","M","E","M","R","B",null,"M","?","M","?","M","R","?","E","T","E","M","R","$","M","R","B",null,"M","M","$","?","B",null],"character_chosen":"DEFECT","items_purchased":["DataDisk","Defragment+1","EntropicBrew","Pantograph","PowerPotion"],"campfire_rested":1,"item_purchase_floors":[30,30,30,37,37],"current_hp_per_floor":[75,50,50,50,50,50,50,46,46,46,35,35,22,21,21,5,75,75,71,62,62,43,43,43,38,38,27,26,48,48,41,41,14,75,69,61,61,61,13],"gold":2,"neow_bonus":"THREE_ENEMY_KILL","is_prod":false,"is_daily":false,"chose_seed":false,"campfire_upgraded":5,"win_rate":0,"timestamp":1550126476,"path_taken":["M","?","?","?","M","E","R","E","T","R","?","M","E","M","R","BOSS","M","?","M","?","M","R","?","E","T","E","?","R","$","M","R","BOSS","M","M","$","?","BOSS"],"build_version":"2019-01-23","purchased_purges":1,"victory":true,"max_hp_per_floor":[75,75,75,75,75,75,75,75,75,75,75,75,75,75,75,75,75,75,75,75,75,75,75,75,75,75,75,75,75,75,75,75,75,75,75,75,75,75,75],"card_choices":[{"not_picked":["FTL","Hologram"],"picked":"Cold Snap","floor":1.0},{"not_picked":["Beam Cell","Chill"],"picked":"Ball Lightning","floor":5.0},{"not_picked":["BootSequence","Turbo"],"picked":"Beam Cell","floor":6.0},{"not_picked":["Gash","Leap"],"picked":"Barrage","floor":8.0},{"not_picked":["Hologram","Auto Shields"],"picked":"Redo","floor":12.0},{"not_picked":["Machine Learning","Rebound"],"picked":"Coolheaded","floor":13.0},{"not_picked":["Compile Driver","Redo"],"picked":"Static Discharge","floor":14.0},{"not_picked":["Echo Form","Meteor Strike"],"picked":"Fission","floor":16.0},{"not_picked":["Lockon","Turbo"],"picked":"Sunder+1","floor":18},{"not_picked":["Compile Driver","Turbo"],"picked":"Auto Shields+1","floor":19},{"not_picked":["Sweeping Beam","Genetic Algorithm"],"picked":"Hologram","floor":20},{"not_picked":["Barrage","Steam","Gash+1"],"picked":"SKIP","floor":22},{"not_picked":["Gash","Sweeping Beam"],"picked":"Multi-Cast","floor":25},{"not_picked":["Thunder Strike","Core Surge"],"picked":"Echo Form+1","floor":27},{"not_picked":["White Noise+1","Ball Lightning+1"],"picked":"Double Energy+1","floor":28},{"not_picked":["Streamline","Compile Driver+1"],"picked":"Seek","floor":31},{"not_picked":["Meteor Strike","Seek"],"picked":"Biased Cognition+1","floor":33},{"not_picked":["Leap","Sweeping Beam+1","Turbo"],"picked":"SKIP","floor":35},{"not_picked":["Cold Snap","Rebound+1","Streamline"],"picked":"SKIP","floor":36}],"player_experience":161102,"relics_obtained":[{"floor":6.0,"key":"Boot"},{"floor":8.0,"key":"Potion Belt"},{"floor":9.0,"key":"Incense Burner"},{"floor":13.0,"key":"Happy Flower"},{"floor":19,"key":"Red Mask"},{"floor":25,"key":"Tiny Chest"},{"floor":26,"key":"Frozen Egg 2"},{"floor":27,"key":"Orichalcum"}],"event_choices":[{"damage_healed":0.0,"max_hp_gain":0.0,"max_hp_loss":0.0,"gold_gain":0.0,"event_name":"Scrap Ooze","player_choice":"Success","floor":2.0,"gold_loss":0.0,"damage_taken":25.0,"relics_obtained":["Letter Opener"]},{"cards_removed":["Dualcast"],"damage_healed":0.0,"max_hp_gain":0.0,"max_hp_loss":0.0,"gold_gain":0.0,"event_name":"The Cleric","player_choice":"Card Removal","floor":3.0,"gold_loss":50.0,"damage_taken":0.0},{"damage_healed":0.0,"max_hp_gain":0.0,"max_hp_loss":0.0,"gold_gain":75.0,"event_name":"World of Goop","player_choice":"Gather Gold","floor":11.0,"gold_loss":0.0,"damage_taken":11.0},{"damage_healed":0,"gold_gain":0,"player_choice":"Fought Bandits","damage_taken":0,"max_hp_gain":0,"max_hp_loss":0,"event_name":"Masked Bandits","floor":19,"gold_loss":0},{"damage_healed":0,"gold_gain":0,"player_choice":"Ignored","damage_taken":0,"max_hp_gain":0,"max_hp_loss":0,"event_name":"Vampires","floor":21,"gold_loss":0},{"damage_healed":0,"gold_gain":0,"player_choice":"Traded Relic","damage_taken":0,"relics_obtained":["Nloth\u0027s Gift"],"max_hp_gain":0,"max_hp_loss":0,"event_name":"N\u0027loth","floor":24,"relics_lost":["Letter Opener"],"gold_loss":0},{"damage_healed":0,"gold_gain":0,"player_choice":"Took Portal","damage_taken":0,"max_hp_gain":0,"max_hp_loss":0,"event_name":"SecretPortal","floor":38,"gold_loss":0}],"is_beta":false,"boss_relics":[{"not_picked":["Sozu","Cursed Key"],"picked":"Pandora\u0027s Box"},{"not_picked":["Tiny House","Lizard Tail"],"picked":"Nuclear Battery"}],"items_purged_floors":[30],"is_endless":false,"potions_floor_spawned":[8,12,13,19,20,31],"ascension_level":2}