{"gold_per_floor":[114,114,114,127,137,137,157,157,157,157,188,21,52,72,72,144,194,206,222,222],"floor_reached":20,"playtime":842,"items_purged":[],"score":418,"play_id":"a3ef781a-687d-465a-95aa-3b9c402fd40a","local_time":"20190211011515","is_ascension_mode":true,"campfire_choices":[{"data":"Masterful Stab","floor":6.0,"key":"SMITH"},{"data":"Accuracy","floor":8.0,"key":"SMITH"},{"data":"Dodge and Roll","floor":10.0,"key":"SMITH"},{"floor":15,"key":"REST"}],"neow_cost":"NONE","seed_source_timestamp":1232040430328200,"circlet_count":0,"master_deck":["AscendersBane","Defend_G","Defend_G","Defend_G+1","Defend_G","Defend_G","Strike_G","Strike_G","Strike_G","Strike_G","Strike_G","Survivor+1","Neutralize+1","Blade Dance+1","Accuracy+1","Masterful Stab+1","Dodge and Roll+1","Backflip","Terror","Envenom","Blade Dance"],"special_seed":0,"relics":["Ring of the Snake","Bag of Marbles","Tingsha","Turnip","Anchor","Singing Bowl","Tiny House"],"potions_floor_usage":[13,19,20],"damage_taken":[{"damage":1.0,"enemies":"Small Slimes","floor":1.0,"turns":5.0},{"damage":0.0,"enemies":"Jaw Worm","floor":4.0,"turns":4.0},{"damage":0.0,"enemies":"Cultist","floor":5.0,"turns":3.0},{"damage":3.0,"enemies":"Lots of Slimes","floor":7.0,"turns":4.0},{"damage":21.0,"enemies":"Gremlin Nob","floor":11.0,"turns":4.0},{"damage":0,"enemies":"3 Sentries","floor":13,"turns":6},{"damage":0,"enemies":"Gremlin Gang","floor":14,"turns":2},{"damage":5,"enemies":"The Guardian","floor":16,"turns":14},{"damage":37,"enemies":"Spheric Guardian","floor":18,"turns":11},{"damage":0,"enemies":"Chosen","floor":19,"turns":4},{"damage":31,"enemies":"Centurion and Healer","floor":20,"turns":5}],"seed_played":"1812909571122700181","potions_obtained":[{"floor":4.0,"key":"SpeedPotion"},{"floor":11.0,"key":"Strength Potion"},{"floor":13,"key":"Explosive Potion"},{"floor":17,"key":"SpeedPotion"}],"is_trial":false,"path_per_floor":["M","?","?","M","M","R","M","R","T","R","E","$","E","M","R","B",null,"M","M","M"],"character_chosen":"THE_SILENT","items_purchased":["Anchor"],"campfire_rested":1,"item_purchase_floors":[12],"current_hp_per_floor":[58,38,38,38,38,38,35,35,35,35,14,14,14,16,36,31,66,31,31,0],"gold":222,"neow_bonus":"RANDOM_COMMON_RELIC","is_prod":false,"is_daily":false,"chose_seed":false,"campfire_upgraded":3,"win_rate":0,"timestamp":1549815315,"path_taken":["M","?","?","?","M","R","M","R","T","R","E","?","E","?","R","BOSS","M","M","?"],"build_version":"2019-01-23","purchased_purges":0,"victory":false,"max_hp_per_floor":[66,66,66,66,66,66,66,66,66,66,66,66,66,68,68,68,75,77,77,77],"card_choices":[{"not_picked":["Eviscerate","Dagger Throw"],"picked":"Blade Dance","floor":1.0},{"not_picked":["Eviscerate","Dagger Spray"],"picked":"Accuracy","floor":4.0},{"not_picked":["Underhanded Strike","Outmaneuver"],"picked":"Masterful Stab","floor":5.0},{"not_picked":["Poisoned Stab","Flying Knee"],"picked":"Dodge and Roll","floor":7.0},{"not_picked":["Concentrate","Quick Slash"],"picked":"Backflip","floor":11.0},{"not_picked":["Poisoned Stab","Bane"],"picked":"Terror","floor":13},{"not_picked":["Heel Hook","Flying Knee","Backflip"],"picked":"Singing Bowl","floor":14},{"not_picked":["Storm of Steel","Grand Finale"],"picked":"Envenom","floor":16},{"not_picked":["Deflect","Acrobatics","Deadly Poison"],"picked":"Singing Bowl","floor":17},{"not_picked":["Bane","Flying Knee","Outmaneuver"],"picked":"Singing Bowl","floor":18},{"not_picked":["Outmaneuver","Accuracy"],"picked":"Blade Dance","floor":19}],"player_experience":1123389,"relics_obtained":[{"floor":9.0,"key":"Tingsha"},{"floor":11.0,"key":"Turnip"},{"floor":13,"key":"Singing Bowl"}],"event_choices":[{"damage_healed":0.0,"max_hp_gain":0.0,"max_hp_loss":0.0,"gold_gain":0.0,"event_name":"Shining Light","player_choice":"Entered Light","floor":2.0,"gold_loss":0.0,"damage_taken":20.0,"cards_upgraded":["Survivor","Neutralize"]},{"damage_healed":0.0,"max_hp_gain":0.0,"max_hp_loss":0.0,"gold_gain":0.0,"event_name":"Accursed Blacksmith","player_choice":"Forge","floor":3.0,"gold_loss":0.0,"damage_taken":0.0,"cards_upgraded":["Blade Dance"]}],"is_beta":false,"boss_relics":[{"not_picked":["Calling Bell","Orrery"],"picked":"Tiny House"}],"items_purged_floors":[],"is_endless":false,"potions_floor_spawned":[4,11,13],"killed_by":"Centurion and Healer","ascension_level":20}