{"gold_per_floor":[364,382,15,34,34,69,81,106,144,156,186,198,268,299,311,422,434,460,147,159,159,159,159,176,176],"floor_reached":25,"playtime":1188,"items_purged":["Strike_B","Strike_B"],"score":213,"play_id":"2ee347a2-0f26-4743-a1b4-04cf4e55b98d","local_time":"20190211173307","is_ascension_mode":false,"campfire_choices":[{"data":"Zap","floor":10,"key":"SMITH"},{"floor":12,"key":"REST"},{"data":"Consume","floor":15,"key":"SMITH"},{"floor":23,"key":"REST"}],"neow_cost":"TEN_PERCENT_HP_LOSS","seed_source_timestamp":22092060180697,"circlet_count":0,"master_deck":["Strike_B","Defend_B","Defend_B","Defend_B","Defend_B","Zap+1","Dualcast","Go for the Eyes","Consume+1","Coolheaded","Melter","BootSequence","Coolheaded","Double Energy","Double Energy","Creative AI","Ball Lightning","Capacitor","Genetic Algorithm+1","Steam"],"relics":["Cracked Core","Pantograph","MawBank","Potion Belt","Tiny Chest","Nuclear Battery","Anchor","Enchiridion"],"potions_floor_usage":[13,13,18],"damage_taken":[{"damage":0,"enemies":"Cultist","floor":1,"turns":4},{"damage":0,"enemies":"2 Louse","floor":2,"turns":2},{"damage":0,"enemies":"Small Slimes","floor":4,"turns":2},{"damage":34,"enemies":"Gremlin Nob","floor":6,"turns":5},{"damage":3,"enemies":"Red Slaver","floor":8,"turns":3},{"damage":9,"enemies":"Large Slime","floor":11,"turns":6},{"damage":4,"enemies":"Lagavulin","floor":13,"turns":6},{"damage":2,"enemies":"Looter","floor":14,"turns":3},{"damage":14,"enemies":"The Guardian","floor":16,"turns":17},{"damage":36,"enemies":"2 Thieves","floor":18,"turns":5},{"damage":0,"enemies":"Shell Parasite","floor":20,"turns":5},{"damage":23,"enemies":"Snake Plant","floor":24,"turns":5},{"damage":18,"enemies":"Book of Stabbing","floor":25,"turns":5}],"seed_played":"871243863698399072","potions_obtained":[{"floor":2,"key":"EssenceOfSteel"},{"floor":4,"key":"FocusPotion"},{"floor":16,"key":"Weak Potion"},{"floor":20,"key":"FearPotion"}],"is_trial":false,"path_per_floor":["M","M","$","M","?","E","?","M","T","R","M","R","E","M","R","B",null,"M","$","M","?","?","R","M","E"],"character_chosen":"DEFECT","items_purchased":["Coolheaded","Pantograph","Capacitor","Anchor"],"campfire_rested":2,"item_purchase_floors":[3,3,19,19],"current_hp_per_floor":[68,68,68,68,68,34,34,31,31,31,22,42,38,36,36,47,68,32,32,32,32,16,36,13,0],"gold":176,"neow_bonus":"TWO_FIFTY_GOLD","is_prod":false,"is_daily":false,"chose_seed":false,"campfire_upgraded":2,"win_rate":0,"timestamp":1549902787,"path_taken":["M","?","$","M","?","E","?","?","T","R","M","R","E","M","R","BOSS","M","$","M","?","?","R","M","E"],"build_version":"2019-01-23","purchased_purges":2,"victory":false,"max_hp_per_floor":[68,68,68,68,68,68,68,68,68,68,68,68,68,68,68,68,68,68,68,68,68,68,68,68,68],"card_choices":[{"not_picked":["Turbo","Storm"],"picked":"Go for the Eyes","floor":1},{"not_picked":["Steam","Redo"],"picked":"Consume","floor":2},{"not_picked":["Recycle","Steam Power"],"picked":"Melter","floor":4},{"not_picked":["Hologram","Reinforced Body"],"picked":"BootSequence","floor":6},{"not_picked":["Consume","Stack"],"picked":"Coolheaded","floor":8},{"not_picked":["Melter","Fission","Steam"],"picked":"SKIP","floor":11},{"not_picked":["Stack","Rebound"],"picked":"Double Energy","floor":13},{"not_picked":["Compile Driver","Steam Power"],"picked":"Double Energy","floor":14},{"not_picked":["All For One","Seek"],"picked":"Creative AI","floor":16},{"not_picked":["Beam Cell","Rebound"],"picked":"Ball Lightning","floor":18},{"not_picked":["Hologram+1","Go for the Eyes+1"],"picked":"Genetic Algorithm+1","floor":20},{"not_picked":["Redo","Go for the Eyes+1"],"picked":"Steam","floor":24}],"player_experience":133655,"relics_obtained":[{"floor":6,"key":"MawBank"},{"floor":9,"key":"Potion Belt"},{"floor":13,"key":"Tiny Chest"},{"floor":22,"key":"Enchiridion"}],"event_choices":[{"damage_healed":0,"gold_gain":0,"player_choice":"Leave","damage_taken":0,"max_hp_gain":0,"max_hp_loss":0,"event_name":"The Cleric","floor":5,"gold_loss":0},{"cards_removed":["Strike_B"],"damage_healed":0,"gold_gain":0,"player_choice":"Purged","damage_taken":0,"max_hp_gain":0,"max_hp_loss":0,"event_name":"Purifier","floor":7,"gold_loss":0},{"damage_healed":0,"gold_gain":0,"player_choice":"Ignored","damage_taken":0,"max_hp_gain":0,"max_hp_loss":0,"event_name":"Vampires","floor":21,"gold_loss":0},{"damage_healed":0,"gold_gain":0,"player_choice":"Obtained Book","damage_taken":16,"max_hp_gain":0,"max_hp_loss":0,"event_name":"Cursed Tome","floor":22,"gold_loss":0}],"is_beta":false,"boss_relics":[{"not_picked":["Black Star","Calling Bell"],"picked":"Nuclear Battery"}],"items_purged_floors":[3,19],"is_endless":false,"potions_floor_spawned":[2,4,16,20],"killed_by":"Book of Stabbing","ascension_level":0}