{"gold_per_floor":[114,114,114,134,153,153,171,19,43,43,218,252,252,65,65,160,160,171,153,428,8,8,42,42,72,102,202,202,202,233,249,249,352,352,366,384,396,416,416,444,444,469,469,499,499,599,678,16,16,16,16,16,16,41,41],"floor_reached":56,"playtime":4427,"items_purged":["Pain","Doubt","Regret"],"score":1623,"play_id":"e8681662-a5c7-45c9-a2a8-6853cbba9443","local_time":"20190128091317","is_ascension_mode":true,"campfire_choices":[{"data":"Crippling Poison","floor":6,"key":"SMITH"},{"data":"Well Laid Plans","floor":10,"key":"SMITH"},{"data":"Catalyst","floor":13,"key":"SMITH"},{"data":"Noxious Fumes","floor":15,"key":"SMITH"},{"floor":24,"key":"REST"},{"floor":29,"key":"REST"},{"floor":32,"key":"REST"},{"floor":49,"key":"RECALL"},{"data":"Footwork","floor":52,"key":"SMITH"}],"neow_cost":"NONE","seed_source_timestamp":3703752081089775,"circlet_count":0,"master_deck":["Defend_G","Defend_G","Defend_G","Defend_G","Defend_G","Strike_G","Strike_G","Strike_G","Strike_G+1","Strike_G","Survivor+1","Neutralize+1","Crippling Poison+1","PiercingWail","Catalyst+1","Well Laid Plans+1","Backflip","Noxious Fumes+1","Deadly Poison","Malaise","Acrobatics","Deadly Poison","Footwork+1","Catalyst","Master of Strategy","Necronomicurse","Prepared","Cloak And Dagger","Backflip","Escape Plan","PiercingWail","Bouncing Flask","Deflect+1","Predator","Madness","Madness","Backflip","Panacea","PanicButton","Purity"],"relics":["Ring of the Snake","WarpedTongs","Juzu Bracelet","Runic Dome","Necronomicon","Snake Skull","Strawberry","Tiny Chest","Dead Branch","Mercury Hourglass","Bottled Tornado","Potion Belt","Busted Crown","Blood Vial","Ice Cream","Molten Egg 2","PreservedInsect","Tough Bandages","Bottled Lightning","Incense Burner","Mango","Bag of Preparation"],"potions_floor_usage":[16,23,25,25,27,40,55,55,55,55],"damage_taken":[{"damage":3,"enemies":"Jaw Worm","floor":1,"turns":9},{"damage":3,"enemies":"Small Slimes","floor":4,"turns":3},{"damage":1,"enemies":"Cultist","floor":5,"turns":3},{"damage":0,"enemies":"Red Slaver","floor":7,"turns":2},{"damage":0,"enemies":"Gremlin Nob","floor":12,"turns":4},{"damage":0,"enemies":"Slime Boss","floor":16,"turns":5},{"damage":3,"enemies":"Spheric Guardian","floor":18,"turns":5},{"damage":0,"enemies":"2 Thieves","floor":19,"turns":4},{"damage":0,"enemies":"Book of Stabbing","floor":23,"turns":3},{"damage":13,"enemies":"Slavers","floor":25,"turns":4},{"damage":12,"enemies":"Colosseum Slavers","floor":27,"turns":4},{"damage":27,"enemies":"Colosseum Nobs","floor":27,"turns":5},{"damage":6,"enemies":"Gremlin Leader","floor":30,"turns":4},{"damage":0,"enemies":"Sentry and Sphere","floor":31,"turns":4},{"damage":18,"enemies":"Collector","floor":33,"turns":7},{"damage":0,"enemies":"3 Darklings","floor":35,"turns":3},{"damage":0,"enemies":"3 Shapes","floor":36,"turns":2},{"damage":0,"enemies":"Sphere and 2 Shapes","floor":37,"turns":4},{"damage":0,"enemies":"Spire Growth","floor":38,"turns":4},{"damage":0,"enemies":"Reptomancer","floor":40,"turns":5},{"damage":0,"enemies":"Giant Head","floor":42,"turns":7},{"damage":6,"enemies":"Reptomancer","floor":44,"turns":5},{"damage":0,"enemies":"Mind Bloom Boss Battle","floor":46,"turns":6},{"damage":23,"enemies":"Awakened One","floor":50,"turns":11},{"damage":0,"enemies":"Shield and Spear","floor":54,"turns":5},{"damage":0,"enemies":"The Heart","floor":55,"turns":8}],"seed_played":"-5658160178027213487","potions_obtained":[{"floor":1,"key":"GamblersBrew"},{"floor":4,"key":"AttackPotion"},{"floor":5,"key":"Strength Potion"},{"floor":19,"key":"Block Potion"},{"floor":23,"key":"AttackPotion"},{"floor":31,"key":"Ancient Potion"},{"floor":33,"key":"PowerPotion"},{"floor":36,"key":"Ancient Potion"},{"floor":38,"key":"LiquidBronze"},{"floor":42,"key":"Weak Potion"},{"floor":46,"key":"Poison Potion"}],"is_trial":false,"path_per_floor":["M","?","?","M","M","R","M","$","T","R","?","E","R","$","R","B",null,"M","M","?","$","?","E","R","E","T","?","T","R","E","M","R","B",null,"M","M","M","M","?","E","?","E","T","E","?","?","T","$","R","B",null,"R","$","E","B",null],"character_chosen":"THE_SILENT","items_purchased":["Well Laid Plans","Noxious Fumes","Deadly Poison","Footwork","Catalyst","Master of Strategy","GhostInAJar","Incense Burner","Mango"],"campfire_rested":3,"item_purchase_floors":[8,14,14,21,21,21,48,48,48],"current_hp_per_floor":[67,53,53,50,49,49,49,49,49,49,49,49,49,49,49,49,70,67,67,67,67,51,51,70,64,64,25,25,48,42,42,65,47,77,77,77,77,77,77,77,67,69,69,65,55,57,57,71,71,50,91,91,91,91,91],"gold":41,"neow_bonus":"UPGRADE_CARD","is_prod":false,"is_daily":false,"chose_seed":false,"campfire_upgraded":5,"win_rate":0,"timestamp":1548684797,"path_taken":["M","?","?","?","M","R","M","?","T","R","?","E","R","$","R","BOSS","M","M","?","?","?","E","R","E","T","?","?","R","E","M","R","BOSS","M","M","M","M","?","E","?","E","T","E","?","?","?","?","R","BOSS","R","$","E","BOSS"],"build_version":"2019-01-23","purchased_purges":3,"victory":true,"max_hp_per_floor":[70,70,70,70,70,70,70,70,70,70,70,70,70,70,70,70,70,70,70,70,70,70,70,70,77,77,77,77,77,77,77,77,77,77,77,77,77,77,77,77,77,77,77,77,77,77,77,91,91,91,91,91,91,91,91],"card_choices":[{"not_picked":["Riddle With Holes","Sucker Punch"],"picked":"Masterful Stab","floor":1},{"not_picked":["Deflect","Backflip"],"picked":"Crippling Poison","floor":4},{"not_picked":["Bane","Skewer"],"picked":"PiercingWail","floor":5},{"not_picked":["Poisoned Stab","Skewer"],"picked":"Catalyst","floor":7},{"not_picked":["Night Terror","Blade Dance"],"picked":"Backflip","floor":12},{"not_picked":["Night Terror","Grand Finale"],"picked":"Malaise","floor":16},{"not_picked":["Prepared","Blade Dance"],"picked":"Acrobatics","floor":18},{"not_picked":["Dagger Throw","Outmaneuver"],"picked":"Deadly Poison","floor":19},{"not_picked":["Dagger Spray","Grand Finale"],"picked":"Prepared","floor":23},{"not_picked":["Blade Dance","Quick Slash"],"picked":"Cloak And Dagger","floor":25},{"not_picked":["Flechettes","Expertise"],"picked":"Backflip","floor":27},{"not_picked":["Deadly Poison+1","Cloak And Dagger"],"picked":"Escape Plan","floor":30},{"not_picked":["Envenom","Bane+1"],"picked":"PiercingWail","floor":31},{"not_picked":[],"picked":"Bouncing Flask","floor":35},{"not_picked":["Flying Knee"],"picked":"SKIP","floor":36},{"not_picked":[],"picked":"Deflect+1","floor":37},{"not_picked":[],"picked":"Predator","floor":38},{"not_picked":["Flechettes"],"picked":"SKIP","floor":40},{"not_picked":["Flying Knee"],"picked":"SKIP","floor":42},{"not_picked":[],"picked":"Backflip","floor":44},{"not_picked":[],"picked":"Panacea","floor":45},{"not_picked":[],"picked":"PanicButton","floor":45},{"not_picked":[],"picked":"Purity","floor":45},{"not_picked":["Poisoned Stab+1"],"picked":"SKIP","floor":54}],"player_experience":4233220,"relics_obtained":[{"floor":12,"key":"Juzu Bracelet"},{"floor":22,"key":"Necronomicon"},{"floor":23,"key":"Snake Skull"},{"floor":25,"key":"Strawberry"},{"floor":26,"key":"Tiny Chest"},{"floor":27,"key":"Dead Branch"},{"floor":27,"key":"Mercury Hourglass"},{"floor":28,"key":"Bottled Tornado"},{"floor":30,"key":"Potion Belt"},{"floor":40,"key":"Blood Vial"},{"floor":42,"key":"Ice Cream"},{"floor":43,"key":"Molten Egg 2"},{"floor":44,"key":"PreservedInsect"},{"floor":46,"key":"Tough Bandages"},{"floor":47,"key":"Bottled Lightning"},{"floor":54,"key":"Bag of Preparation"}],"event_choices":[{"damage_healed":0,"gold_gain":0,"player_choice":"Entered Light","damage_taken":14,"max_hp_gain":0,"max_hp_loss":0,"event_name":"Shining Light","floor":2,"gold_loss":0,"cards_upgraded":["Strike_G","Survivor"]},{"damage_healed":0,"gold_gain":0,"player_choice":"Rummage","damage_taken":0,"relics_obtained":["WarpedTongs"],"max_hp_gain":0,"max_hp_loss":0,"event_name":"Accursed Blacksmith","floor":3,"gold_loss":0,"cards_obtained":["Pain"]},{"damage_healed":0,"gold_gain":175,"player_choice":"AGREE","damage_taken":0,"max_hp_gain":0,"max_hp_loss":0,"event_name":"Liars Game","floor":11,"gold_loss":0,"cards_obtained":["Doubt"]},{"damage_healed":0,"gold_gain":275,"player_choice":"Desecrate","damage_taken":0,"max_hp_gain":0,"max_hp_loss":0,"event_name":"Golden Shrine","floor":20,"gold_loss":0,"cards_obtained":["Regret"]},{"damage_healed":0,"gold_gain":0,"player_choice":"Obtained Book","damage_taken":16,"max_hp_gain":0,"max_hp_loss":0,"event_name":"Cursed Tome","floor":22,"gold_loss":0},{"damage_healed":0,"gold_gain":0,"player_choice":"Fight","damage_taken":0,"max_hp_gain":0,"max_hp_loss":0,"event_name":"Colosseum","floor":27,"gold_loss":0},{"damage_healed":0,"gold_gain":0,"player_choice":"Fought Nobs","damage_taken":0,"max_hp_gain":0,"max_hp_loss":0,"event_name":"Colosseum","floor":27,"gold_loss":0},{"cards_removed":["Masterful Stab"],"damage_healed":0,"gold_gain":0,"player_choice":"Removed Attack","damage_taken":0,"max_hp_gain":0,"max_hp_loss":0,"event_name":"Falling","floor":39,"gold_loss":0},{"damage_healed":0,"gold_gain":0,"player_choice":"Embrace Madness","damage_taken":10,"max_hp_gain":0,"max_hp_loss":0,"event_name":"Winding Halls","floor":41,"gold_loss":0,"cards_obtained":["Madness","Madness"]},{"damage_healed":0,"gold_gain":0,"player_choice":"Memory 3","damage_taken":10,"max_hp_gain":0,"max_hp_loss":0,"event_name":"SensoryStone","floor":45,"gold_loss":0},{"damage_healed":0,"gold_gain":0,"player_choice":"Fight","damage_taken":0,"max_hp_gain":0,"max_hp_loss":0,"event_name":"MindBloom","floor":46,"gold_loss":0}],"is_beta":true,"boss_relics":[{"not_picked":["Astrolabe","White Beast Statue"],"picked":"Runic Dome"},{"not_picked":["Empty Cage","WristBlade"],"picked":"Busted Crown"}],"items_purged_floors":[8,14,21],"is_endless":false,"potions_floor_spawned":[1,4,5,12,19,23,31,33,36,38,42,46],"ascension_level":1}