{"gold_per_floor":[111,261,261,17,29,354,374,400,470,470],"floor_reached":10,"playtime":407,"items_purged":["Doubt"],"score":152,"play_id":"2c689814-73bb-4587-a5d8-abc58f60b72e","local_time":"20190125174646","is_ascension_mode":true,"campfire_choices":[],"neow_cost":"NONE","seed_source_timestamp":1326936093985093,"circlet_count":0,"master_deck":["AscendersBane","Strike_R","Strike_R","Strike_R","Strike_R","Strike_R","Defend_R","Defend_R","Defend_R","Defend_R","Bash+1","Clothesline+1","Inflame","Reckless Charge","Thunderclap","True Grit","Flame Barrier","True Grit"],"relics":["Burning Blood","Old Coin","Regal Pillow","Dodecahedron"],"potions_floor_usage":[8,8],"damage_taken":[{"damage":28,"enemies":"Jaw Worm","floor":1,"turns":6},{"damage":1,"enemies":"Small Slimes","floor":5,"turns":3},{"damage":42,"enemies":"Gremlin Nob","floor":6,"turns":5},{"damage":7,"enemies":"Cultist","floor":7,"turns":4},{"damage":13,"enemies":"Lagavulin","floor":8,"turns":7},{"damage":7,"enemies":"3 Louse","floor":10,"turns":2}],"seed_played":"1839525736205194977","potions_obtained":[{"floor":5,"key":"Weak Potion"},{"floor":7,"key":"Swift Potion"}],"is_trial":false,"path_per_floor":["M","?","?","$","M","E","M","E","T","M"],"character_chosen":"IRONCLAD","items_purchased":["Inflame","Reckless Charge"],"campfire_rested":0,"item_purchase_floors":[4,4],"current_hp_per_floor":[46,46,46,46,51,15,14,7,7,0],"gold":470,"neow_bonus":"UPGRADE_CARD","is_prod":false,"is_daily":false,"chose_seed":false,"campfire_upgraded":0,"win_rate":0,"timestamp":1548456406,"path_taken":["M","?","?","$","?","E","M","E","T","M"],"build_version":"2019-01-23","purchased_purges":1,"victory":false,"max_hp_per_floor":[75,75,75,75,75,75,75,75,75,75],"card_choices":[{"not_picked":["Body Slam","Twin Strike"],"picked":"Clothesline","floor":1},{"not_picked":["Clash","Havoc"],"picked":"Thunderclap","floor":5},{"not_picked":["Evolve","Corruption"],"picked":"True Grit","floor":6},{"not_picked":["Battle Trance","Twin Strike"],"picked":"Flame Barrier","floor":7},{"not_picked":["Blood for Blood","Infernal Blade"],"picked":"True Grit","floor":8}],"player_experience":818070,"relics_obtained":[{"floor":6,"key":"Old Coin"},{"floor":8,"key":"Regal Pillow"},{"floor":9,"key":"Dodecahedron"}],"event_choices":[{"damage_healed":0,"gold_gain":150,"player_choice":"AGREE","damage_taken":0,"max_hp_gain":0,"max_hp_loss":0,"event_name":"Liars Game","floor":2,"gold_loss":0,"cards_obtained":["Doubt"]},{"damage_healed":0,"gold_gain":0,"player_choice":"Upgraded","damage_taken":0,"max_hp_gain":0,"max_hp_loss":0,"event_name":"Upgrade Shrine","floor":3,"gold_loss":0,"cards_upgraded":["Clothesline"]}],"is_beta":false,"boss_relics":[],"items_purged_floors":[4],"is_endless":false,"potions_floor_spawned":[5,7],"killed_by":"3 Louse","ascension_level":20}