{"gold_per_floor":[111,128,228,242,261,291,291,321,321,321,339,356,356,376,376,471,471,489,489,176,192,52,80,80,112,112,129,204,204,18,117,117,214,214,229,66,66,79,89,121,121,152,175,275,309,309,322,322,322,322,322,322,24,58,58],"floor_reached":56,"playtime":3612,"items_purged":["Strike_B","Defend_B"],"score":1437,"play_id":"1a19b8f0-059d-4ad5-bfb4-122ef0191e2d","local_time":"20190206052505","is_ascension_mode":true,"campfire_choices":[{"data":"Buffer","floor":7,"key":"SMITH"},{"data":"Loop","floor":10,"key":"SMITH"},{"data":"Zap","floor":13,"key":"SMITH"},{"data":"Sunder","floor":15,"key":"SMITH"},{"floor":24,"key":"REST"},{"floor":29,"key":"REST"},{"data":"Defragment","floor":32,"key":"SMITH"},{"data":"Apotheosis","floor":41,"key":"SMITH"},{"data":"Storm","floor":46,"key":"SMITH"},{"floor":49,"key":"RECALL"},{"data":"Echo Form","floor":52,"key":"SMITH"}],"neow_cost":"NONE","seed_source_timestamp":4468363514873327,"circlet_count":0,"master_deck":["Defend_B","Defend_B","Zap+1","Dualcast","Buffer+1","Cold Snap","Loop+1","Sunder+1","Cold Snap","Hello World","Steam Power","Genetic Algorithm","Echo Form+1","Core Surge","Melter+1","Heatsinks+1","Steam+1","Coolheaded+1","Steam","Reboot","Mayhem","Defragment+1","Steam+1","Storm+1","Hologram","Self Repair","Capacitor","Core Surge","Ball Lightning+1","Apotheosis+1","Rainbow","Chill","Self Repair","Leap","Leap+1","Capacitor","Conserve Battery","Consume+1"],"relics":["Cracked Core","Darkstone Periapt","Potion Belt","Letter Opener","Astrolabe","Ornamental Fan","Pen Nib","Mummified Hand","Happy Flower","Runic Dome","Ice Cream","Ginger","Girya","Art of War","Pantograph","Lantern"],"potions_floor_usage":[12,14,23,23,27,55,55,55,55,55],"damage_taken":[{"damage":0,"enemies":"Jaw Worm","floor":1,"turns":4},{"damage":0,"enemies":"Cultist","floor":2,"turns":3},{"damage":0,"enemies":"Small Slimes","floor":4,"turns":2},{"damage":16,"enemies":"Gremlin Gang","floor":5,"turns":5},{"damage":14,"enemies":"Gremlin Nob","floor":6,"turns":4},{"damage":14,"enemies":"3 Sentries","floor":8,"turns":8},{"damage":10,"enemies":"Lots of Slimes","floor":11,"turns":3},{"damage":9,"enemies":"2 Fungi Beasts","floor":12,"turns":6},{"damage":0,"enemies":"Exordium Thugs","floor":14,"turns":3},{"damage":0,"enemies":"Slime Boss","floor":16,"turns":6},{"damage":0,"enemies":"Spheric Guardian","floor":18,"turns":2},{"damage":0,"enemies":"Shell Parasite","floor":21,"turns":6},{"damage":58,"enemies":"Slavers","floor":23,"turns":6},{"damage":17,"enemies":"Gremlin Leader","floor":25,"turns":7},{"damage":0,"enemies":"Centurion and Healer","floor":27,"turns":3},{"damage":8,"enemies":"Collector","floor":33,"turns":9},{"damage":0,"enemies":"3 Shapes","floor":35,"turns":4},{"damage":3,"enemies":"3 Darklings","floor":38,"turns":3},{"damage":0,"enemies":"Spire Growth","floor":39,"turns":4},{"damage":26,"enemies":"Nemesis","floor":40,"turns":5},{"damage":0,"enemies":"Reptomancer","floor":42,"turns":4},{"damage":0,"enemies":"Mind Bloom Boss Battle","floor":44,"turns":4},{"damage":0,"enemies":"Nemesis","floor":45,"turns":5},{"damage":0,"enemies":"Transient","floor":47,"turns":5},{"damage":5,"enemies":"Time Eater","floor":50,"turns":9},{"damage":36,"enemies":"Shield and Spear","floor":54,"turns":5},{"damage":48,"enemies":"The Heart","floor":55,"turns":7}],"seed_played":"-7707514802945176300","potions_obtained":[{"floor":2,"key":"EssenceOfSteel"},{"floor":5,"key":"LiquidBronze"},{"floor":8,"key":"SteroidPotion"},{"floor":11,"key":"Regen Potion"},{"floor":12,"key":"Energy Potion"},{"floor":14,"key":"SpeedPotion"},{"floor":16,"key":"Poison Potion"},{"floor":27,"key":"SmokeBomb"},{"floor":33,"key":"SteroidPotion"},{"floor":35,"key":"FearPotion"},{"floor":40,"key":"EssenceOfSteel"},{"floor":42,"key":"SteroidPotion"},{"floor":54,"key":"PowerPotion"}],"is_trial":false,"path_per_floor":["M","M","?","M","M","E","R","E","T","R","M","M","R","M","R","B",null,"M","?","$","M","$","E","R","E","T","M","?","R","$","?","R","B",null,"M","$","?","M","M","E","R","E","T","?","E","R","M","?","R","B",null,"R","$","E","B",null],"character_chosen":"DEFECT","items_purchased":["Mayhem","Defragment","Storm","Happy Flower","Capacitor","Apotheosis","Pantograph","Conserve Battery"],"campfire_rested":2,"item_purchase_floors":[20,20,22,30,30,36,53,53],"current_hp_per_floor":[75,75,75,75,59,45,45,31,31,31,21,27,27,27,27,27,75,75,75,75,75,75,17,39,22,22,29,22,44,44,44,44,43,75,75,75,75,75,75,56,56,63,63,75,75,75,75,75,75,75,75,75,75,59,41],"gold":58,"neow_bonus":"ONE_RANDOM_RARE_CARD","is_prod":false,"is_daily":false,"chose_seed":false,"campfire_upgraded":8,"win_rate":0,"timestamp":1549448705,"path_taken":["M","M","?","M","M","E","R","E","T","R","?","M","R","M","R","BOSS","M","?","$","?","$","E","R","E","T","?","?","R","?","?","R","BOSS","M","$","?","M","?","E","R","E","T","?","E","R","M","?","R","BOSS","R","$","E","BOSS"],"build_version":"2019-01-23","purchased_purges":2,"victory":true,"max_hp_per_floor":[75,75,75,75,75,75,75,75,75,75,75,75,75,75,75,75,75,75,75,75,75,75,75,75,75,75,75,75,75,75,75,75,75,75,75,75,75,75,75,75,75,75,75,75,75,75,75,75,75,75,75,75,75,75,75],"card_choices":[{"not_picked":["Beam Cell","Leap"],"picked":"Cold Snap","floor":1},{"not_picked":["Steam","Turbo"],"picked":"Loop","floor":2},{"not_picked":["Genetic Algorithm","Steam Power"],"picked":"Sunder","floor":4},{"not_picked":["FTL","Steam"],"picked":"Cold Snap","floor":5},{"not_picked":["Fusion","Thunder Strike","Streamline"],"picked":"SKIP","floor":6},{"not_picked":["Cold Snap","Leap"],"picked":"Hello World","floor":8},{"not_picked":["Hologram","Steam"],"picked":"Steam Power","floor":11},{"not_picked":["Force Field","Auto Shields"],"picked":"Genetic Algorithm","floor":12},{"not_picked":["Compile Driver","Ball Lightning"],"picked":"Echo Form","floor":14},{"not_picked":["Buffer","Seek"],"picked":"Core Surge","floor":16},{"not_picked":["Beam Cell+1","Barrage+1"],"picked":"Coolheaded+1","floor":18},{"not_picked":["Rebound","Coolheaded"],"picked":"Steam+1","floor":21},{"not_picked":["Thunder Strike","Gash"],"picked":"Hologram","floor":23},{"not_picked":["Go for the Eyes","Sweeping Beam"],"picked":"Self Repair","floor":25},{"not_picked":["Coolheaded","Compile Driver","Cold Snap"],"picked":"SKIP","floor":27},{"not_picked":["Multi-Cast","Thunder Strike"],"picked":"Core Surge","floor":33},{"not_picked":["Genetic Algorithm","Leap+1"],"picked":"Ball Lightning+1","floor":35},{"not_picked":["Barrage","Streamline+1","Double Energy"],"picked":"SKIP","floor":38},{"not_picked":["Ball Lightning","Compile Driver"],"picked":"Chill","floor":39},{"not_picked":["FTL+1","Chill"],"picked":"Self Repair","floor":40},{"not_picked":["Barrage","Recycle+1","Buffer"],"picked":"SKIP","floor":42},{"not_picked":["Blizzard+1","Barrage+1"],"picked":"Leap","floor":44},{"not_picked":["Redo","Gash+1"],"picked":"Leap+1","floor":45},{"not_picked":["Force Field","Steam+1"],"picked":"Capacitor","floor":47},{"not_picked":["Steam+1","Self Repair"],"picked":"Consume+1","floor":54}],"player_experience":4383869,"relics_obtained":[{"floor":6,"key":"Darkstone Periapt"},{"floor":8,"key":"Potion Belt"},{"floor":9,"key":"Letter Opener"},{"floor":23,"key":"Ornamental Fan"},{"floor":25,"key":"Pen Nib"},{"floor":26,"key":"Mummified Hand"},{"floor":40,"key":"Ice Cream"},{"floor":42,"key":"Ginger"},{"floor":44,"key":"Girya"},{"floor":45,"key":"Art of War"},{"floor":54,"key":"Lantern"}],"event_choices":[{"damage_healed":0,"gold_gain":100,"player_choice":"Gold","damage_taken":0,"max_hp_gain":0,"max_hp_loss":0,"event_name":"Wheel of Change","floor":3,"gold_loss":0},{"damage_healed":0,"gold_gain":0,"player_choice":"2 cards matched","damage_taken":0,"max_hp_gain":0,"max_hp_loss":0,"event_name":"Match and Keep!","floor":19,"gold_loss":0,"cards_obtained":["Steam","Reboot"]},{"damage_healed":0,"gold_gain":75,"player_choice":"Touch","damage_taken":7,"max_hp_gain":0,"max_hp_loss":0,"event_name":"FaceTrader","floor":28,"gold_loss":0},{"damage_healed":0,"gold_gain":99,"player_choice":"Stole From Cult","damage_taken":0,"max_hp_gain":0,"max_hp_loss":0,"event_name":"Nest","floor":31,"gold_loss":0},{"damage_healed":0,"gold_gain":0,"player_choice":"1 cards matched","damage_taken":0,"max_hp_gain":0,"max_hp_loss":0,"event_name":"Match and Keep!","floor":37,"gold_loss":0,"cards_obtained":["Rainbow"]},{"damage_healed":0,"gold_gain":0,"player_choice":"Fight","damage_taken":0,"max_hp_gain":0,"max_hp_loss":0,"event_name":"MindBloom","floor":44,"gold_loss":0},{"cards_removed":["Defend_B"],"damage_healed":0,"gold_gain":0,"player_choice":"Removed Skill","damage_taken":0,"max_hp_gain":0,"max_hp_loss":0,"event_name":"Falling","floor":48,"gold_loss":0}],"is_beta":true,"boss_relics":[{"not_picked":["Pandora\u0027s Box","FrozenCore"],"picked":"Astrolabe"},{"not_picked":["Eternal Feather","Philosopher\u0027s Stone"],"picked":"Runic Dome"}],"items_purged_floors":[20,22],"is_endless":false,"potions_floor_spawned":[2,5,8,11,12,14,16,18,21,27,33,35,40,42,47,54],"ascension_level":1}