{"gold_per_floor":[141,153,153,17,30,64,75,75,149,178,189,189,189,220,220,319,319,339,339,351,363,373,373,405,405,405,434,434,434,434,68,68,171,171,186,204,216,270,270,270],"floor_reached":40,"playtime":5085,"items_purged":["Bash"],"score":491,"play_id":"61fb37c9-0b8a-42a0-a0f5-6f273d102282","local_time":"20190204224515","is_ascension_mode":true,"campfire_choices":[{"data":"Immolate","floor":8,"key":"SMITH"},{"floor":13,"key":"RECALL"},{"data":"Combust","floor":15,"key":"SMITH"},{"data":"Evolve","floor":23,"key":"SMITH"},{"data":"Iron Wave","floor":25,"key":"SMITH"},{"data":"Warcry","floor":28,"key":"SMITH"},{"data":"Rupture","floor":32,"key":"SMITH"}],"neow_cost":"NONE","seed_source_timestamp":687761946439160,"circlet_count":0,"master_deck":["Defend_R","Defend_R","Defend_R","Defend_R","Combust+1","Iron Wave+1","Immolate+1","Warcry+1","Perfected Strike","Evolve+1","Warcry+1","Shrug It Off+1","True Grit+1","Double Tap+1","Burning Pact+1","Battle Trance+1","Flex+1","Flame Barrier+1","Double Tap+1","Warcry+1","Bite","Bite","Bite","Bite","Bite","Rupture+1","Apotheosis+1","Fiend Fire","Combust+1","Parasite","Rupture","Thunderclap+1","Bandage Up+1"],"relics":["Burning Blood","Tiny Chest","Whetstone","Shuriken","Toxic Egg 2","Bronze Scales","Ginger","Eternal Feather","Happy Flower","Orichalcum","Dodecahedron","MutagenicStrength","Membership Card","Black Star","FossilizedHelix"],"potions_floor_usage":[14,16,24,24,33,38,40],"damage_taken":[{"damage":1,"enemies":"Cultist","floor":1,"turns":3},{"damage":17,"enemies":"Jaw Worm","floor":2,"turns":4},{"damage":2,"enemies":"2 Louse","floor":5,"turns":2},{"damage":32,"enemies":"Gremlin Nob","floor":6,"turns":4},{"damage":2,"enemies":"2 Fungi Beasts","floor":7,"turns":2},{"damage":11,"enemies":"3 Sentries","floor":10,"turns":3},{"damage":1,"enemies":"Exordium Wildlife","floor":11,"turns":2},{"damage":11,"enemies":"Lagavulin","floor":14,"turns":5},{"damage":37,"enemies":"Hexaghost","floor":16,"turns":8},{"damage":20,"enemies":"2 Thieves","floor":18,"turns":3},{"damage":11,"enemies":"Chosen","floor":20,"turns":5},{"damage":14,"enemies":"Snake Plant","floor":21,"turns":4},{"damage":26,"enemies":"Cultist and Chosen","floor":22,"turns":5},{"damage":15,"enemies":"Gremlin Leader","floor":24,"turns":5},{"damage":41,"enemies":"Book of Stabbing","floor":27,"turns":5},{"damage":54,"enemies":"Automaton","floor":33,"turns":8},{"damage":23,"enemies":"Orb Walker","floor":35,"turns":4},{"damage":40,"enemies":"3 Shapes","floor":36,"turns":4},{"damage":33,"enemies":"Writhing Mass","floor":37,"turns":6},{"damage":23,"enemies":"2 Orb Walkers","floor":38,"turns":3},{"damage":85,"enemies":"Nemesis","floor":40,"turns":7}],"seed_played":"7529386172734709123","potions_obtained":[{"floor":1,"key":"Block Potion"},{"floor":2,"key":"FairyPotion"},{"floor":6,"key":"GamblersBrew"},{"floor":14,"key":"LiquidBronze"},{"floor":16,"key":"SpeedPotion"},{"floor":18,"key":"EssenceOfSteel"},{"floor":24,"key":"Dexterity Potion"},{"floor":37,"key":"SteroidPotion"},{"floor":38,"key":"Block Potion"}],"is_trial":false,"path_per_floor":["M","M","T","$","M","E","M","R","T","E","M","T","R","E","R","B",null,"M","?","M","M","M","R","E","R","T","E","R","?","?","$","R","B",null,"M","M","M","?","?","E"],"character_chosen":"IRONCLAD","items_purchased":["Immolate","Membership Card","Rupture","Apotheosis+1"],"campfire_rested":0,"item_purchase_floors":[4,31,31,31],"current_hp_per_floor":[80,69,69,69,73,47,51,51,51,46,51,51,51,46,46,15,80,66,80,75,67,47,59,50,65,65,30,45,45,45,45,56,45,56,49,27,27,16,16,0],"gold":270,"neow_bonus":"RANDOM_COMMON_RELIC","is_prod":false,"is_daily":false,"chose_seed":false,"campfire_upgraded":6,"win_rate":0,"timestamp":1549349115,"path_taken":["M","?","?","$","M","E","M","R","T","E","M","?","R","E","R","BOSS","M","?","M","M","?","R","E","R","T","E","R","?","?","$","R","BOSS","M","M","M","?","?","E"],"build_version":"2019-01-23","purchased_purges":1,"victory":false,"max_hp_per_floor":[80,80,80,80,80,80,80,80,80,80,80,80,80,80,80,80,80,80,80,80,80,80,80,80,80,80,80,80,56,56,56,56,56,56,56,56,56,56,56,56],"card_choices":[{"not_picked":["Feel No Pain","Bloodletting"],"picked":"Combust","floor":1},{"not_picked":["Sword Boomerang","Flex"],"picked":"Iron Wave","floor":2},{"not_picked":["Carnage","Searing Blow"],"picked":"Warcry","floor":5},{"not_picked":["Anger","Feel No Pain"],"picked":"Perfected Strike","floor":6},{"not_picked":["Sword Boomerang","Metallicize"],"picked":"Evolve","floor":7},{"not_picked":["Pummel","Twin Strike"],"picked":"Warcry+1","floor":10},{"not_picked":["Body Slam","Dark Embrace"],"picked":"Shrug It Off+1","floor":11},{"not_picked":["Twin Strike","Clothesline"],"picked":"True Grit+1","floor":14},{"not_picked":["Bludgeon","Impervious+1"],"picked":"Double Tap+1","floor":16},{"not_picked":["Twin Strike","Clash+1"],"picked":"Burning Pact+1","floor":18},{"not_picked":["Clothesline","Fire Breathing"],"picked":"Battle Trance+1","floor":20},{"not_picked":["Clash","Rampage"],"picked":"Flex+1","floor":21},{"not_picked":["Intimidate+1","Heavy Blade+1"],"picked":"Flame Barrier+1","floor":22},{"not_picked":["Feel No Pain","Body Slam"],"picked":"Double Tap+1","floor":24},{"not_picked":["Whirlwind","Uppercut"],"picked":"Warcry+1","floor":27},{"not_picked":["Feed","Double Tap+1"],"picked":"Fiend Fire","floor":33},{"not_picked":["Uppercut+1","Anger","Sword Boomerang+1"],"picked":"SKIP","floor":35},{"not_picked":["Whirlwind","True Grit+1"],"picked":"Combust+1","floor":36},{"not_picked":["Thunderclap+1","Armaments+1"],"picked":"Rupture","floor":37},{"not_picked":["Shockwave+1","Armaments+1"],"picked":"Thunderclap+1","floor":38},{"not_picked":["Blind+1","Magnetism"],"picked":"Bandage Up+1","floor":39}],"player_experience":70589,"relics_obtained":[{"floor":3,"key":"Whetstone"},{"floor":6,"key":"Shuriken"},{"floor":9,"key":"Toxic Egg 2"},{"floor":10,"key":"Bronze Scales"},{"floor":14,"key":"Ginger"},{"floor":24,"key":"Happy Flower"},{"floor":26,"key":"Orichalcum"},{"floor":27,"key":"Dodecahedron"},{"floor":38,"key":"FossilizedHelix"}],"event_choices":[{"damage_healed":14,"gold_gain":0,"player_choice":"Full Heal","damage_taken":0,"max_hp_gain":0,"max_hp_loss":0,"event_name":"Wheel of Change","floor":19,"gold_loss":0},{"damage_healed":0,"gold_gain":0,"player_choice":"Became a vampire","damage_taken":0,"max_hp_gain":0,"max_hp_loss":24,"event_name":"Vampires","floor":29,"gold_loss":0,"cards_obtained":["Bite","Bite","Bite","Bite","Bite"]},{"damage_healed":0,"gold_gain":0,"player_choice":"Inject Mutagens","damage_taken":0,"relics_obtained":["MutagenicStrength"],"max_hp_gain":0,"max_hp_loss":0,"event_name":"Drug Dealer","floor":30,"gold_loss":0},{"damage_healed":0,"gold_gain":0,"player_choice":"Fight","damage_taken":0,"max_hp_gain":0,"max_hp_loss":0,"event_name":"Mysterious Sphere","floor":38,"gold_loss":0},{"damage_healed":0,"gold_gain":0,"player_choice":"Memory 1","damage_taken":0,"max_hp_gain":0,"max_hp_loss":0,"event_name":"SensoryStone","floor":39,"gold_loss":0}],"is_beta":false,"boss_relics":[{"not_picked":["Cursed Key","Ectoplasm"],"picked":"Eternal Feather"},{"not_picked":["Coffee Dripper","Empty Cage"],"picked":"Black Star"}],"items_purged_floors":[31],"is_endless":false,"potions_floor_spawned":[1,2,6,14,16,18,20,24,37,38],"killed_by":"Nemesis","ascension_level":1}