{"gold_per_floor":[112,72,72,3,15,15,41,41,68,343,360,360,377,387,387,492,492,508,508,60,60,60,60,86,106,129,155,155,226,226],"floor_reached":30,"playtime":1323,"items_purged":[],"score":347,"play_id":"fef2498a-9540-4ed6-8af7-06cc86a68c94","local_time":"20190217224414","is_ascension_mode":true,"campfire_choices":[{"data":"Bash","floor":6,"key":"SMITH"},{"data":"Flame Barrier","floor":12,"key":"SMITH"},{"data":"Combust","floor":15,"key":"SMITH"},{"data":"Heavy Blade","floor":28,"key":"SMITH"}],"neow_cost":"NONE","seed_source_timestamp":167610955771405,"circlet_count":0,"master_deck":["Strike_R+1","Strike_R+1","Strike_R+1","Strike_R+1","Strike_R+1","Defend_R+1","Defend_R+1","Defend_R+1","Bash+1","Warcry","Evolve","Berserk","Combust+1","Flame Barrier+1","Iron Wave+1","Regret","Heavy Blade+1","Cleave","Immolate","Searing Blow","Shame","J.A.X.","Battle Trance","Spot Weakness","Reckless Charge+1"],"relics":["Burning Blood","NeowsBlessing","Kunai","Blood Vial","Whetstone","Coffee Dripper","Nilry\u0027s Codex","Molten Egg 2","Lee\u0027s Waffle","Strawberry","Potion Belt","Omamori","Du-Vu Doll","Self Forming Clay"],"potions_floor_usage":[16,24,27,30],"damage_taken":[{"damage":0,"enemies":"2 Louse","floor":1,"turns":1},{"damage":0,"enemies":"Jaw Worm","floor":5,"turns":1},{"damage":0,"enemies":"Gremlin Nob","floor":7,"turns":1},{"damage":7,"enemies":"Cultist","floor":11,"turns":4},{"damage":12,"enemies":"2 Fungi Beasts","floor":13,"turns":2},{"damage":26,"enemies":"Large Slime","floor":14,"turns":4},{"damage":34,"enemies":"Slime Boss","floor":16,"turns":7},{"damage":23,"enemies":"Shell Parasite","floor":18,"turns":5},{"damage":23,"enemies":"Gremlin Leader","floor":24,"turns":6},{"damage":29,"enemies":"2 Thieves","floor":25,"turns":3},{"damage":57,"enemies":"Book of Stabbing","floor":27,"turns":3},{"damage":13,"enemies":"Slavers","floor":30,"turns":2}],"seed_played":"4905782479647296608","potions_obtained":[{"floor":11,"key":"AttackPotion"},{"floor":13,"key":"EssenceOfSteel"},{"floor":16,"key":"LiquidBronze"},{"floor":24,"key":"Energy Potion"},{"floor":25,"key":"AttackPotion"}],"is_trial":false,"path_per_floor":["M","$","?","$","M","R","E","?","T","?","M","R","M","M","R","B",null,"M","?","$","?","?","?","E","M","T","E","R","T","E"],"character_chosen":"IRONCLAD","items_purchased":["Evolve","Combust","Molten Egg 2","Lee\u0027s Waffle"],"campfire_rested":0,"item_purchase_floors":[2,4,20,20],"current_hp_per_floor":[80,80,80,80,80,80,80,55,55,55,56,56,52,34,34,8,80,63,47,87,94,94,94,77,56,56,7,7,7,0],"gold":226,"neow_bonus":"THREE_ENEMY_KILL","is_prod":false,"is_daily":false,"chose_seed":false,"campfire_upgraded":4,"win_rate":0,"timestamp":1550472254,"path_taken":["M","$","?","$","M","R","E","?","T","?","M","R","?","M","R","BOSS","M","?","$","?","?","?","E","M","T","E","R","?","E"],"build_version":"2019-01-23","purchased_purges":0,"victory":false,"max_hp_per_floor":[80,80,80,80,80,80,80,80,80,80,80,80,80,80,80,80,80,80,80,87,94,94,94,94,94,94,94,94,94,94],"card_choices":[{"not_picked":["Clash","Body Slam"],"picked":"Warcry","floor":1},{"not_picked":["Disarm","Bloodletting"],"picked":"Flame Barrier","floor":5},{"not_picked":["Disarm","Twin Strike"],"picked":"Iron Wave","floor":7},{"not_picked":["Anger","Pommel Strike"],"picked":"Heavy Blade","floor":11},{"not_picked":["Disarm","True Grit","Perfected Strike"],"picked":"SKIP","floor":13},{"not_picked":["Rupture","True Grit"],"picked":"Cleave","floor":14},{"not_picked":["Exhume","Impervious"],"picked":"Immolate","floor":16},{"not_picked":["Thunderclap","Flame Barrier"],"picked":"Searing Blow","floor":18},{"not_picked":["Evolve","Metallicize"],"picked":"Battle Trance","floor":24},{"not_picked":["Whirlwind+1","Flex+1"],"picked":"Spot Weakness","floor":25},{"not_picked":["Havoc","True Grit"],"picked":"Reckless Charge+1","floor":27}],"player_experience":171439,"relics_obtained":[{"floor":7,"key":"Kunai"},{"floor":9,"key":"Whetstone"},{"floor":19,"key":"Nilry\u0027s Codex"},{"floor":24,"key":"Potion Belt"},{"floor":26,"key":"Omamori"},{"floor":27,"key":"Du-Vu Doll"},{"floor":29,"key":"Self Forming Clay"}],"event_choices":[{"damage_healed":0,"gold_gain":0,"cards_transformed":["Defend_R"],"player_choice":"Change","damage_taken":0,"max_hp_gain":0,"max_hp_loss":0,"event_name":"Living Wall","floor":3,"gold_loss":0,"cards_obtained":["Berserk"]},{"damage_healed":0,"gold_gain":0,"player_choice":"Success","damage_taken":25,"relics_obtained":["Blood Vial"],"max_hp_gain":0,"max_hp_loss":0,"event_name":"Scrap Ooze","floor":8,"gold_loss":0},{"damage_healed":0,"gold_gain":275,"player_choice":"Desecrate","damage_taken":0,"max_hp_gain":0,"max_hp_loss":0,"event_name":"Golden Shrine","floor":10,"gold_loss":0,"cards_obtained":["Regret"]},{"damage_healed":0,"gold_gain":0,"player_choice":"Obtained Book","damage_taken":16,"max_hp_gain":0,"max_hp_loss":0,"event_name":"Cursed Tome","floor":19,"gold_loss":0},{"damage_healed":0,"gold_gain":0,"player_choice":"Stole Relic","damage_taken":0,"relics_obtained":["Strawberry"],"max_hp_gain":0,"max_hp_loss":0,"event_name":"Addict","floor":21,"gold_loss":0,"cards_obtained":["Shame"]},{"damage_healed":0,"gold_gain":0,"player_choice":"Simplicity","damage_taken":0,"max_hp_gain":0,"max_hp_loss":0,"event_name":"Back to Basics","floor":22,"gold_loss":0,"cards_upgraded":["Strike_R","Strike_R","Strike_R","Strike_R","Defend_R","Defend_R","Defend_R"]},{"damage_healed":0,"gold_gain":0,"player_choice":"Obtain J.A.X.","damage_taken":0,"max_hp_gain":0,"max_hp_loss":0,"event_name":"Drug Dealer","floor":23,"gold_loss":0,"cards_obtained":["J.A.X."]}],"is_beta":false,"boss_relics":[{"not_picked":["Lizard Tail","Cursed Key"],"picked":"Coffee Dripper"}],"items_purged_floors":[],"is_endless":false,"potions_floor_spawned":[11,13,16,24,25],"killed_by":"Slavers","ascension_level":4}