{"gold_per_floor":[145,145,157,170,186,218,228,228,228,262,262,262,278,308,308,382,382,398,410,28,28,44,44,71,71,71,101,101,101],"floor_reached":29,"playtime":1355,"items_purged":["Strike_B"],"score":506,"play_id":"2236b77f-ff03-418a-a20f-1f721b28b3b0","local_time":"20190122224242","is_ascension_mode":true,"campfire_choices":[{"floor":8.0,"key":"REST"},{"floor":11.0,"key":"REST"},{"data":"Darkness","floor":15.0,"key":"SMITH"},{"floor":23.0,"key":"REST"},{"floor":28.0,"key":"REST"}],"neow_cost":"NONE","seed_source_timestamp":0,"circlet_count":0,"master_deck":["AscendersBane","Strike_B","Strike_B","Strike_B","Defend_B","Defend_B","Defend_B","Defend_B","Zap","Dualcast","Glacier","Glacier","Darkness+1","Leap","Sweeping Beam+1","Compile Driver+1","Darkness+1","Echo Form","Streamline+1","Cold Snap+1","Beam Cell+1","Barrage+1","Redo+1"],"special_seed":0,"relics":["Cracked Core","Tiny Chest","Molten Egg 2","Darkstone Periapt","Odd Mushroom","Velvet Choker","Pantograph","Nloth\u0027s Gift","Toxic Egg 2","Blood Vial","Bronze Scales","Red Mask"],"potions_floor_usage":[],"damage_taken":[{"damage":8.0,"enemies":"2 Louse","floor":1.0,"turns":3.0},{"damage":0.0,"enemies":"Cultist","floor":3.0,"turns":4.0},{"damage":2.0,"enemies":"Small Slimes","floor":4.0,"turns":4.0},{"damage":6.0,"enemies":"Gremlin Gang","floor":5.0,"turns":6.0},{"damage":27.0,"enemies":"3 Sentries","floor":6.0,"turns":15.0},{"damage":18.0,"enemies":"Exordium Thugs","floor":7.0,"turns":8.0},{"damage":13.0,"enemies":"Lagavulin","floor":10.0,"turns":12.0},{"damage":0.0,"enemies":"2 Fungi Beasts","floor":13.0,"turns":4.0},{"damage":5.0,"enemies":"The Mushroom Lair","floor":14.0,"turns":4.0},{"damage":6.0,"enemies":"Hexaghost","floor":16.0,"turns":9.0},{"damage":10.0,"enemies":"Spheric Guardian","floor":18.0,"turns":4.0},{"damage":17.0,"enemies":"Shell Parasite","floor":19.0,"turns":7.0},{"damage":24.0,"enemies":"Centurion and Healer","floor":22.0,"turns":8.0},{"damage":22.0,"enemies":"Book of Stabbing","floor":24.0,"turns":4.0},{"damage":0.0,"enemies":"Masked Bandits","floor":27.0,"turns":3.0},{"damage":34,"enemies":"Gremlin Leader","floor":29,"turns":7}],"seed_played":"4065631985564560409","potions_obtained":[{"floor":1.0,"key":"Fire Potion"},{"floor":2.0,"key":"Strength Potion"},{"floor":6.0,"key":"Fire Potion"},{"floor":16.0,"key":"AttackPotion"},{"floor":19.0,"key":"GamblersBrew"},{"floor":24.0,"key":"SteroidPotion"}],"is_trial":false,"path_per_floor":["?","M","?","?","?","M","T","?"],"character_chosen":"DEFECT","items_purchased":["Cold Snap+1","Pantograph"],"campfire_rested":4,"item_purchase_floors":[20,20],"current_hp_per_floor":[56,56,56,54,48,21,3,24,24,11,32,32,32,27,27,21,59,49,32,32,32,8,29,7,7,7,9,30,0],"gold":101,"neow_bonus":"RANDOM_COMMON_RELIC","is_prod":false,"is_daily":false,"chose_seed":false,"campfire_upgraded":1,"win_rate":0,"timestamp":1548214962,"path_taken":["M","?","M","?","M","E","M","R","T","E","R","?","M","?","R","BOSS","M","M","$","?","?","R","E","?","T","?","R","E"],"build_version":"2019-01-22","purchased_purges":1,"victory":false,"max_hp_per_floor":[71,71,71,71,71,71,71,71,71,71,71,71,71,71,71,71,71,71,71,71,71,71,71,71,71,71,71,71,71],"card_choices":[{"not_picked":["Chill","Consume"],"picked":"Glacier","floor":1.0},{"not_picked":["Static Discharge","Redo"],"picked":"Glacier","floor":3.0},{"not_picked":["Double Energy","Turbo","Tempest"],"picked":"SKIP","floor":4.0},{"not_picked":["Force Field","Glacier"],"picked":"Darkness","floor":5.0},{"not_picked":["Skim","Lockon"],"picked":"Leap","floor":6.0},{"not_picked":["Blizzard","Stack","Double Energy"],"picked":"SKIP","floor":7.0},{"not_picked":["Recycle","Compile Driver+1"],"picked":"Sweeping Beam+1","floor":10.0},{"not_picked":["Genetic Algorithm","Self Repair"],"picked":"Compile Driver+1","floor":13.0},{"not_picked":["Melter+1","Hologram"],"picked":"Darkness","floor":14.0},{"not_picked":["Thunder Strike+1","Reboot"],"picked":"Echo Form","floor":16.0},{"not_picked":["Lockon+1","Rebound+1"],"picked":"Streamline+1","floor":18.0},{"not_picked":["Steam","Scrape+1","Storm"],"picked":"SKIP","floor":19.0},{"not_picked":["Coolheaded","Rip and Tear+1"],"picked":"Beam Cell+1","floor":22.0},{"not_picked":["All For One+1","Gash+1"],"picked":"Barrage+1","floor":24.0},{"not_picked":["Cold Snap+1","Coolheaded+1"],"picked":"Redo+1","floor":27.0}],"player_experience":800824,"relics_obtained":[{"floor":6.0,"key":"Ancient Tea Set"},{"floor":9.0,"key":"Molten Egg 2"},{"floor":10.0,"key":"Darkstone Periapt"},{"floor":14.0,"key":"Odd Mushroom"},{"floor":24.0,"key":"Toxic Egg 2"},{"floor":25.0,"key":"Blood Vial"},{"floor":26.0,"key":"Bronze Scales"},{"floor":27.0,"key":"Red Mask"}],"event_choices":[{"damage_healed":0.0,"max_hp_gain":0.0,"max_hp_loss":0.0,"gold_gain":0.0,"event_name":"Lab","player_choice":"Got Potions","floor":2.0,"gold_loss":0.0,"damage_taken":0.0},{"damage_healed":0.0,"max_hp_gain":0.0,"max_hp_loss":0.0,"gold_gain":0.0,"event_name":"Living Wall","player_choice":"Grow","floor":12.0,"gold_loss":0.0,"damage_taken":0.0,"cards_upgraded":["Darkness"]},{"damage_healed":0.0,"max_hp_gain":0.0,"max_hp_loss":0.0,"gold_gain":0.0,"event_name":"Mushrooms","player_choice":"Fought Mushrooms","floor":14.0,"gold_loss":0.0,"damage_taken":0.0},{"damage_healed":0.0,"max_hp_gain":0.0,"max_hp_loss":0.0,"gold_gain":0.0,"event_name":"N\u0027loth","player_choice":"Traded Relic","floor":21.0,"relics_lost":["Ancient Tea Set"],"gold_loss":0.0,"damage_taken":0.0,"relics_obtained":["Nloth\u0027s Gift"]},{"damage_healed":0.0,"max_hp_gain":0.0,"max_hp_loss":0.0,"gold_gain":0.0,"event_name":"Masked Bandits","player_choice":"Fought Bandits","floor":27.0,"gold_loss":0.0,"damage_taken":0.0}],"is_beta":true,"boss_relics":[{"not_picked":["Eternal Feather","Empty Cage"],"picked":"Velvet Choker"}],"items_purged_floors":[20],"is_endless":false,"potions_floor_spawned":[1,3,4,6,16,19,24],"killed_by":"Gremlin Leader","ascension_level":20}