{"gold_per_floor":[116,116,61,61,76,104,104,117,117,145,145,171,201,220,220,297,297,316,328,328,339,358,392,392,407,407,422,451,451,158,185,185,261,261,280,280,280,292,303,303,333,333,333,353,365,381,17,36,36,36],"floor_reached":50,"playtime":2397,"items_purged":["Strike_R"],"score":1158,"play_id":"fa61ca86-4807-4faf-a95d-1b67f49517e4","local_time":"20190129094238","is_ascension_mode":true,"campfire_choices":[{"data":"Bash","floor":7.0,"key":"SMITH"},{"floor":11.0,"key":"REST"},{"floor":15.0,"key":"REST"},{"floor":24.0,"key":"REST"},{"floor":32.0,"key":"REST"},{"data":"Shockwave","floor":40,"key":"SMITH"},{"floor":42,"key":"RECALL"},{"floor":49,"key":"REST"}],"neow_cost":"TEN_PERCENT_HP_LOSS","seed_source_timestamp":1641380716071472,"circlet_count":0,"master_deck":["AscendersBane","Strike_R","Strike_R","Defend_R+1","Defend_R+1","Defend_R","Bash+1","Offering","Pommel Strike","Warcry","Cleave","Feed","Immolate","Dropkick","Armaments+1","Shockwave+1","Immolate","Body Slam+1","Havoc+1","Twin Strike+1","Shrug It Off","Anger","Dropkick+1","Offering","Master of Strategy","True Grit+1","Corruption"],"special_seed":0,"relics":["Burning Blood","FaceOfCleric","Singing Bowl","Vajra","Ornamental Fan","Happy Flower","Bag of Marbles","Astrolabe","Potion Belt","Anchor","Blood Vial","MutagenicStrength","Strawberry","Dream Catcher","Philosopher\u0027s Stone","War Paint","Self Forming Clay"],"potions_floor_usage":[38,41,50],"damage_taken":[{"damage":6.0,"enemies":"Small Slimes","floor":1.0,"turns":3.0},{"damage":6.0,"enemies":"Cultist","floor":5.0,"turns":2.0},{"damage":45.0,"enemies":"Lagavulin","floor":6.0,"turns":7.0},{"damage":5.0,"enemies":"2 Louse","floor":8.0,"turns":5.0},{"damage":21.0,"enemies":"3 Sentries","floor":10.0,"turns":5.0},{"damage":39.0,"enemies":"Lagavulin","floor":13.0,"turns":5.0},{"damage":7.0,"enemies":"Looter","floor":14.0,"turns":3.0},{"damage":48.0,"enemies":"Hexaghost","floor":16.0,"turns":9.0},{"damage":30.0,"enemies":"Shell Parasite","floor":18.0,"turns":6.0},{"damage":17.0,"enemies":"Spheric Guardian","floor":19.0,"turns":3.0},{"damage":6.0,"enemies":"3 Cultists","floor":21.0,"turns":3.0},{"damage":6.0,"enemies":"Sentry and Sphere","floor":22.0,"turns":1.0},{"damage":33.0,"enemies":"Book of Stabbing","floor":23.0,"turns":4.0},{"damage":12.0,"enemies":"Snake Plant","floor":25.0,"turns":3.0},{"damage":6.0,"enemies":"Centurion and Healer","floor":27.0,"turns":2.0},{"damage":16.0,"enemies":"Slavers","floor":28.0,"turns":4.0},{"damage":13.0,"enemies":"Gremlin Leader","floor":31.0,"turns":5.0},{"damage":90.0,"enemies":"Collector","floor":33.0,"turns":9.0},{"damage":6.0,"enemies":"3 Shapes","floor":35.0,"turns":1.0},{"damage":0,"enemies":"Orb Walker","floor":38,"turns":2},{"damage":6,"enemies":"Writhing Mass","floor":39,"turns":1},{"damage":16,"enemies":"Reptomancer","floor":41,"turns":4},{"damage":0,"enemies":"Jaw Worm Horde","floor":44,"turns":1},{"damage":12,"enemies":"Transient","floor":45,"turns":6},{"damage":12,"enemies":"Spire Growth","floor":46,"turns":2},{"damage":20,"enemies":"Maw","floor":48,"turns":6},{"damage":184,"enemies":"Awakened One","floor":50,"turns":13}],"seed_played":"-9081040848009080260","potions_obtained":[{"floor":1.0,"key":"Dexterity Potion"},{"floor":10.0,"key":"FairyPotion"},{"floor":14.0,"key":"EssenceOfSteel"},{"floor":16.0,"key":"BloodPotion"},{"floor":18.0,"key":"LiquidBronze"},{"floor":22.0,"key":"Explosive Potion"},{"floor":25.0,"key":"Regen Potion"},{"floor":28.0,"key":"SteroidPotion"},{"floor":33.0,"key":"SkillPotion"},{"floor":35.0,"key":"Poison Potion"},{"floor":39,"key":"Strength Potion"}],"is_trial":false,"path_per_floor":["M","?","$","?","M","E","R","M","T","E","R","T","E","M","R","B",null,"M","M","?","M","M","E","R","M","T","M","E","?","$","E","R","B",null,"M","?","?","M","M","R","E","R","T","M","M","M","$","M","R","B"],"character_chosen":"IRONCLAD","items_purchased":["Warcry","Strawberry","Block Potion","Self Forming Clay","LiquidBronze"],"campfire_rested":5,"item_purchase_floors":[3,30,30,47,47],"current_hp_per_floor":[68,68,68,68,69,31,31,36,36,25,48,48,19,19,43,10,66,47,39,39,45,48,24,55,54,54,58,66,66,73,71,111,30,107,112,112,106,121,129,129,125,125,125,136,133,132,132,123,161,0],"gold":36,"neow_bonus":"THREE_RARE_CARDS","is_prod":false,"is_daily":false,"chose_seed":false,"campfire_upgraded":2,"win_rate":0,"timestamp":1548772958,"path_taken":["M","?","?","?","M","E","R","M","T","E","R","?","E","?","R","BOSS","M","M","?","M","M","E","R","?","T","M","E","?","$","E","R","BOSS","M","?","?","M","M","R","E","R","T","M","M","M","$","M","R","BOSS"],"build_version":"2019-01-23","purchased_purges":1,"victory":false,"max_hp_per_floor":[68,68,68,68,69,70,70,74,74,78,78,78,82,83,83,84,84,89,92,92,98,101,104,104,109,109,113,119,119,126,129,131,132,132,135,128,132,139,145,145,149,149,149,152,153,156,156,159,161,161],"card_choices":[{"not_picked":["Barricade","Juggernaut"],"picked":"Offering","floor":0.0},{"not_picked":["Infernal Blade","Perfected Strike"],"picked":"Pommel Strike","floor":1.0},{"not_picked":["Corruption","Warcry"],"picked":"Cleave","floor":5.0},{"not_picked":["Anger","Entrench"],"picked":"Feed","floor":6.0},{"not_picked":["Pommel Strike","Flex"],"picked":"Immolate","floor":8.0},{"not_picked":["Power Through","Blood for Blood"],"picked":"Dropkick","floor":10.0},{"not_picked":["True Grit","Thunderclap"],"picked":"Armaments","floor":13.0},{"not_picked":["Flex","Sever Soul"],"picked":"Shockwave","floor":14.0},{"not_picked":["Double Tap","Exhume"],"picked":"Immolate","floor":16.0},{"not_picked":["Heavy Blade","Sword Boomerang"],"picked":"Shrug It Off","floor":18.0},{"not_picked":["Heavy Blade","Flex","Headbutt"],"picked":"Singing Bowl","floor":19.0},{"not_picked":["Reckless Charge","Perfected Strike","Brutality"],"picked":"Singing Bowl","floor":21.0},{"not_picked":["Armaments","Metallicize","Clothesline"],"picked":"Singing Bowl","floor":22.0},{"not_picked":["Heavy Blade+1","Burning Pact+1","Thunderclap"],"picked":"Singing Bowl","floor":23.0},{"not_picked":["Perfected Strike+1","Bloodletting"],"picked":"Anger","floor":25.0},{"not_picked":["Sentinel","Fire Breathing"],"picked":"Dropkick+1","floor":27.0},{"not_picked":["Perfected Strike","Flex","Twin Strike+1"],"picked":"Singing Bowl","floor":28.0},{"not_picked":["Feel No Pain","Sever Soul","Wild Strike"],"picked":"Singing Bowl","floor":31.0},{"not_picked":["Metallicize","Wild Strike","Heavy Blade"],"picked":"Singing Bowl","floor":32.0},{"not_picked":["Juggernaut","Berserk"],"picked":"Offering","floor":33.0},{"not_picked":["Whirlwind","Searing Blow","Spot Weakness"],"picked":"Singing Bowl","floor":35.0},{"not_picked":["Madness","Deep Breath"],"picked":"Master of Strategy","floor":37.0},{"not_picked":["The Bomb","Good Instincts","Jack Of All Trades"],"picked":"Singing Bowl","floor":37.0},{"not_picked":["Sadistic Nature","Deep Breath","Mind Blast"],"picked":"Singing Bowl","floor":37.0},{"not_picked":["Twin Strike+1","True Grit","Thunderclap"],"picked":"Singing Bowl","floor":38},{"not_picked":["Intimidate","Pummel","Second Wind"],"picked":"Singing Bowl","floor":39},{"not_picked":["Perfected Strike","Metallicize"],"picked":"True Grit+1","floor":41},{"not_picked":["Sever Soul","Clash","Whirlwind"],"picked":"Singing Bowl","floor":44},{"not_picked":["Rage","Twin Strike"],"picked":"Corruption","floor":45},{"not_picked":["Rampage","Twin Strike","Wild Strike"],"picked":"Singing Bowl","floor":46},{"not_picked":["Anger","Carnage+1","Iron Wave"],"picked":"Singing Bowl","floor":48},{"not_picked":["Perfected Strike","Twin Strike","Havoc"],"picked":"Singing Bowl","floor":49}],"player_experience":834678,"relics_obtained":[{"floor":6.0,"key":"Singing Bowl"},{"floor":9.0,"key":"Vajra"},{"floor":10.0,"key":"Ornamental Fan"},{"floor":12.0,"key":"Happy Flower"},{"floor":13.0,"key":"Bag of Marbles"},{"floor":23.0,"key":"Potion Belt"},{"floor":26.0,"key":"Anchor"},{"floor":28.0,"key":"Blood Vial"},{"floor":31.0,"key":"Dream Catcher"},{"floor":41,"key":"War Paint"}],"event_choices":[{"damage_healed":0.0,"max_hp_gain":0.0,"max_hp_loss":0.0,"gold_gain":0.0,"event_name":"FaceTrader","player_choice":"Trade","floor":2.0,"gold_loss":0.0,"damage_taken":0.0,"relics_obtained":["FaceOfCleric"]},{"damage_healed":0.0,"max_hp_gain":0.0,"max_hp_loss":0.0,"gold_gain":0.0,"event_name":"The Cleric","player_choice":"Leave","floor":4.0,"gold_loss":0.0,"damage_taken":0.0},{"damage_healed":0.0,"max_hp_gain":0.0,"max_hp_loss":0.0,"gold_gain":0.0,"event_name":"Accursed Blacksmith","player_choice":"Forge","floor":20.0,"gold_loss":0.0,"damage_taken":0.0,"cards_upgraded":["Armaments"]},{"damage_healed":0.0,"max_hp_gain":0.0,"max_hp_loss":0.0,"gold_gain":0.0,"event_name":"Drug Dealer","player_choice":"Inject Mutagens","floor":29.0,"gold_loss":0.0,"damage_taken":0.0,"relics_obtained":["MutagenicStrength"]},{"damage_healed":0.0,"max_hp_gain":0.0,"max_hp_loss":7.0,"gold_gain":0.0,"event_name":"Winding Halls","player_choice":"Max HP","floor":36.0,"gold_loss":0.0,"damage_taken":0.0},{"damage_healed":0.0,"max_hp_gain":0.0,"max_hp_loss":0.0,"gold_gain":0.0,"event_name":"SensoryStone","player_choice":"Memory 3","floor":37.0,"gold_loss":0.0,"damage_taken":10.0}],"is_beta":false,"boss_relics":[{"not_picked":["Orrery","Pandora\u0027s Box"],"picked":"Astrolabe"},{"not_picked":["Runic Dome","Black Blood"],"picked":"Philosopher\u0027s Stone"}],"items_purged_floors":[30],"is_endless":false,"potions_floor_spawned":[1,10,14,16,18,22,25,28,33,35,39,48],"killed_by":"Awakened One","ascension_level":20}