{"gold_per_floor":[110,128,108,123,133,133,153,166,244,244,257,285,301,321,321,321],"floor_reached":16,"playtime":782,"items_purged":[],"score":211,"play_id":"af652e0c-5e80-4e87-a574-80c9261905e0","local_time":"20190111160521","is_ascension_mode":true,"campfire_choices":[{"data":"Mind Blast","floor":6.0,"key":"SMITH"},{"data":"Buffer","floor":10.0,"key":"SMITH"},{"floor":15.0,"key":"REST"}],"neow_cost":"PERCENT_DAMAGE","seed_source_timestamp":0,"circlet_count":0,"master_deck":["AscendersBane","Strike_B","Strike_B","Strike_B","Strike_B","Defend_B","Defend_B","Defend_B","Defend_B","Zap","Dualcast","Finesse","Mind Blast+1","Stack","Go for the Eyes","Tempest","Static Discharge","Storm","Buffer+1","Conserve Battery","Force Field","Undo","Stack"],"special_seed":0,"relics":["Cracked Core","Frozen Egg 2","Oddly Smooth Stone"],"potions_floor_usage":[16],"damage_taken":[{"damage":13.0,"enemies":"Small Slimes","floor":1.0,"turns":3.0},{"damage":0.0,"enemies":"Cultist","floor":2.0,"turns":3.0},{"damage":7.0,"enemies":"Jaw Worm","floor":4.0,"turns":3.0},{"damage":3.0,"enemies":"Large Slime","floor":5.0,"turns":5.0},{"damage":0.0,"enemies":"Gremlin Gang","floor":7.0,"turns":4.0},{"damage":7.0,"enemies":"3 Louse","floor":8.0,"turns":3.0},{"damage":4.0,"enemies":"Lots of Slimes","floor":11.0,"turns":5.0},{"damage":11.0,"enemies":"3 Sentries","floor":12.0,"turns":8.0},{"damage":0.0,"enemies":"Blue Slaver","floor":13.0,"turns":3.0},{"damage":0.0,"enemies":"Large Slime","floor":14.0,"turns":7.0},{"damage":24,"enemies":"Slime Boss","floor":16,"turns":10}],"seed_played":"5515921760428900726","potions_obtained":[{"floor":1.0,"key":"Dexterity Potion"},{"floor":3.0,"key":"SkillPotion"},{"floor":5.0,"key":"Explosive Potion"},{"floor":8.0,"key":"AttackPotion"},{"floor":14.0,"key":"SneckoOil"}],"is_trial":false,"path_per_floor":["M","M","?","M","M","R","M","M","T","R","M","E","M","M","R","B"],"character_chosen":"DEFECT","items_purchased":[],"campfire_rested":1,"item_purchase_floors":[],"current_hp_per_floor":[33,33,33,26,23,23,23,16,16,16,12,1,1,1,22,0],"gold":321,"neow_bonus":"RANDOM_COLORLESS_2","is_prod":false,"is_daily":false,"chose_seed":false,"campfire_upgraded":2,"win_rate":0,"timestamp":1547190321,"path_taken":["M","M","?","M","M","R","M","?","T","R","M","E","M","M","R","BOSS"],"build_version":"2019-01-10","purchased_purges":0,"victory":false,"max_hp_per_floor":[71,71,71,71,71,71,71,71,71,71,71,71,71,71,71,71],"card_choices":[{"not_picked":["Redo","Rebound"],"picked":"Stack","floor":1.0},{"not_picked":["Tempest","Stack"],"picked":"Go for the Eyes","floor":2.0},{"not_picked":["Consume","Chill"],"picked":"Tempest","floor":4.0},{"not_picked":["Reprogram","Blizzard"],"picked":"Static Discharge","floor":5.0},{"not_picked":["Gash","Compile Driver"],"picked":"Storm","floor":7.0},{"not_picked":["Ball Lightning","Redo"],"picked":"Buffer","floor":8.0},{"not_picked":["Recycle","Barrage"],"picked":"Conserve Battery","floor":11.0},{"not_picked":["Fusion","Redo"],"picked":"Force Field","floor":12.0},{"not_picked":["Sweeping Beam","Steam"],"picked":"Undo","floor":13.0},{"not_picked":["Hologram","Streamline"],"picked":"Stack","floor":14.0}],"player_experience":1028021,"relics_obtained":[{"floor":9.0,"key":"Frozen Egg 2"},{"floor":12.0,"key":"Oddly Smooth Stone"}],"event_choices":[{"damage_healed":0.0,"max_hp_gain":0.0,"max_hp_loss":0.0,"gold_gain":0.0,"event_name":"The Woman in Blue","player_choice":"Bought 1 Potion","floor":3.0,"gold_loss":0.0,"damage_taken":0.0}],"is_beta":false,"boss_relics":[],"items_purged_floors":[],"is_endless":false,"potions_floor_spawned":[1,5,8,14],"killed_by":"Slime Boss","ascension_level":19}