{"gold_per_floor":[13,13,27,40,53,53,65,65,65,65,75,86,86,116,116,189,189,209,229,154,154,154,154,186,205,252,252,264,280,280,300,300,300],"floor_reached":33,"playtime":1445,"items_purged":[],"score":742,"play_id":"7f46ae82-ce8e-4e5d-9e8f-e43f0d83408d","local_time":"20190124142214","is_ascension_mode":true,"campfire_choices":[{"data":"Sunder","floor":6.0,"key":"SMITH"},{"data":"Zap","floor":8.0,"key":"SMITH"},{"data":"Dualcast","floor":10.0,"key":"SMITH"},{"floor":15.0,"key":"REST"},{"data":"Seek","floor":23.0,"key":"SMITH"},{"data":"Genetic Algorithm","floor":30.0,"key":"SMITH"},{"floor":32.0,"key":"REST"}],"neow_cost":"NO_GOLD","seed_source_timestamp":0,"circlet_count":0,"master_deck":["AscendersBane","Strike_B+1","Strike_B","Defend_B","Defend_B","Zap+1","Dualcast+1","Doom and Gloom","Stack","Sunder+1","Cold Snap+1","Aggregate","Seek+1","Capacitor","White Noise","Auto Shields","Electrodynamics","Hologram+1","Coolheaded+1","Conserve Battery","Stack+1","Genetic Algorithm+1","Loop"],"special_seed":0,"relics":["Cracked Core","Gambling Chip","Ornamental Fan","Whetstone","Snecko Eye","Letter Opener","Unceasing Top"],"potions_floor_usage":[33],"damage_taken":[{"damage":7.0,"enemies":"2 Louse","floor":1.0,"turns":3.0},{"damage":0.0,"enemies":"Cultist","floor":3.0,"turns":3.0},{"damage":5.0,"enemies":"Jaw Worm","floor":4.0,"turns":4.0},{"damage":16.0,"enemies":"Exordium Wildlife","floor":5.0,"turns":5.0},{"damage":4.0,"enemies":"Looter","floor":7.0,"turns":3.0},{"damage":6.0,"enemies":"Large Slime","floor":11.0,"turns":4.0},{"damage":6.0,"enemies":"3 Louse","floor":12.0,"turns":3.0},{"damage":17.0,"enemies":"Lagavulin","floor":14.0,"turns":7.0},{"damage":16.0,"enemies":"Hexaghost","floor":16.0,"turns":9.0},{"damage":0.0,"enemies":"2 Thieves","floor":18.0,"turns":2.0},{"damage":5.0,"enemies":"Shell Parasite","floor":19.0,"turns":4.0},{"damage":9.0,"enemies":"Slavers","floor":24.0,"turns":4.0},{"damage":12.0,"enemies":"Snecko","floor":25.0,"turns":4.0},{"damage":11.0,"enemies":"Snake Plant","floor":28.0,"turns":3.0},{"damage":0.0,"enemies":"Chosen and Byrds","floor":29.0,"turns":4.0},{"damage":17.0,"enemies":"Shelled Parasite and Fungi","floor":31.0,"turns":5.0},{"damage":47,"enemies":"Automaton","floor":33,"turns":6}],"seed_played":"-3598091129469496673","potions_obtained":[{"floor":1.0,"key":"Block Potion"},{"floor":5.0,"key":"LiquidBronze"},{"floor":16.0,"key":"SteroidPotion"},{"floor":24.0,"key":"Explosive Potion"}],"is_trial":false,"path_per_floor":["M","?","M","M","M","R","M","R","T","R","M","M","?","E","R","B",null,"M","M","?","T","?","R","E","M","T","?","M","M","R","M","R","B"],"character_chosen":"DEFECT","items_purchased":[],"campfire_rested":2,"item_purchase_floors":[],"current_hp_per_floor":[57,57,57,52,36,36,32,32,32,32,26,20,20,3,24,8,55,55,50,50,50,50,50,41,29,29,29,18,18,18,1,22,0],"gold":300,"neow_bonus":"ONE_RARE_RELIC","is_prod":false,"is_daily":false,"chose_seed":false,"campfire_upgraded":5,"win_rate":0,"timestamp":1548307334,"path_taken":["M","?","M","?","M","R","M","R","T","R","M","M","?","E","R","BOSS","M","?","?","?","?","R","E","M","T","?","M","M","R","M","R","BOSS"],"build_version":"2019-01-23","purchased_purges":0,"victory":false,"max_hp_per_floor":[71,71,71,71,71,71,71,71,71,71,71,71,71,71,71,71,71,71,71,71,71,71,71,71,71,71,71,71,71,71,71,71,71],"card_choices":[{"not_picked":["Fusion","Steam"],"picked":"Doom and Gloom","floor":1.0},{"not_picked":["Redo","Coolheaded"],"picked":"Stack","floor":3.0},{"not_picked":["Steam","Chill"],"picked":"Sunder","floor":4.0},{"not_picked":["Gash","Streamline"],"picked":"Cold Snap","floor":5.0},{"not_picked":["Hologram","Gash"],"picked":"Aggregate","floor":7.0},{"not_picked":["Force Field","Sweeping Beam"],"picked":"Seek","floor":11.0},{"not_picked":["Leap","Steam Power"],"picked":"Capacitor","floor":12.0},{"not_picked":["Barrage","Sunder"],"picked":"Auto Shields","floor":14.0},{"not_picked":["Seek","All For One"],"picked":"Electrodynamics","floor":16.0},{"not_picked":["Self Repair","Conserve Battery"],"picked":"Hologram+1","floor":18.0},{"not_picked":["Static Discharge","Steam Power","Double Energy"],"picked":"SKIP","floor":19.0},{"not_picked":["Beam Cell","Auto Shields"],"picked":"Coolheaded+1","floor":24.0},{"not_picked":["Redo","Go for the Eyes"],"picked":"Conserve Battery","floor":25.0},{"not_picked":["Barrage","Reprogram"],"picked":"Stack+1","floor":28.0},{"not_picked":["Cold Snap","Stack"],"picked":"Genetic Algorithm","floor":29.0},{"not_picked":["Compile Driver","Go for the Eyes"],"picked":"Loop","floor":31.0}],"player_experience":1061429,"relics_obtained":[{"floor":9.0,"key":"Ornamental Fan"},{"floor":14.0,"key":"Whetstone"},{"floor":21.0,"key":"Letter Opener"},{"floor":24.0,"key":"Unceasing Top"}],"event_choices":[{"cards_removed":["Strike_B"],"damage_healed":0.0,"max_hp_gain":0.0,"max_hp_loss":0.0,"gold_gain":0.0,"event_name":"Purifier","player_choice":"Purged","floor":2.0,"gold_loss":0.0,"damage_taken":0.0},{"damage_healed":0.0,"max_hp_gain":0.0,"max_hp_loss":0.0,"gold_gain":0.0,"cards_transformed":["Strike_B"],"event_name":"Transmorgrifier","player_choice":"Transformed","floor":13.0,"gold_loss":0.0,"damage_taken":0.0,"cards_obtained":["White Noise"]},{"cards_removed":["Defend_B"],"damage_healed":0.0,"max_hp_gain":0.0,"max_hp_loss":0.0,"gold_gain":0.0,"event_name":"Beggar","player_choice":"Gave Gold","floor":20.0,"gold_loss":75.0,"damage_taken":0.0},{"cards_removed":["Defend_B"],"damage_healed":0.0,"max_hp_gain":0.0,"max_hp_loss":0.0,"gold_gain":0.0,"event_name":"Back to Basics","player_choice":"Elegance","floor":22.0,"gold_loss":0.0,"damage_taken":0.0},{"damage_healed":0.0,"max_hp_gain":0.0,"max_hp_loss":0.0,"gold_gain":0.0,"event_name":"Ghosts","player_choice":"Ignored","floor":27.0,"gold_loss":0.0,"damage_taken":0.0}],"is_beta":false,"boss_relics":[{"not_picked":["Pandora\u0027s Box","Philosopher\u0027s Stone"],"picked":"Snecko Eye"}],"items_purged_floors":[],"is_endless":false,"potions_floor_spawned":[1,5,12,16,19,24,28],"killed_by":"Automaton","ascension_level":20}