{"gold_per_floor":[113,127,147,147,162,197,197,197,197,197,197],"floor_reached":11,"playtime":292,"items_purged":[],"score":84,"play_id":"b32d3e2a-171e-4ec5-9203-9de72a3ad4d5","local_time":"20190215175109","is_ascension_mode":true,"campfire_choices":[{"floor":8,"key":"REST"},{"data":"Choke","floor":10,"key":"SMITH"}],"neow_cost":"NONE","seed_source_timestamp":29024979652913,"circlet_count":0,"master_deck":["Defend_G","Defend_G","Defend_G","Defend_G","Defend_G","Strike_G","Strike_G","Strike_G","Strike_G","Strike_G","Survivor","Neutralize","Caltrops","Choke+1","Parasite"],"relics":["Ring of the Snake","NeowsBlessing","Toxic Egg 2","Darkstone Periapt"],"potions_floor_usage":[6],"damage_taken":[{"damage":0,"enemies":"Jaw Worm","floor":1,"turns":1},{"damage":0,"enemies":"Small Slimes","floor":2,"turns":1},{"damage":0,"enemies":"Cultist","floor":3,"turns":1},{"damage":15,"enemies":"Large Slime","floor":5,"turns":12},{"damage":50,"enemies":"Lagavulin","floor":6,"turns":8},{"damage":0,"enemies":"Gremlin Nob","floor":11,"turns":2}],"seed_played":"5294069666259586187","potions_obtained":[{"floor":2,"key":"Block Potion"}],"is_trial":false,"path_per_floor":["M","M","M","?","M","E","?","R","T","R","E"],"character_chosen":"THE_SILENT","items_purchased":[],"campfire_rested":1,"item_purchase_floors":[],"current_hp_per_floor":[70,70,70,70,55,5,22,43,43,43,43],"gold":197,"neow_bonus":"THREE_ENEMY_KILL","is_prod":false,"is_daily":false,"chose_seed":false,"campfire_upgraded":1,"win_rate":0,"timestamp":1550249469,"path_taken":["M","M","M","?","M","E","?","R","T","R","E"],"build_version":"2019-01-23","purchased_purges":0,"victory":false,"max_hp_per_floor":[70,70,70,70,70,70,70,70,70,70,70],"card_choices":[{"not_picked":["Quick Slash","Terror","Underhanded Strike"],"picked":"SKIP","floor":1},{"not_picked":["Slice","Deflect"],"picked":"Caltrops","floor":2},{"not_picked":["Acrobatics","Caltrops","Underhanded Strike"],"picked":"SKIP","floor":3},{"not_picked":["PiercingWail","Blade Dance"],"picked":"Choke","floor":5},{"not_picked":["Crippling Poison","Doppelganger","Sucker Punch"],"picked":"SKIP","floor":6}],"player_experience":190636,"relics_obtained":[{"floor":6,"key":"Toxic Egg 2"},{"floor":9,"key":"Darkstone Periapt"}],"event_choices":[{"damage_healed":0,"gold_gain":0,"player_choice":"Ignored","damage_taken":0,"max_hp_gain":0,"max_hp_loss":0,"event_name":"Golden Idol","floor":4,"gold_loss":0},{"damage_healed":17,"gold_gain":0,"player_choice":"Healed and dodged fight","damage_taken":0,"max_hp_gain":0,"max_hp_loss":0,"event_name":"Mushrooms","floor":7,"gold_loss":0,"cards_obtained":["Parasite"]}],"is_beta":false,"boss_relics":[],"items_purged_floors":[],"is_endless":false,"potions_floor_spawned":[2],"killed_by":"Gremlin Nob","ascension_level":3}