{"gold_per_floor":[112,37,57,57,74,74,100,120,120,138,138,166,166,166,166,166],"floor_reached":16,"playtime":370,"items_purged":[],"score":220,"play_id":"82d7f262-8f59-49bf-8be7-af007a4dca3e","local_time":"20190222221830","is_ascension_mode":true,"campfire_choices":[{"data":"Zap","floor":6,"key":"SMITH"},{"floor":11,"key":"REST"},{"floor":13,"key":"REST"},{"floor":15,"key":"REST"}],"neow_cost":"NONE","seed_source_timestamp":29163014211200,"circlet_count":0,"master_deck":["AscendersBane","Strike_B","Strike_B","Strike_B","Strike_B","Defend_B","Defend_B","Defend_B","Zap+1","Dualcast","Conserve Battery","Ball Lightning","Compile Driver"],"relics":["Cracked Core","Art of War","Anchor","Golden Idol"],"potions_floor_usage":[7,12,12],"damage_taken":[{"damage":1,"enemies":"Cultist","floor":1,"turns":3},{"damage":7,"enemies":"Jaw Worm","floor":3,"turns":4},{"damage":1,"enemies":"2 Louse","floor":5,"turns":3},{"damage":28,"enemies":"3 Sentries","floor":7,"turns":7},{"damage":11,"enemies":"2 Fungi Beasts","floor":8,"turns":3},{"damage":18,"enemies":"Exordium Thugs","floor":10,"turns":3},{"damage":16,"enemies":"Lagavulin","floor":12,"turns":5},{"damage":32,"enemies":"Hexaghost","floor":16,"turns":8}],"seed_played":"-7220297266786029558","potions_obtained":[{"floor":3,"key":"Block Potion"},{"floor":4,"key":"FocusPotion"},{"floor":8,"key":"AttackPotion"}],"is_trial":false,"path_per_floor":["M","?","M","?","M","R","E","M","T","M","R","E","R","?","R","B"],"character_chosen":"DEFECT","items_purchased":[],"campfire_rested":3,"item_purchase_floors":[],"current_hp_per_floor":[70,70,63,63,62,62,34,23,23,5,28,12,35,8,31,0],"gold":166,"neow_bonus":"TEN_PERCENT_HP_BONUS","is_prod":false,"is_daily":false,"chose_seed":false,"campfire_upgraded":1,"win_rate":0,"timestamp":1550866710,"path_taken":["M","?","M","?","M","R","E","?","T","M","R","E","R","?","R","BOSS"],"build_version":"2019-01-23","purchased_purges":0,"victory":false,"max_hp_per_floor":[78,78,78,78,78,78,78,78,78,78,78,78,78,78,78,78],"card_choices":[{"not_picked":["Gash","Leap"],"picked":"Conserve Battery","floor":1},{"not_picked":["Conserve Battery","Streamline"],"picked":"Ball Lightning","floor":3},{"not_picked":["Hologram","Rip and Tear","Beam Cell"],"picked":"SKIP","floor":5},{"not_picked":["Tempest","Force Field","Steam"],"picked":"SKIP","floor":7},{"not_picked":["Coolheaded","Chaos","Rebound"],"picked":"SKIP","floor":8},{"not_picked":["Turbo","Recycle","Double Energy"],"picked":"SKIP","floor":10},{"not_picked":["Hologram","Blizzard"],"picked":"Compile Driver","floor":12}],"player_experience":885612,"relics_obtained":[{"floor":7,"key":"Art of War"},{"floor":9,"key":"Anchor"}],"event_choices":[{"cards_removed":["Defend_B"],"damage_healed":0,"gold_gain":0,"player_choice":"Card Removal","damage_taken":0,"max_hp_gain":0,"max_hp_loss":0,"event_name":"The Cleric","floor":2,"gold_loss":75},{"damage_healed":0,"gold_gain":0,"player_choice":"Got Potions","damage_taken":0,"max_hp_gain":0,"max_hp_loss":0,"event_name":"Lab","floor":4,"gold_loss":0},{"damage_healed":0,"gold_gain":0,"player_choice":"Take Damage","damage_taken":27,"relics_obtained":["Golden Idol"],"max_hp_gain":0,"max_hp_loss":0,"event_name":"Golden Idol","floor":14,"gold_loss":0}],"is_beta":false,"boss_relics":[],"items_purged_floors":[],"is_endless":false,"potions_floor_spawned":[3,8],"killed_by":"Hexaghost","ascension_level":20}