{"gold_per_floor":[217,228,20,20,20,20,50,50,99,125,125,159,178,188,188,293,293,304,315,715,93,93,124,134,164,164,191,11,11,31,42,42,137,137,148,148,148,15,15,15,44,62,86,86,117,141,153,177,189,201,213,225,15,48,48],"floor_reached":56,"playtime":4029,"items_purged":["Strike_B","Defend_B"],"score":1774,"play_id":"7aee6eb1-28f8-4c33-b91c-4fc8f435fa96","local_time":"20190131123917","is_ascension_mode":true,"campfire_choices":[{"data":"Zap","floor":6,"key":"SMITH"},{"data":"Hologram","floor":8,"key":"SMITH"},{"data":"Coolheaded","floor":11,"key":"SMITH"},{"data":"Consume","floor":15,"key":"SMITH"},{"data":"Rainbow","floor":29,"key":"SMITH"},{"data":"Capacitor","floor":32,"key":"SMITH"},{"data":"Chill","floor":40,"key":"SMITH"},{"data":"Loop","floor":44,"key":"SMITH"},{"floor":49,"key":"RECALL"},{"data":"Dualcast","floor":52,"key":"SMITH"}],"neow_cost":"NONE","seed_source_timestamp":3975670580521703,"circlet_count":0,"master_deck":["Strike_B","Defend_B","Defend_B","Defend_B","Zap+1","Dualcast+1","Defragment+1","Coolheaded+1","Hologram+1","Cold Snap","Chill+1","Consume+1","Cold Snap","Rainbow+1","Undo+1","FTL","Coolheaded+1","Darkness+1","Dark Shackles+1","BootSequence+1","Capacitor+1","Conserve Battery+1","Redo+1","Consume+1","Loop+1","Coolheaded+1","Electrodynamics","Steam+1","Steam Power+1","Gash","Steam+1","FTL+1","Fusion+1","Seek+1","Sweeping Beam+1","Ball Lightning","Hologram+1"],"relics":["Cracked Core","Runic Capacitor","Lantern","Art of War","Omamori","Nunchaku","PreservedInsect","Black Star","Old Coin","Letter Opener","Toxic Egg 2","Orichalcum","Dead Branch","Oddly Smooth Stone","Potion Belt","Mercury Hourglass","Pocketwatch","Torii","Turnip","Anchor","Inserter","Dodecahedron","Happy Flower","MawBank","DataDisk","Emotion Chip","ClockworkSouvenir","Ice Cream","Pen Nib"],"potions_floor_usage":[10,20,23,23,27,55,55,55,55],"damage_taken":[{"damage":6,"enemies":"Jaw Worm","floor":1,"turns":3},{"damage":4,"enemies":"2 Louse","floor":2,"turns":3},{"damage":10,"enemies":"Lagavulin","floor":7,"turns":6},{"damage":14,"enemies":"Gremlin Nob","floor":10,"turns":4},{"damage":0,"enemies":"3 Sentries","floor":12,"turns":7},{"damage":0,"enemies":"Small Slimes","floor":13,"turns":3},{"damage":0,"enemies":"Exordium Wildlife","floor":14,"turns":3},{"damage":0,"enemies":"Slime Boss","floor":16,"turns":11},{"damage":0,"enemies":"3 Byrds","floor":18,"turns":5},{"damage":0,"enemies":"Shell Parasite","floor":19,"turns":4},{"damage":12,"enemies":"Colosseum Slavers","floor":20,"turns":4},{"damage":9,"enemies":"Colosseum Nobs","floor":20,"turns":5},{"damage":0,"enemies":"Slavers","floor":23,"turns":5},{"damage":0,"enemies":"Centurion and Healer","floor":24,"turns":6},{"damage":0,"enemies":"Book of Stabbing","floor":25,"turns":6},{"damage":0,"enemies":"Gremlin Leader","floor":27,"turns":5},{"damage":12,"enemies":"Cultist and Chosen","floor":30,"turns":6},{"damage":0,"enemies":"Sentry and Sphere","floor":31,"turns":4},{"damage":0,"enemies":"Automaton","floor":33,"turns":11},{"damage":0,"enemies":"3 Shapes","floor":35,"turns":3},{"damage":0,"enemies":"Reptomancer","floor":41,"turns":5},{"damage":0,"enemies":"Orb Walker","floor":42,"turns":3},{"damage":0,"enemies":"Giant Head","floor":45,"turns":6},{"damage":0,"enemies":"Transient","floor":46,"turns":5},{"damage":0,"enemies":"Sphere and 2 Shapes","floor":48,"turns":3},{"damage":0,"enemies":"Donu and Deca","floor":50,"turns":7},{"damage":0,"enemies":"Shield and Spear","floor":54,"turns":5},{"damage":0,"enemies":"The Heart","floor":55,"turns":7}],"seed_played":"7998642104857935904","potions_obtained":[{"floor":7,"key":"AttackPotion"},{"floor":10,"key":"Strength Potion"},{"floor":12,"key":"Dexterity Potion"},{"floor":13,"key":"Explosive Potion"},{"floor":24,"key":"LiquidBronze"},{"floor":25,"key":"Dexterity Potion"},{"floor":31,"key":"SkillPotion"},{"floor":41,"key":"FearPotion"},{"floor":45,"key":"FairyPotion"},{"floor":54,"key":"SpeedPotion"}],"is_trial":false,"path_per_floor":["M","M","$","?","?","R","E","R","T","E","R","E","M","M","R","B",null,"M","M","?","$","?","E","M","E","T","E","$","R","M","M","R","B",null,"M","?","?","$","?","R","E","M","T","R","E","M","T","M","R","B",null,"R","$","E","B",null],"character_chosen":"DEFECT","items_purchased":["Runic Capacitor","Regen Potion","Toxic Egg 2","Coolheaded+1","Darkness+1","Dark Shackles+1","Anchor","Consume+1","Steam Power+1","ClockworkSouvenir","Ball Lightning"],"campfire_rested":0,"item_purchase_floors":[3,21,21,21,21,21,28,28,38,53,53],"current_hp_per_floor":[69,65,65,62,62,62,52,52,52,38,38,38,38,38,38,38,75,75,75,54,54,54,68,68,68,68,68,68,68,56,56,56,56,75,75,75,75,75,75,75,75,75,75,75,75,75,75,75,75,75,75,75,75,75,75],"gold":48,"neow_bonus":"HUNDRED_GOLD","is_prod":false,"is_daily":false,"chose_seed":false,"campfire_upgraded":9,"win_rate":0,"timestamp":1548956357,"path_taken":["M","M","$","?","?","R","E","R","T","E","R","E","M","M","R","BOSS","M","M","?","$","?","E","M","E","T","E","?","R","M","?","R","BOSS","M","?","?","$","?","R","E","?","T","R","E","M","?","M","R","BOSS","R","$","E","BOSS"],"build_version":"2019-01-23","purchased_purges":2,"victory":true,"max_hp_per_floor":[75,75,75,75,75,75,75,75,75,75,75,75,75,75,75,75,75,75,75,75,75,75,75,75,75,75,75,75,75,75,75,75,75,75,75,75,75,75,75,75,75,75,75,75,75,75,75,75,75,75,75,75,75,75,75],"card_choices":[{"not_picked":["Leap","Gash"],"picked":"Defragment","floor":1},{"not_picked":["Sweeping Beam","Reinforced Body"],"picked":"Coolheaded","floor":2},{"not_picked":["Double Energy","Turbo"],"picked":"Hologram","floor":7},{"not_picked":["Hologram","Compile Driver"],"picked":"Cold Snap","floor":10},{"not_picked":["Blizzard","Compile Driver"],"picked":"Chill","floor":12},{"not_picked":["Stack","Sweeping Beam"],"picked":"Consume","floor":13},{"not_picked":["Auto Shields","Static Discharge"],"picked":"Cold Snap","floor":14},{"not_picked":["Meteor Strike","Reboot"],"picked":"Rainbow","floor":16},{"not_picked":["Consume","Cold Snap"],"picked":"Undo+1","floor":18},{"not_picked":["Stack+1","Turbo"],"picked":"FTL","floor":19},{"not_picked":["Hyperbeam","Ball Lightning"],"picked":"BootSequence+1","floor":23},{"not_picked":["Turbo+1","Redo+1"],"picked":"Capacitor","floor":24},{"not_picked":["Heatsinks","Darkness+1"],"picked":"Conserve Battery+1","floor":25},{"not_picked":["Hologram+1","Sweeping Beam"],"picked":"Redo+1","floor":27},{"not_picked":["Skim+1","Streamline"],"picked":"Loop","floor":30},{"not_picked":["Leap+1","Barrage"],"picked":"Coolheaded+1","floor":31},{"not_picked":["Echo Form","All For One"],"picked":"Electrodynamics","floor":33},{"not_picked":["Capacitor","Undo+1"],"picked":"Steam+1","floor":35},{"not_picked":["Aggregate+1","Scrape"],"picked":"Steam+1","floor":41},{"not_picked":["Leap+1","Streamline"],"picked":"FTL+1","floor":42},{"not_picked":["Coolheaded+1","Rebound+1"],"picked":"Fusion+1","floor":45},{"not_picked":["Go for the Eyes+1","Fusion+1"],"picked":"Seek+1","floor":46},{"not_picked":["Auto Shields+1","Steam+1"],"picked":"Sweeping Beam+1","floor":48},{"not_picked":["Heatsinks+1","Beam Cell"],"picked":"Hologram+1","floor":54}],"player_experience":4292630,"relics_obtained":[{"floor":7,"key":"Art of War"},{"floor":9,"key":"Omamori"},{"floor":10,"key":"Nunchaku"},{"floor":12,"key":"PreservedInsect"},{"floor":20,"key":"Old Coin"},{"floor":20,"key":"Letter Opener"},{"floor":23,"key":"Dead Branch"},{"floor":23,"key":"Oddly Smooth Stone"},{"floor":25,"key":"Potion Belt"},{"floor":25,"key":"Mercury Hourglass"},{"floor":26,"key":"Pocketwatch"},{"floor":27,"key":"Torii"},{"floor":27,"key":"Turnip"},{"floor":41,"key":"Dodecahedron"},{"floor":41,"key":"Happy Flower"},{"floor":45,"key":"MawBank"},{"floor":45,"key":"DataDisk"},{"floor":47,"key":"Emotion Chip"},{"floor":54,"key":"Ice Cream"},{"floor":54,"key":"Pen Nib"}],"event_choices":[{"damage_healed":0,"gold_gain":0,"player_choice":"Success","damage_taken":3,"relics_obtained":["Lantern"],"max_hp_gain":0,"max_hp_loss":0,"event_name":"Scrap Ooze","floor":4,"gold_loss":0},{"damage_healed":0,"gold_gain":0,"player_choice":"Grow","damage_taken":0,"max_hp_gain":0,"max_hp_loss":0,"event_name":"Living Wall","floor":5,"gold_loss":0,"cards_upgraded":["Defragment"]},{"damage_healed":0,"gold_gain":0,"player_choice":"Fight","damage_taken":0,"max_hp_gain":0,"max_hp_loss":0,"event_name":"Colosseum","floor":20,"gold_loss":0},{"damage_healed":0,"gold_gain":0,"player_choice":"Fought Nobs","damage_taken":0,"max_hp_gain":0,"max_hp_loss":0,"event_name":"Colosseum","floor":20,"gold_loss":0},{"damage_healed":0,"gold_gain":0,"player_choice":"Opened","damage_taken":0,"relics_obtained":["Orichalcum"],"max_hp_gain":0,"max_hp_loss":0,"event_name":"The Mausoleum","floor":22,"gold_loss":0},{"damage_healed":0,"gold_gain":0,"player_choice":"Ignored","damage_taken":0,"max_hp_gain":0,"max_hp_loss":0,"event_name":"Tomb of Lord Red Mask","floor":36,"gold_loss":0},{"cards_removed":["Strike_B"],"damage_healed":0,"gold_gain":0,"player_choice":"Removed Attack","damage_taken":0,"max_hp_gain":0,"max_hp_loss":0,"event_name":"Falling","floor":37,"gold_loss":0},{"damage_healed":0,"gold_gain":0,"cards_transformed":["Strike_B"],"player_choice":"Transformed","damage_taken":0,"max_hp_gain":0,"max_hp_loss":0,"event_name":"Transmorgrifier","floor":39,"gold_loss":0,"cards_obtained":["Gash"]}],"is_beta":true,"boss_relics":[{"not_picked":["Nuclear Battery","White Beast Statue"],"picked":"Black Star"},{"not_picked":["Empty Cage","Eternal Feather"],"picked":"Inserter"}],"items_purged_floors":[21,38],"is_endless":false,"potions_floor_spawned":[7,10,12,13,20,24,25,31,41,45,54],"ascension_level":1}