{"gold_per_floor":[119,44,44,56,70,102,102,2,29,29,29,45,45,45,45,145,145,158,83,83,95,106,106,133,143,143,143],"floor_reached":27,"playtime":1879,"items_purged":["Strike_B","Strike_B"],"score":231,"play_id":"bd8e07f5-2f57-40e8-80b1-ecd0edc88eca","local_time":"20190222160134","is_ascension_mode":false,"campfire_choices":[{"floor":7,"key":"RECALL"},{"floor":10,"key":"REST"},{"data":"Zap","floor":13,"key":"SMITH"},{"data":"Dualcast","floor":15,"key":"SMITH"},{"floor":23,"key":"REST"}],"neow_cost":"NONE","seed_source_timestamp":176171111352765,"circlet_count":0,"master_deck":["Strike_B","Defend_B+1","Defend_B","Defend_B","Defend_B","Zap+1","Dualcast+1","Gash+1","Beam Cell+1","Scrape","Parasite","Scrape+1","Leap","Gash+1"],"relics":["Cracked Core","Blood Vial","Runic Pyramid","Turnip","Matryoshka"],"potions_floor_usage":[6,16,16,18,21,21,24,27],"damage_taken":[{"damage":1,"enemies":"Cultist","floor":1,"turns":3},{"damage":2,"enemies":"Small Slimes","floor":4,"turns":3},{"damage":3,"enemies":"Jaw Worm","floor":5,"turns":2},{"damage":22,"enemies":"Lagavulin","floor":6,"turns":6},{"damage":6,"enemies":"Lots of Slimes","floor":12,"turns":3},{"damage":47,"enemies":"Hexaghost","floor":16,"turns":9},{"damage":30,"enemies":"2 Thieves","floor":18,"turns":3},{"damage":0,"enemies":"Spheric Guardian","floor":21,"turns":3},{"damage":12,"enemies":"Snake Plant","floor":22,"turns":3},{"damage":23,"enemies":"Gremlin Leader","floor":24,"turns":4},{"damage":31,"enemies":"Shelled Parasite and Fungi","floor":25,"turns":5},{"damage":21,"enemies":"Book of Stabbing","floor":27,"turns":4}],"seed_played":"-2049935060228983942","potions_obtained":[{"floor":4,"key":"GamblersBrew"},{"floor":5,"key":"SpeedPotion"},{"floor":6,"key":"Block Potion"},{"floor":16,"key":"Explosive Potion"},{"floor":18,"key":"EntropicBrew"},{"floor":21,"key":"Ancient Potion"}],"is_trial":false,"path_per_floor":["M","$","?","M","M","E","R","$","T","R","?","M","R","?","R","B",null,"M","?","?","M","M","R","E","M","T","E"],"character_chosen":"DEFECT","items_purchased":[],"campfire_rested":2,"item_purchase_floors":[],"current_hp_per_floor":[81,81,65,63,60,38,38,38,38,62,62,58,58,78,78,33,82,52,52,52,54,44,68,47,18,18,0],"gold":143,"neow_bonus":"TEN_PERCENT_HP_BONUS","is_prod":false,"is_daily":false,"chose_seed":false,"campfire_upgraded":2,"win_rate":0,"timestamp":1550869294,"path_taken":["M","?","?","M","M","E","R","$","T","R","?","?","R","?","R","BOSS","M","?","?","M","M","R","E","M","T","E"],"build_version":"2019-01-23","purchased_purges":2,"victory":false,"max_hp_per_floor":[82,82,82,82,82,82,82,82,82,82,82,82,82,82,82,82,82,82,82,82,82,82,82,82,82,82,82],"card_choices":[{"not_picked":["Coolheaded","Auto Shields"],"picked":"Gash","floor":1},{"not_picked":["Coolheaded","FTL"],"picked":"Beam Cell","floor":4},{"not_picked":["Reinforced Body","Streamline","Thunder Strike"],"picked":"SKIP","floor":5},{"not_picked":["Hologram","Lockon"],"picked":"Scrape","floor":6},{"not_picked":["Redo","Storm","Barrage"],"picked":"SKIP","floor":12},{"not_picked":["Coolheaded+1","Conserve Battery","Hologram"],"picked":"SKIP","floor":18},{"not_picked":["Self Repair","Chill","Ball Lightning"],"picked":"SKIP","floor":21},{"not_picked":["Capacitor","Redo+1"],"picked":"Scrape+1","floor":22},{"not_picked":["Fusion","Creative AI"],"picked":"Leap","floor":24},{"not_picked":["Force Field+1","Cold Snap+1"],"picked":"Gash+1","floor":25}],"player_experience":160214,"relics_obtained":[{"floor":6,"key":"Blood Vial"},{"floor":24,"key":"Turnip"},{"floor":26,"key":"Matryoshka"}],"event_choices":[{"damage_healed":0,"gold_gain":0,"player_choice":"Entered Light","damage_taken":16,"max_hp_gain":0,"max_hp_loss":0,"event_name":"Shining Light","floor":3,"gold_loss":0,"cards_upgraded":["Gash","Defend_B"]},{"damage_healed":0,"gold_gain":0,"player_choice":"Forge","damage_taken":0,"max_hp_gain":0,"max_hp_loss":0,"event_name":"Accursed Blacksmith","floor":11,"gold_loss":0,"cards_upgraded":["Beam Cell"]},{"damage_healed":20,"gold_gain":0,"player_choice":"Healed and dodged fight","damage_taken":0,"max_hp_gain":0,"max_hp_loss":0,"event_name":"Mushrooms","floor":14,"gold_loss":0,"cards_obtained":["Parasite"]},{"cards_removed":["Strike_B"],"damage_healed":0,"gold_gain":0,"player_choice":"Gave Gold","damage_taken":0,"max_hp_gain":0,"max_hp_loss":0,"event_name":"Beggar","floor":19,"gold_loss":75},{"damage_healed":0,"gold_gain":0,"player_choice":"Ignored","damage_taken":0,"max_hp_gain":0,"max_hp_loss":0,"event_name":"NoteForYourself","floor":20,"gold_loss":0}],"is_beta":false,"boss_relics":[{"not_picked":["Fusion Hammer","Inserter"],"picked":"Runic Pyramid"}],"items_purged_floors":[2,8],"is_endless":false,"potions_floor_spawned":[4,5,6,16,18,21],"killed_by":"Book of Stabbing","ascension_level":0}