{"gold_per_floor":[362,362,44,55,73,73,73,108,154,170,180,28,28,40,40,117,117,127,30,30,5,5,5,20,20,20,49,76,91,106,54,54,54],"floor_reached":33,"playtime":1231,"items_purged":[],"score":530,"play_id":"e7d3fffd-3a61-462f-b7fa-ee81cd6ef06c","local_time":"20190201123248","is_ascension_mode":true,"campfire_choices":[{"data":"Bash","floor":6.0,"key":"SMITH"},{"data":"True Grit","floor":13.0,"key":"SMITH"},{"data":"Armaments","floor":15.0,"key":"SMITH"},{"floor":23.0,"key":"REST"},{"data":"Body Slam","floor":25.0,"key":"SMITH"},{"floor":32,"key":"REST"}],"neow_cost":"TEN_PERCENT_HP_LOSS","seed_source_timestamp":1911982821179593,"circlet_count":0,"master_deck":["AscendersBane","Strike_R","Strike_R","Strike_R","Strike_R","Strike_R","Defend_R","Defend_R+1","Defend_R","Defend_R","Bash+1","Anger","Carnage","Disarm+1","Armaments+1","True Grit+1","Battle Trance","Offering","Impervious","Body Slam+1","Finesse+1","Thunderclap","Shrug It Off","Inflame+1","Sword Boomerang+1","Entrench","Thunderclap"],"special_seed":0,"relics":["Burning Blood","Champion Belt","Art of War","Oddly Smooth Stone","Sozu","Girya","War Paint","Bag of Marbles","Red Mask"],"potions_floor_usage":[],"damage_taken":[{"damage":11.0,"enemies":"Jaw Worm","floor":1.0,"turns":5.0},{"damage":4.0,"enemies":"Small Slimes","floor":4.0,"turns":3.0},{"damage":0.0,"enemies":"Cultist","floor":5.0,"turns":3.0},{"damage":52.0,"enemies":"3 Sentries","floor":8.0,"turns":11.0},{"damage":12.0,"enemies":"3 Louse","floor":10.0,"turns":4.0},{"damage":9.0,"enemies":"Blue Slaver","floor":11.0,"turns":3.0},{"damage":8.0,"enemies":"Lots of Slimes","floor":14.0,"turns":5.0},{"damage":12.0,"enemies":"Hexaghost","floor":16.0,"turns":9.0},{"damage":31.0,"enemies":"Spheric Guardian","floor":18.0,"turns":8.0},{"damage":14.0,"enemies":"2 Thieves","floor":24.0,"turns":4.0},{"damage":27.0,"enemies":"Book of Stabbing","floor":27.0,"turns":6.0},{"damage":18,"enemies":"Masked Bandits","floor":28,"turns":6},{"damage":0,"enemies":"Snake Plant","floor":29,"turns":3},{"damage":6,"enemies":"3 Cultists","floor":30,"turns":4},{"damage":46,"enemies":"Collector","floor":33,"turns":7}],"seed_played":"-7939392020441845372","potions_obtained":[{"floor":4.0,"key":"FairyPotion"},{"floor":8.0,"key":"Ancient Potion"},{"floor":10.0,"key":"Poison Potion"},{"floor":11.0,"key":"LiquidBronze"}],"is_trial":false,"path_per_floor":["M","?","$","M","M","R","?","E","T","M","M","$","R","M","R","B",null,"M","$","T","$","?","R","M","R","T","E","?","M","M","$","R","B"],"character_chosen":"IRONCLAD","items_purchased":["Champion Belt","Battle Trance","Offering","Finesse","Thunderclap","Thunderclap"],"campfire_rested":2,"item_purchase_floors":[3,12,12,19,21,31],"current_hp_per_floor":[63,68,68,70,73,73,73,27,27,21,18,18,18,16,16,10,57,32,32,32,32,32,53,45,45,45,24,12,18,18,18,39,0],"gold":54,"neow_bonus":"TWO_FIFTY_GOLD","is_prod":false,"is_daily":false,"chose_seed":false,"campfire_upgraded":4,"win_rate":0,"timestamp":1549042368,"path_taken":["M","?","$","M","M","R","?","E","T","M","M","$","R","M","R","BOSS","M","$","?","$","?","R","M","R","T","E","?","M","M","?","R","BOSS"],"build_version":"2019-01-23","purchased_purges":0,"victory":false,"max_hp_per_floor":[68,73,73,73,73,73,73,73,73,73,73,73,73,73,73,73,73,73,73,73,73,73,73,73,73,73,73,73,73,73,73,73,73],"card_choices":[{"not_picked":["Cleave","Clash"],"picked":"Anger","floor":1.0},{"not_picked":["Clash","Hemokinesis"],"picked":"Carnage","floor":4.0},{"not_picked":["Perfected Strike","Shrug It Off"],"picked":"Disarm","floor":5.0},{"not_picked":["Searing Blow","Inflame"],"picked":"Armaments","floor":8.0},{"not_picked":["Armaments","Headbutt","Warcry"],"picked":"SKIP","floor":10.0},{"not_picked":["Heavy Blade","Clash"],"picked":"True Grit","floor":11.0},{"not_picked":["Heavy Blade","Fire Breathing","Armaments"],"picked":"SKIP","floor":14.0},{"not_picked":["Berserk","Brutality"],"picked":"Impervious","floor":16.0},{"not_picked":["Warcry","Flex"],"picked":"Body Slam","floor":18.0},{"not_picked":["Havoc+1","Clash"],"picked":"Shrug It Off","floor":24.0},{"not_picked":["Whirlwind+1","Twin Strike"],"picked":"Inflame+1","floor":27.0},{"not_picked":["Combust","Metallicize"],"picked":"Sword Boomerang+1","floor":28},{"not_picked":["Rage+1","Twin Strike"],"picked":"Entrench","floor":29},{"not_picked":["Sentinel","Heavy Blade","Sever Soul"],"picked":"SKIP","floor":30}],"player_experience":853056,"relics_obtained":[{"floor":8.0,"key":"Art of War"},{"floor":9.0,"key":"Oddly Smooth Stone"},{"floor":20.0,"key":"Girya"},{"floor":26.0,"key":"War Paint"},{"floor":27.0,"key":"Bag of Marbles"},{"floor":28,"key":"Red Mask"}],"event_choices":[{"damage_healed":0.0,"max_hp_gain":5.0,"max_hp_loss":0.0,"gold_gain":0.0,"event_name":"Big Fish","player_choice":"Donut","floor":2.0,"gold_loss":0.0,"damage_taken":0.0},{"damage_healed":0.0,"max_hp_gain":0.0,"max_hp_loss":0.0,"gold_gain":0.0,"event_name":"Upgrade Shrine","player_choice":"Upgraded","floor":7.0,"gold_loss":0.0,"damage_taken":0.0,"cards_upgraded":["Disarm"]},{"damage_healed":0.0,"max_hp_gain":0.0,"max_hp_loss":0.0,"gold_gain":0.0,"event_name":"Beggar","player_choice":"Ignored","floor":22.0,"gold_loss":0.0,"damage_taken":0.0},{"damage_healed":0,"gold_gain":0,"player_choice":"Fought Bandits","damage_taken":0,"max_hp_gain":0,"max_hp_loss":0,"event_name":"Masked Bandits","floor":28,"gold_loss":0}],"is_beta":false,"boss_relics":[{"not_picked":["Black Blood","Runic Cube"],"picked":"Sozu"}],"items_purged_floors":[],"is_endless":false,"potions_floor_spawned":[4,8,10,11,18,27],"killed_by":"Collector","ascension_level":20}