{"gold_per_floor":[209,228,228,304,21,21,91,91,137,137,161,182,182,226,226,226],"floor_reached":16,"playtime":406,"items_purged":[],"score":216,"play_id":"67544917-8aec-4c61-a5ce-9d5e67a366d9","local_time":"20190128120431","is_ascension_mode":true,"campfire_choices":[{"data":"Streamline","floor":6.0,"key":"SMITH"},{"data":"Hologram","floor":8.0,"key":"SMITH"},{"data":"Zap","floor":10.0,"key":"SMITH"},{"floor":15.0,"key":"REST"}],"neow_cost":"NONE","seed_source_timestamp":0,"circlet_count":0,"master_deck":["AscendersBane","Strike_B","Strike_B","Strike_B","Strike_B","Defend_B","Defend_B","Defend_B","Defend_B","Zap+1","Dualcast","Streamline+1","Conserve Battery","Hologram+1","Defragment","Hologram","Beam Cell+1"],"special_seed":0,"relics":["Cracked Core","Golden Idol","Mummified Hand","Tiny Chest","PreservedInsect","Molten Egg 2","Darkstone Periapt"],"potions_floor_usage":[16,16],"damage_taken":[{"damage":7.0,"enemies":"Small Slimes","floor":1.0,"turns":4.0},{"damage":4.0,"enemies":"Jaw Worm","floor":2.0,"turns":3.0},{"damage":6.0,"enemies":"Lagavulin","floor":7.0,"turns":6.0},{"damage":0.0,"enemies":"2 Louse","floor":11.0,"turns":2.0},{"damage":0.0,"enemies":"Gremlin Gang","floor":12.0,"turns":5.0},{"damage":15.0,"enemies":"3 Sentries","floor":14.0,"turns":6.0},{"damage":32,"enemies":"The Guardian","floor":16,"turns":10}],"seed_played":"3633886644132077930","potions_obtained":[{"floor":2.0,"key":"Dexterity Potion"},{"floor":12.0,"key":"SpeedPotion"},{"floor":14.0,"key":"Block Potion"}],"is_trial":false,"path_per_floor":["M","M","?","?","$","R","E","R","T","R","M","M","T","E","R","B"],"character_chosen":"DEFECT","items_purchased":["Mummified Hand"],"campfire_rested":1,"item_purchase_floors":[5],"current_hp_per_floor":[57,53,29,29,29,29,23,23,23,23,23,23,23,8,29,0],"gold":226,"neow_bonus":"HUNDRED_GOLD","is_prod":false,"is_daily":false,"chose_seed":false,"campfire_upgraded":3,"win_rate":0,"timestamp":1548644671,"path_taken":["M","M","?","?","$","R","E","R","T","R","M","M","?","E","R","BOSS"],"build_version":"2019-01-23","purchased_purges":0,"victory":false,"max_hp_per_floor":[71,71,71,71,71,71,71,71,71,71,71,71,71,71,71,71],"card_choices":[{"not_picked":["Steam","Doom and Gloom"],"picked":"Streamline","floor":1.0},{"not_picked":["Cold Snap","Barrage"],"picked":"Conserve Battery","floor":2.0},{"not_picked":["Compile Driver","Barrage"],"picked":"Hologram","floor":7.0},{"not_picked":["Conserve Battery","Redo"],"picked":"Defragment","floor":11.0},{"not_picked":["Cold Snap","Conserve Battery"],"picked":"Hologram","floor":12.0},{"not_picked":["Go for the Eyes+1","Sweeping Beam+1"],"picked":"Beam Cell+1","floor":14.0}],"player_experience":1091044,"relics_obtained":[{"floor":7.0,"key":"Tiny Chest"},{"floor":9.0,"key":"PreservedInsect"},{"floor":13.0,"key":"Molten Egg 2"},{"floor":14.0,"key":"Darkstone Periapt"}],"event_choices":[{"damage_healed":0.0,"max_hp_gain":0.0,"max_hp_loss":0.0,"gold_gain":0.0,"event_name":"Golden Idol","player_choice":"Take Damage","floor":3.0,"gold_loss":0.0,"damage_taken":24.0,"relics_obtained":["Golden Idol"]},{"damage_healed":0.0,"max_hp_gain":0.0,"max_hp_loss":0.0,"gold_gain":76.0,"event_name":"Golden Wing","player_choice":"Gained Gold","floor":4.0,"gold_loss":0.0,"damage_taken":0.0}],"is_beta":false,"boss_relics":[],"items_purged_floors":[],"is_endless":false,"potions_floor_spawned":[2,12,14],"killed_by":"The Guardian","ascension_level":20}