{"gold_per_floor":[113,38,51,63,78,78,103,118,118,118,118,137,137,148,148,219,219,232,331,177,177,192,192,192],"floor_reached":24,"playtime":1029,"items_purged":["Strike_G"],"score":327,"play_id":"ac7e7750-16c7-470f-9388-6c800bd66f11","local_time":"20190220161506","is_ascension_mode":true,"campfire_choices":[{"data":"A Thousand Cuts","floor":6.0,"key":"SMITH"},{"floor":10.0,"key":"REST"},{"floor":13,"key":"REST"},{"data":"Footwork","floor":15,"key":"SMITH"},{"floor":23,"key":"REST"}],"neow_cost":"NONE","seed_source_timestamp":682619796533112,"circlet_count":0,"master_deck":["AscendersBane","Defend_G","Defend_G","Defend_G","Defend_G","Defend_G","Strike_G","Strike_G","Strike_G","Strike_G","Survivor","Neutralize+1","Deadly Poison","Footwork+1","Dagger Spray+1","Footwork","A Thousand Cuts+1","PiercingWail","Sucker Punch","PiercingWail","Corpse Explosion","Well Laid Plans","Escape Plan"],"special_seed":0,"relics":["Ring of the Serpent","Bag of Preparation","Vajra","Boot"],"potions_floor_usage":[24],"damage_taken":[{"damage":4.0,"enemies":"2 Louse","floor":1.0,"turns":3.0},{"damage":3.0,"enemies":"Cultist","floor":3.0,"turns":5.0},{"damage":2.0,"enemies":"Small Slimes","floor":4.0,"turns":3.0},{"damage":2.0,"enemies":"Looter","floor":5.0,"turns":5.0},{"damage":24.0,"enemies":"Gremlin Nob","floor":7.0,"turns":5.0},{"damage":18.0,"enemies":"Gremlin Gang","floor":8.0,"turns":4.0},{"damage":5,"enemies":"3 Louse","floor":12,"turns":3},{"damage":13,"enemies":"Exordium Thugs","floor":14,"turns":4},{"damage":16,"enemies":"Hexaghost","floor":16,"turns":15},{"damage":29,"enemies":"2 Thieves","floor":18,"turns":4},{"damage":16,"enemies":"3 Byrds","floor":22,"turns":5},{"damage":40,"enemies":"Slavers","floor":24,"turns":3}],"seed_played":"-633263280351400112","potions_obtained":[{"floor":1.0,"key":"Explosive Potion"},{"floor":4.0,"key":"Block Potion"}],"is_trial":false,"path_per_floor":["M","$","M","M","M","R","E","M","T","R","?","M","R","M","R","B",null,"M","?","$","?","M","R","E"],"character_chosen":"THE_SILENT","items_purchased":["Footwork","Well Laid Plans"],"campfire_rested":3,"item_purchase_floors":[2,20],"current_hp_per_floor":[59,59,56,54,52,52,28,10,10,31,31,26,47,34,34,18,57,28,28,28,28,12,33,0],"gold":192,"neow_bonus":"UPGRADE_CARD","is_prod":false,"is_daily":false,"chose_seed":false,"campfire_upgraded":2,"win_rate":0,"timestamp":1550708106,"path_taken":["M","$","M","M","M","R","E","M","T","R","?","?","R","M","R","BOSS","M","?","$","?","M","R","E"],"build_version":"2019-01-23","purchased_purges":1,"victory":false,"max_hp_per_floor":[70,70,70,70,70,70,70,70,70,70,70,70,70,70,70,70,70,70,70,70,70,70,70,70],"card_choices":[{"not_picked":["Finisher","Terror"],"picked":"Deadly Poison","floor":1.0},{"not_picked":["Infinite Blades","Deadly Poison"],"picked":"Dagger Spray","floor":3.0},{"not_picked":["Blade Dance","Prepared"],"picked":"Footwork","floor":4.0},{"not_picked":["Deflect","Acrobatics"],"picked":"A Thousand Cuts","floor":5.0},{"not_picked":["Backflip","Escape Plan"],"picked":"PiercingWail","floor":7.0},{"not_picked":["Accuracy","Choke","Blade Dance"],"picked":"SKIP","floor":8.0},{"not_picked":["Blade Dance","Eviscerate"],"picked":"Sucker Punch","floor":12},{"not_picked":["Outmaneuver","Underhanded Strike"],"picked":"PiercingWail","floor":14},{"not_picked":["Burst","Bullet Time"],"picked":"Corpse Explosion","floor":16},{"not_picked":["Outmaneuver","Dagger Spray","Reflex"],"picked":"SKIP","floor":18},{"not_picked":["Blade Dance","Quick Slash"],"picked":"Escape Plan","floor":22}],"player_experience":210128,"relics_obtained":[{"floor":7.0,"key":"Bag of Preparation"},{"floor":9.0,"key":"Vajra"}],"event_choices":[{"damage_healed":0,"gold_gain":0,"player_choice":"Forge","damage_taken":0,"max_hp_gain":0,"max_hp_loss":0,"event_name":"Accursed Blacksmith","floor":11,"gold_loss":0,"cards_upgraded":["Dagger Spray"]},{"damage_healed":0,"gold_gain":99,"player_choice":"Stole From Cult","damage_taken":0,"max_hp_gain":0,"max_hp_loss":0,"event_name":"Nest","floor":19,"gold_loss":0},{"damage_healed":0,"gold_gain":0,"player_choice":"Opened","damage_taken":0,"relics_obtained":["Boot"],"max_hp_gain":0,"max_hp_loss":0,"event_name":"The Mausoleum","floor":21,"gold_loss":0}],"is_beta":false,"boss_relics":[{"not_picked":["Runic Dome","White Beast Statue"],"picked":"Ring of the Serpent"}],"items_purged_floors":[20],"is_endless":false,"potions_floor_spawned":[1,4],"killed_by":"Slavers","ascension_level":13}