{"gold_per_floor":[118,118,68,80,95,95,123,133,133,133,148,148,148,164,164,164],"floor_reached":16,"playtime":448,"items_purged":["Defend_B"],"score":204,"play_id":"77c34cdf-481a-4637-95e2-6e861d3fdff2","local_time":"20190222235956","is_ascension_mode":true,"campfire_choices":[{"data":"Zap","floor":6,"key":"SMITH"},{"data":"Dualcast","floor":13,"key":"SMITH"},{"data":"Seek","floor":15,"key":"SMITH"}],"neow_cost":"NONE","seed_source_timestamp":35171519796200,"circlet_count":0,"master_deck":["AscendersBane","Strike_B","Strike_B","Strike_B","Defend_B","Defend_B","Defend_B","Zap+1","Dualcast+1","Ball Lightning","Conserve Battery","Cold Snap","Cold Snap","Seek+1"],"relics":["Cracked Core","Smiling Mask","Ice Cream","Bottled Lightning","Gremlin Horn"],"potions_floor_usage":[7,11,16],"damage_taken":[{"damage":3,"enemies":"2 Louse","floor":1,"turns":3},{"damage":1,"enemies":"Cultist","floor":4,"turns":3},{"damage":5,"enemies":"Small Slimes","floor":5,"turns":3},{"damage":13,"enemies":"3 Sentries","floor":7,"turns":8},{"damage":3,"enemies":"3 Louse","floor":8,"turns":3},{"damage":3,"enemies":"Exordium Thugs","floor":11,"turns":3},{"damage":0,"enemies":"2 Fungi Beasts","floor":14,"turns":2},{"damage":36,"enemies":"Hexaghost","floor":16,"turns":9}],"seed_played":"4564859856297132744","potions_obtained":[{"floor":5,"key":"Block Potion"},{"floor":7,"key":"Fire Potion"},{"floor":8,"key":"FearPotion"}],"is_trial":false,"path_per_floor":["M","?","$","M","M","R","E","M","T","?","M","?","R","M","R","B"],"character_chosen":"DEFECT","items_purchased":[],"campfire_rested":0,"item_purchase_floors":[],"current_hp_per_floor":[61,61,61,60,55,55,42,39,39,39,36,36,36,36,36,0],"gold":164,"neow_bonus":"RANDOM_COMMON_RELIC","is_prod":false,"is_daily":false,"chose_seed":false,"campfire_upgraded":3,"win_rate":0,"timestamp":1550872796,"path_taken":["M","?","$","?","M","R","E","M","T","?","?","?","R","M","R","BOSS"],"build_version":"2019-01-23","purchased_purges":1,"victory":false,"max_hp_per_floor":[71,71,71,71,71,71,71,71,71,71,71,71,71,71,71,71],"card_choices":[{"not_picked":["Cold Snap","Barrage"],"picked":"Ball Lightning","floor":1},{"not_picked":["Beam Cell","Rainbow"],"picked":"Conserve Battery","floor":4},{"not_picked":["Redo","Conserve Battery"],"picked":"Cold Snap","floor":5},{"not_picked":["Rebound","Tempest","Lockon"],"picked":"SKIP","floor":7},{"not_picked":["Coolheaded","Go for the Eyes","Redo"],"picked":"SKIP","floor":8},{"not_picked":["Rip and Tear","Force Field"],"picked":"Cold Snap","floor":11},{"not_picked":["Tempest","Cold Snap"],"picked":"Seek","floor":14}],"player_experience":891477,"relics_obtained":[{"floor":7,"key":"Ice Cream"},{"floor":9,"key":"Bottled Lightning"},{"floor":12,"key":"Gremlin Horn"}],"event_choices":[{"cards_removed":["Strike_B"],"damage_healed":0,"gold_gain":0,"player_choice":"Purged","damage_taken":0,"max_hp_gain":0,"max_hp_loss":0,"event_name":"Purifier","floor":2,"gold_loss":0},{"damage_healed":0,"gold_gain":0,"player_choice":"0 cards matched","damage_taken":0,"max_hp_gain":0,"max_hp_loss":0,"event_name":"Match and Keep!","floor":10,"gold_loss":0,"cards_obtained":[]},{"damage_healed":0,"gold_gain":0,"player_choice":"Relic","damage_taken":0,"max_hp_gain":0,"max_hp_loss":0,"event_name":"Wheel of Change","floor":12,"gold_loss":0}],"is_beta":false,"boss_relics":[],"items_purged_floors":[3],"is_endless":false,"potions_floor_spawned":[5,7,8],"killed_by":"Hexaghost","ascension_level":20}