{"gold_per_floor":[144,163,163,438,458,491,46,59,135,135,145,110,110,139,139,242,242,257,207,226,226,241,241,241,4,4,21,32,58,58,58,58,153,153,164,184,198,3,0,26,26,55,103,103,138,138,154,154,154,154,154,154,13,42,42],"floor_reached":56,"playtime":3704,"items_purged":["Regret","Dagger Throw","Regret"],"score":1414,"play_id":"5eeb3150-2bfd-480d-a947-99b7fa3d20dc","local_time":"20190103135842","is_ascension_mode":true,"campfire_choices":[{"data":"Catalyst","floor":10,"key":"SMITH"},{"data":"Deadly Poison","floor":13,"key":"SMITH"},{"data":"Noxious Fumes","floor":15,"key":"SMITH"},{"data":"Footwork","floor":30,"key":"SMITH"},{"data":"Noxious Fumes","floor":32,"key":"SMITH"},{"floor":41,"key":"RECALL"},{"data":"Tools of the Trade","floor":44,"key":"SMITH"},{"data":"Sucker Punch","floor":46,"key":"SMITH"},{"data":"Dodge and Roll","floor":49,"key":"SMITH"},{"data":"Deflect","floor":52,"key":"SMITH"}],"neow_cost":"NONE","seed_source_timestamp":1561923858572675,"circlet_count":0,"master_deck":["Defend_G","Defend_G","Defend_G","Defend_G","Defend_G","Survivor","Neutralize+1","Poisoned Stab","Flying Knee","Catalyst+1","Footwork+1","Deadly Poison+1","PiercingWail","Neutralize+1","Dodge and Roll+1","Noxious Fumes+1","Tools of the Trade+1","Deflect+1","Deadly Poison+1","Catalyst+1","Noxious Fumes+1","Dodge and Roll+1","Prepared+1","Well Laid Plans+1","Bite","Bite","Bite","Bite","Bite","Corpse Explosion+1","Prepared+1","Footwork+1","Dodge and Roll+1","Reflex+1","Bouncing Flask+1","Decay","Sucker Punch+1","PiercingWail+1","Acrobatics+1","Crippling Poison+1"],"relics":["Ring of the Snake","Tiny Chest","Torii","DollysMirror","The Courier","Strawberry","Cursed Key","Regal Pillow","Toxic Egg 2","Bottled Flame","Sozu","Oddly Smooth Stone","Red Mask","Turnip","Pantograph","Juzu Bracelet","Omamori","Gremlin Horn"],"potions_floor_usage":[16,16,29,40],"damage_taken":[{"damage":1,"enemies":"Cultist","floor":1,"turns":4},{"damage":0,"enemies":"2 Louse","floor":2,"turns":2},{"damage":0,"enemies":"Jaw Worm","floor":5,"turns":3},{"damage":37,"enemies":"Lagavulin","floor":6,"turns":6},{"damage":0,"enemies":"Exordium Thugs","floor":8,"turns":4},{"damage":0,"enemies":"Large Slime","floor":11,"turns":6},{"damage":3,"enemies":"3 Sentries","floor":14,"turns":8},{"damage":36,"enemies":"Slime Boss","floor":16,"turns":10},{"damage":1,"enemies":"Chosen","floor":18,"turns":5},{"damage":2,"enemies":"3 Byrds","floor":20,"turns":6},{"damage":2,"enemies":"Centurion and Healer","floor":22,"turns":7},{"damage":3,"enemies":"Cultist and Chosen","floor":27,"turns":3},{"damage":2,"enemies":"Chosen and Byrds","floor":28,"turns":6},{"damage":0,"enemies":"Gremlin Leader","floor":29,"turns":6},{"damage":1,"enemies":"Champ","floor":33,"turns":7},{"damage":13,"enemies":"3 Darklings","floor":35,"turns":4},{"damage":0,"enemies":"3 Shapes","floor":36,"turns":7},{"damage":0,"enemies":"Maw","floor":37,"turns":5},{"damage":10,"enemies":"Reptomancer","floor":40,"turns":6},{"damage":0,"enemies":"Nemesis","floor":42,"turns":5},{"damage":34,"enemies":"Reptomancer","floor":45,"turns":7},{"damage":7,"enemies":"4 Shapes","floor":47,"turns":5},{"damage":2,"enemies":"Time Eater","floor":50,"turns":9},{"damage":16,"enemies":"Shield and Spear","floor":54,"turns":6},{"damage":50,"enemies":"The Heart","floor":55,"turns":7}],"seed_played":"-4240800417227601459","potions_obtained":[{"floor":5,"key":"GamblersBrew"},{"floor":11,"key":"SpeedPotion"},{"floor":16,"key":"GhostInAJar"},{"floor":20,"key":"FearPotion"},{"floor":28,"key":"Swift Potion"}],"is_trial":false,"path_per_floor":["M","M","?","?","M","E","$","M","T","R","M","?","R","E","R","B",null,"M","?","M","?","M","?","?","$","T","M","M","E","R","?","R","B",null,"M","M","M","$","?","E","R","E","T","R","E","R","M","T","R","B",null,"R","$","E","B",null],"character_chosen":"THE_SILENT","items_purchased":["Footwork","Deadly Poison","PiercingWail","DollysMirror","Toxic Egg 2","Dodge and Roll+1","Oddly Smooth Stone","Acrobatics+1"],"campfire_rested":0,"item_purchase_floors":[7,7,7,7,25,25,38,53],"current_hp_per_floor":[69,69,69,69,69,32,32,32,32,32,32,49,49,53,53,17,77,76,76,74,74,72,56,56,56,56,53,51,51,51,51,51,53,53,46,53,53,53,53,51,51,53,53,53,29,29,28,28,28,53,53,53,53,43,9],"gold":42,"neow_bonus":"RANDOM_COMMON_RELIC","is_prod":false,"is_daily":false,"chose_seed":false,"campfire_upgraded":9,"win_rate":0,"timestamp":1546541922,"path_taken":["M","?","?","?","M","E","$","M","T","R","?","?","R","E","R","BOSS","M","?","?","?","?","?","?","$","T","M","?","E","R","?","R","BOSS","M","M","M","$","?","E","R","E","T","R","E","R","M","?","R","BOSS","R","$","E","BOSS"],"build_version":"2019-01-02","purchased_purges":3,"victory":true,"max_hp_per_floor":[70,70,70,70,70,70,70,70,70,70,70,70,70,77,77,77,77,77,77,77,77,77,77,77,77,77,77,77,77,77,53,53,53,53,53,53,53,53,53,53,53,53,53,53,53,53,53,53,53,53,53,53,53,53,53],"card_choices":[{"not_picked":["Cloak And Dagger","Slice"],"picked":"Poisoned Stab","floor":1},{"not_picked":["Outmaneuver","Prepared"],"picked":"Dagger Throw","floor":2},{"not_picked":["PiercingWail","Flechettes"],"picked":"Flying Knee","floor":5},{"not_picked":["Dagger Throw","Grand Finale"],"picked":"Catalyst","floor":6},{"not_picked":["Flechettes","Prepared","Dagger Throw"],"picked":"SKIP","floor":8},{"not_picked":["Blade Dance","Cloak And Dagger"],"picked":"Dodge and Roll","floor":11},{"not_picked":["All Out Attack","Sucker Punch"],"picked":"Noxious Fumes","floor":14},{"not_picked":["Venomology","Unload"],"picked":"Tools of the Trade","floor":16},{"not_picked":["Accuracy+1","Dagger Throw"],"picked":"Deflect","floor":18},{"not_picked":["Sucker Punch","Acrobatics+1"],"picked":"Deadly Poison+1","floor":20},{"not_picked":["Predator","Dagger Throw"],"picked":"Noxious Fumes","floor":22},{"not_picked":["Concentrate+1","Outmaneuver+1"],"picked":"Prepared+1","floor":27},{"not_picked":["Dash","Predator"],"picked":"Well Laid Plans+1","floor":28},{"not_picked":["Flechettes+1","Well Laid Plans","Backstab+1"],"picked":"SKIP","floor":29},{"not_picked":["Glass Knife","Venomology+1"],"picked":"Corpse Explosion+1","floor":33},{"not_picked":["Bane","Underhanded Strike+1"],"picked":"Prepared+1","floor":35},{"not_picked":["Terror+1","Endless Agony"],"picked":"Footwork+1","floor":36},{"not_picked":["Slice","Quick Slash"],"picked":"Dodge and Roll+1","floor":37},{"not_picked":["Caltrops","Predator+1"],"picked":"Reflex+1","floor":40},{"not_picked":["Tools of the Trade","Sucker Punch"],"picked":"Bouncing Flask+1","floor":42},{"not_picked":["Underhanded Strike","Outmaneuver+1"],"picked":"Sucker Punch","floor":45},{"not_picked":["Tactician+1","Prepared+1"],"picked":"PiercingWail+1","floor":47},{"not_picked":["Cloak And Dagger+1","Dagger Throw+1"],"picked":"Crippling Poison+1","floor":54}],"player_experience":3974428,"relics_obtained":[{"floor":6,"key":"Torii"},{"floor":9,"key":"The Courier"},{"floor":14,"key":"Strawberry"},{"floor":29,"key":"Bottled Flame"},{"floor":40,"key":"Turnip"},{"floor":42,"key":"Pantograph"},{"floor":45,"key":"Juzu Bracelet"},{"floor":48,"key":"Omamori"},{"floor":54,"key":"Gremlin Horn"}],"event_choices":[{"damage_healed":0,"gold_gain":0,"player_choice":"Grow","damage_taken":0,"max_hp_gain":0,"max_hp_loss":0,"event_name":"Living Wall","floor":3,"gold_loss":0,"cards_upgraded":["Neutralize"]},{"damage_healed":0,"gold_gain":275,"player_choice":"Desecrate","damage_taken":0,"max_hp_gain":0,"max_hp_loss":0,"event_name":"Golden Shrine","floor":4,"gold_loss":0,"cards_obtained":["Regret"]},{"damage_healed":17,"gold_gain":0,"player_choice":"Healed","damage_taken":0,"max_hp_gain":0,"max_hp_loss":0,"event_name":"The Cleric","floor":12,"gold_loss":35},{"damage_healed":0,"gold_gain":0,"player_choice":"Bet on Owner","damage_taken":0,"max_hp_gain":0,"max_hp_loss":0,"event_name":"The Joust","floor":19,"gold_loss":50},{"damage_healed":0,"gold_gain":0,"player_choice":"Copied","damage_taken":0,"max_hp_gain":0,"max_hp_loss":0,"event_name":"Duplicator","floor":21,"gold_loss":0,"cards_obtained":["Catalyst"]},{"damage_healed":0,"gold_gain":0,"player_choice":"Obtained Book","damage_taken":16,"max_hp_gain":0,"max_hp_loss":0,"event_name":"Cursed Tome","floor":23,"gold_loss":0},{"damage_healed":0,"gold_gain":0,"player_choice":"Gave Potion","damage_taken":0,"relics_obtained":["Regal Pillow"],"max_hp_gain":0,"max_hp_loss":0,"event_name":"WeMeetAgain","floor":24,"gold_loss":0},{"damage_healed":0,"gold_gain":0,"player_choice":"Became a vampire","damage_taken":0,"max_hp_gain":0,"max_hp_loss":24,"event_name":"Vampires","floor":31,"gold_loss":0,"cards_obtained":["Bite","Bite","Bite","Bite","Bite"]},{"damage_healed":0,"gold_gain":0,"player_choice":"Paid","damage_taken":0,"relics_obtained":["Red Mask"],"max_hp_gain":0,"max_hp_loss":0,"event_name":"Tomb of Lord Red Mask","floor":39,"gold_loss":3}],"is_beta":true,"boss_relics":[{"not_picked":["Tiny House","Eternal Feather"],"picked":"Cursed Key"},{"not_picked":["White Beast Statue","Philosopher\u0027s Stone"],"picked":"Sozu"}],"items_purged_floors":[7,38,53],"is_endless":false,"potions_floor_spawned":[5,11,16,20,28,40,42,47],"ascension_level":1}