{"gold_per_floor":[116,127,127,147,157,183,200,200,200,210,230,230,0,33,33,131,131,100,25,35,54,69,94,94,127,127,127,156,175,175,189,189,189],"floor_reached":33,"playtime":2073,"items_purged":["Strike_G"],"score":514,"play_id":"0ebf38f7-37a4-4832-9cd7-b5d48147fa05","local_time":"20190217191235","is_ascension_mode":true,"campfire_choices":[{"floor":8,"key":"REST"},{"data":"Burst","floor":15,"key":"SMITH"},{"floor":24,"key":"REST"},{"floor":27,"key":"REST"},{"floor":32,"key":"REST"}],"neow_cost":"NONE","seed_source_timestamp":27314897640898,"circlet_count":0,"master_deck":["AscendersBane","Defend_G","Defend_G","Defend_G","Defend_G","Defend_G","Strike_G","Strike_G","Survivor","Neutralize","Quick Slash","Well Laid Plans","Sucker Punch+1","Adrenaline+1","Flying Knee","Deadly Poison","Poisoned Stab","Burst+1","After Image","Skewer","Dagger Spray+1","Doubt","Backflip+1","Blade Dance+1","Footwork","PiercingWail+1"],"relics":["Ring of the Snake","Lantern","Orichalcum","StoneCalendar","Snake Skull","Incense Burner","Cursed Key","The Specimen","Toxic Egg 2","Bag of Preparation","Regal Pillow"],"potions_floor_usage":[4,6,14,14,25,25,31],"damage_taken":[{"damage":2,"enemies":"Jaw Worm","floor":1,"turns":4},{"damage":11,"enemies":"Small Slimes","floor":2,"turns":4},{"damage":0,"enemies":"Cultist","floor":4,"turns":4},{"damage":0,"enemies":"Looter","floor":5,"turns":4},{"damage":26,"enemies":"Lagavulin","floor":6,"turns":9},{"damage":1,"enemies":"2 Fungi Beasts","floor":7,"turns":3},{"damage":5,"enemies":"Blue Slaver","floor":10,"turns":3},{"damage":3,"enemies":"Large Slime","floor":11,"turns":6},{"damage":6,"enemies":"Gremlin Nob","floor":14,"turns":3},{"damage":17,"enemies":"The Guardian","floor":16,"turns":9},{"damage":4,"enemies":"2 Thieves","floor":18,"turns":5},{"damage":0,"enemies":"Spheric Guardian","floor":20,"turns":5},{"damage":8,"enemies":"Snake Plant","floor":21,"turns":3},{"damage":6,"enemies":"Centurion and Healer","floor":22,"turns":7},{"damage":14,"enemies":"Book of Stabbing","floor":23,"turns":6},{"damage":42,"enemies":"Gremlin Leader","floor":25,"turns":7},{"damage":6,"enemies":"Book of Stabbing","floor":28,"turns":5},{"damage":5,"enemies":"Shelled Parasite and Fungi","floor":29,"turns":7},{"damage":0,"enemies":"Snecko","floor":31,"turns":4},{"damage":60,"enemies":"Champ","floor":33,"turns":13}],"seed_played":"6668400773262210578","potions_obtained":[{"floor":2,"key":"EssenceOfSteel"},{"floor":4,"key":"Fruit Juice"},{"floor":5,"key":"SmokeBomb"},{"floor":7,"key":"Weak Potion"},{"floor":11,"key":"Fire Potion"},{"floor":20,"key":"PowerPotion"},{"floor":22,"key":"FearPotion"},{"floor":29,"key":"Poison Potion"}],"is_trial":false,"path_per_floor":["M","M","?","M","M","E","M","R","T","M","M","?","$","E","R","B",null,"M","$","M","M","M","E","R","E","T","R","E","M","?","M","R","B"],"character_chosen":"THE_SILENT","items_purchased":["Snake Skull","Regen Potion"],"campfire_rested":4,"item_purchase_floors":[13,13],"current_hp_per_floor":[61,50,43,48,48,22,21,43,43,38,35,20,20,26,26,9,59,55,55,55,47,41,27,49,7,7,29,23,18,18,18,55,0],"gold":189,"neow_bonus":"RANDOM_COMMON_RELIC","is_prod":false,"is_daily":false,"chose_seed":false,"campfire_upgraded":1,"win_rate":0,"timestamp":1550459555,"path_taken":["M","M","?","M","M","E","M","R","T","M","M","?","$","E","R","BOSS","M","$","M","M","M","E","R","E","T","R","E","M","?","M","R","BOSS"],"build_version":"2019-01-23","purchased_purges":1,"victory":false,"max_hp_per_floor":[70,70,70,75,75,75,75,75,75,75,75,75,75,75,75,75,75,75,75,75,75,75,75,75,75,75,75,75,75,75,75,75,75],"card_choices":[{"not_picked":["Outmaneuver","Acrobatics","Prepared"],"picked":"SKIP","floor":1},{"not_picked":["Setup","Masterful Stab"],"picked":"Quick Slash","floor":2},{"not_picked":["Bane","Dagger Spray"],"picked":"Well Laid Plans","floor":4},{"not_picked":["Endless Agony","Outmaneuver"],"picked":"Sucker Punch","floor":5},{"not_picked":["Dagger Spray","Cloak And Dagger"],"picked":"Adrenaline","floor":6},{"not_picked":["Sucker Punch","Slice"],"picked":"Flying Knee","floor":7},{"not_picked":["Flying Knee","Catalyst"],"picked":"Deadly Poison","floor":10},{"not_picked":["Backflip","Tactician"],"picked":"Poisoned Stab","floor":11},{"not_picked":["Flechettes","Crippling Poison"],"picked":"Burst","floor":14},{"not_picked":["Glass Knife","Envenom"],"picked":"After Image","floor":16},{"not_picked":["Bane","Flying Knee","Underhanded Strike"],"picked":"SKIP","floor":18},{"not_picked":["Slice","Underhanded Strike","Tactician"],"picked":"SKIP","floor":20},{"not_picked":["Flechettes","Riddle With Holes","Blade Dance"],"picked":"SKIP","floor":21},{"not_picked":["Underhanded Strike","Grand Finale"],"picked":"Skewer","floor":22},{"not_picked":["Bane","Dagger Throw","Blade Dance"],"picked":"SKIP","floor":23},{"not_picked":["Bane","Finisher"],"picked":"Dagger Spray+1","floor":25},{"not_picked":["Calculated Gamble+1","Night Terror+1"],"picked":"Backflip+1","floor":28},{"not_picked":["Masterful Stab","Flechettes"],"picked":"Blade Dance+1","floor":29},{"not_picked":["Slice","Footwork"],"picked":"PiercingWail+1","floor":31}],"player_experience":195546,"relics_obtained":[{"floor":6,"key":"Orichalcum"},{"floor":9,"key":"StoneCalendar"},{"floor":14,"key":"Incense Burner"},{"floor":23,"key":"The Specimen"},{"floor":25,"key":"Toxic Egg 2"},{"floor":26,"key":"Bag of Preparation"},{"floor":28,"key":"Regal Pillow"}],"event_choices":[{"cards_removed":["Strike_G"],"damage_healed":0,"gold_gain":0,"player_choice":"Card Removal","damage_taken":7,"max_hp_gain":0,"max_hp_loss":0,"event_name":"Golden Wing","floor":3,"gold_loss":0},{"damage_healed":0,"gold_gain":0,"player_choice":"Entered Light","damage_taken":15,"max_hp_gain":0,"max_hp_loss":0,"event_name":"Shining Light","floor":12,"gold_loss":0,"cards_upgraded":["Sucker Punch","Adrenaline"]},{"damage_healed":0,"gold_gain":0,"cards_transformed":["Strike_G"],"player_choice":"Transformed","damage_taken":0,"max_hp_gain":0,"max_hp_loss":0,"event_name":"Transmorgrifier","floor":30,"gold_loss":0,"cards_obtained":["Footwork"]}],"is_beta":false,"boss_relics":[{"not_picked":["Coffee Dripper","Sozu"],"picked":"Cursed Key"}],"items_purged_floors":[19],"is_endless":false,"potions_floor_spawned":[2,4,5,7,11,20,22,23,29],"killed_by":"Champ","ascension_level":12}