{"gold_per_floor":[114,114,114,129,50,81,81,81,107,123,123,137,137,166,166,238,238,252,172,172,172,97,97,115,142,169,169,183,183,183,199,199,271,271,287,1286,1296,1296,1314,1314,1314,320,346,346,365,365,394,394,394,394],"floor_reached":51,"playtime":1796,"items_purged":["Strike_B+1","Normality"],"score":1403,"play_id":"3b6ad733-ea68-4824-977f-fe03975a1125","local_time":"20190222193442","is_ascension_mode":true,"campfire_choices":[{"data":"Self Repair","floor":7.0,"key":"SMITH"},{"data":"Conserve Battery","floor":11.0,"key":"SMITH"},{"data":"Go for the Eyes","floor":13.0,"key":"SMITH"},{"data":"Capacitor","floor":15.0,"key":"SMITH"},{"data":"RitualDagger","floor":23.0,"key":"SMITH"},{"data":"Consume","floor":27.0,"key":"SMITH"},{"data":"Seek","floor":32.0,"key":"SMITH"},{"floor":40,"key":"REST"},{"data":"Defragment","floor":44,"key":"SMITH"},{"data":"1","floor":46,"key":"LIFT"},{"floor":49,"key":"REST"}],"neow_cost":"NONE","seed_source_timestamp":17828535664200,"circlet_count":0,"master_deck":["AscendersBane","Strike_B+1","Strike_B+1","Defend_B+1","Defend_B+1","Defend_B+1","Zap+1","Dualcast","Conserve Battery+1","Ball Lightning","Self Repair+1","White Noise","Rainbow","Go for the Eyes+1","Capacitor+1","Seek+1","Conserve Battery","Cold Snap+1","RitualDagger+1","Consume+1","Steam+1","Seek","Normality","Panacea","Coolheaded+1","Defragment+1","White Noise"],"special_seed":0,"relics":["Cracked Core","NeowsBlessing","DataDisk","Bag of Preparation","Sozu","Dream Catcher","Orichalcum","MutagenicStrength","Nuclear Battery","Strange Spoon","Ornamental Fan","Girya","Art of War","Centennial Puzzle"],"potions_floor_usage":[],"damage_taken":[{"damage":0.0,"enemies":"2 Louse","floor":1.0,"turns":1.0},{"damage":0.0,"enemies":"Small Slimes","floor":4.0,"turns":1.0},{"damage":0.0,"enemies":"3 Sentries","floor":6.0,"turns":1.0},{"damage":1.0,"enemies":"Cultist","floor":10.0,"turns":3.0},{"damage":15.0,"enemies":"Exordium Wildlife","floor":12.0,"turns":4.0},{"damage":2.0,"enemies":"Lagavulin","floor":14.0,"turns":6.0},{"damage":45.0,"enemies":"The Guardian","floor":16.0,"turns":10.0},{"damage":11.0,"enemies":"Chosen","floor":18.0,"turns":5.0},{"damage":17.0,"enemies":"2 Thieves","floor":19.0,"turns":4.0},{"damage":15.0,"enemies":"Snecko","floor":24.0,"turns":4.0},{"damage":12.0,"enemies":"Slavers","floor":25.0,"turns":6.0},{"damage":1.0,"enemies":"3 Cultists","floor":28.0,"turns":5.0},{"damage":15.0,"enemies":"Sentry and Sphere","floor":31.0,"turns":5.0},{"damage":35.0,"enemies":"Collector","floor":33.0,"turns":7.0},{"damage":0.0,"enemies":"3 Shapes","floor":35.0,"turns":4.0},{"damage":14.0,"enemies":"Orb Walker","floor":37.0,"turns":4.0},{"damage":32,"enemies":"Spire Growth","floor":39,"turns":5},{"damage":17,"enemies":"Writhing Mass","floor":45,"turns":6},{"damage":25,"enemies":"Nemesis","floor":47,"turns":7},{"damage":54,"enemies":"Time Eater","floor":50,"turns":14}],"seed_played":"4258691806132067957","potions_obtained":[{"floor":1.0,"key":"Weak Potion"},{"floor":4.0,"key":"Block Potion"},{"floor":6.0,"key":"Poison Potion"},{"floor":16.0,"key":"SteroidPotion"}],"is_trial":false,"path_per_floor":["M","?","?","M","$","E","R","?","T","M","R","M","R","E","R","B",null,"M","M","?","?","$","R","M","E","T","R","M","?","?","M","R","B",null,"M","?","M","?","M","R","?","$","T","R","M","R","E","?","R","B",null],"character_chosen":"DEFECT","items_purchased":["Self Repair","Defragment","Strange Spoon","Ornamental Fan","Girya"],"campfire_rested":2,"item_purchase_floors":[5,42,42,42,42],"current_hp_per_floor":[64,64,69,69,69,69,69,69,69,76,76,71,71,76,76,41,67,66,59,59,53,53,53,48,46,46,46,55,55,55,50,50,25,63,73,73,69,69,47,69,69,69,69,69,62,62,47,47,68,24],"gold":394,"neow_bonus":"THREE_ENEMY_KILL","is_prod":false,"is_daily":false,"chose_seed":false,"campfire_upgraded":8,"win_rate":0,"timestamp":1550856882,"path_taken":["M","?","?","M","$","E","R","?","T","?","R","M","R","E","R","BOSS","M","M","?","?","$","R","M","E","T","R","M","?","?","M","R","BOSS","M","?","M","?","M","R","?","$","T","R","?","R","E","?","R","BOSS"],"build_version":"2019-01-23","purchased_purges":2,"victory":true,"max_hp_per_floor":[71,71,76,76,76,76,76,76,76,76,76,76,76,76,76,76,76,76,76,76,76,76,76,76,76,76,76,76,76,76,76,76,76,76,76,76,76,76,76,76,72,72,72,72,72,72,72,72,72,72],"card_choices":[{"not_picked":["Static Discharge","BootSequence"],"picked":"Conserve Battery","floor":1.0},{"not_picked":["Hologram","Gash"],"picked":"Ball Lightning","floor":4.0},{"not_picked":["Streamline","Skim"],"picked":"White Noise","floor":6.0},{"not_picked":["Redo","Doom and Gloom","Hologram"],"picked":"SKIP","floor":10.0},{"not_picked":["Melter","Undo"],"picked":"Go for the Eyes","floor":12.0},{"not_picked":["Heatsinks","Machine Learning"],"picked":"Capacitor","floor":14.0},{"not_picked":["Multi-Cast","Hyperbeam"],"picked":"Seek","floor":16.0},{"not_picked":["Rebound","Rip and Tear"],"picked":"Conserve Battery","floor":18.0},{"not_picked":["Reprogram+1","Sweeping Beam+1"],"picked":"Cold Snap+1","floor":19.0},{"not_picked":["Gash","Hello World","Storm"],"picked":"SKIP","floor":24.0},{"not_picked":["Double Energy","Electrodynamics"],"picked":"Consume","floor":25.0},{"not_picked":["Undo","Redo","Leap"],"picked":"SKIP","floor":28.0},{"not_picked":["Darkness","Recycle"],"picked":"Steam+1","floor":31.0},{"not_picked":["Fission","Reboot"],"picked":"Seek","floor":33.0},{"not_picked":["Blizzard+1","Fusion","Hello World"],"picked":"SKIP","floor":35.0},{"not_picked":["Coolheaded","Beam Cell","Redo"],"picked":"SKIP","floor":37.0},{"not_picked":["Purity","Deep Breath"],"picked":"Panacea","floor":38.0},{"not_picked":["Go for the Eyes","Self Repair","Ball Lightning"],"picked":"SKIP","floor":39},{"not_picked":["Beam Cell","Storm"],"picked":"Coolheaded+1","floor":40},{"not_picked":["Sweeping Beam","Beam Cell","FTL+1"],"picked":"SKIP","floor":45},{"not_picked":["Coolheaded","Fusion","Meteor Strike"],"picked":"SKIP","floor":47},{"not_picked":["Hologram","Rebound"],"picked":"White Noise","floor":49}],"player_experience":875499,"relics_obtained":[{"floor":9.0,"key":"DataDisk"},{"floor":14.0,"key":"Bag of Preparation"},{"floor":25.0,"key":"Dream Catcher"},{"floor":26.0,"key":"Orichalcum"},{"floor":43,"key":"Art of War"},{"floor":47,"key":"Centennial Puzzle"}],"event_choices":[{"damage_healed":0.0,"max_hp_gain":0.0,"max_hp_loss":0.0,"gold_gain":0.0,"event_name":"Living Wall","player_choice":"Grow","floor":2.0,"gold_loss":0.0,"damage_taken":0.0,"cards_upgraded":["Zap"]},{"damage_healed":0.0,"max_hp_gain":5.0,"max_hp_loss":0.0,"gold_gain":0.0,"event_name":"Big Fish","player_choice":"Donut","floor":3.0,"gold_loss":0.0,"damage_taken":0.0},{"damage_healed":0.0,"max_hp_gain":0.0,"max_hp_loss":0.0,"gold_gain":0.0,"cards_transformed":["Defend_B"],"event_name":"Transmorgrifier","player_choice":"Transformed","floor":8.0,"gold_loss":0.0,"damage_taken":0.0,"cards_obtained":["Rainbow"]},{"damage_healed":0.0,"max_hp_gain":0.0,"max_hp_loss":0.0,"gold_gain":0.0,"event_name":"Back to Basics","player_choice":"Simplicity","floor":20.0,"gold_loss":0.0,"damage_taken":0.0,"cards_upgraded":["Strike_B","Strike_B","Strike_B","Strike_B","Defend_B","Defend_B","Defend_B"]},{"damage_healed":0.0,"max_hp_gain":0.0,"max_hp_loss":0.0,"gold_gain":0.0,"event_name":"Nest","player_choice":"Joined the Cult","floor":21.0,"gold_loss":0.0,"damage_taken":6.0,"cards_obtained":["RitualDagger"]},{"damage_healed":0.0,"max_hp_gain":0.0,"max_hp_loss":0.0,"gold_gain":0.0,"event_name":"Drug Dealer","player_choice":"Inject Mutagens","floor":29.0,"gold_loss":0.0,"damage_taken":0.0,"relics_obtained":["MutagenicStrength"]},{"damage_healed":0.0,"max_hp_gain":0.0,"max_hp_loss":0.0,"gold_gain":0.0,"cards_transformed":["Strike_B"],"event_name":"Transmorgrifier","player_choice":"Transformed","floor":30.0,"gold_loss":0.0,"damage_taken":0.0,"cards_obtained":["Steam Power"]},{"damage_healed":0.0,"max_hp_gain":0.0,"max_hp_loss":0.0,"gold_gain":999.0,"event_name":"MindBloom","player_choice":"Gold","floor":36.0,"gold_loss":0.0,"damage_taken":0.0,"cards_obtained":["Normality","Normality"]},{"damage_healed":0.0,"max_hp_gain":0.0,"max_hp_loss":0.0,"gold_gain":0.0,"event_name":"SensoryStone","player_choice":"Memory 1","floor":38.0,"gold_loss":0.0,"damage_taken":0.0},{"damage_healed":0,"gold_gain":0,"player_choice":"Max HP","damage_taken":0,"max_hp_gain":0,"max_hp_loss":4,"event_name":"Winding Halls","floor":41,"gold_loss":0},{"cards_removed":["Steam Power"],"damage_healed":0,"gold_gain":0,"player_choice":"Purged","damage_taken":0,"max_hp_gain":0,"max_hp_loss":0,"event_name":"Purifier","floor":48,"gold_loss":0}],"is_beta":false,"boss_relics":[{"not_picked":["Ectoplasm","Snecko Eye"],"picked":"Sozu"},{"not_picked":["Empty Cage","Eternal Feather"],"picked":"Nuclear Battery"}],"items_purged_floors":[22,42],"is_endless":false,"potions_floor_spawned":[1,4,6,16,18,24,25,33,37],"ascension_level":18}