{"gold_per_floor":[217,234,234,18,32,59,59,30,30,30],"floor_reached":10,"playtime":413,"items_purged":[],"score":66,"play_id":"aeec4b52-3572-4ad3-ada0-393fa213ffc6","local_time":"20190215182214","is_ascension_mode":false,"campfire_choices":[],"neow_cost":"NONE","seed_source_timestamp":183487319651400,"circlet_count":0,"master_deck":["Strike_B","Strike_B","Strike_B","Strike_B+1","Defend_B","Defend_B","Defend_B","Defend_B","Zap+1","Dualcast","Compile Driver","Blizzard","conspire:SharedLibrary","BasicCrystalCard","Hello World+1"],"relics":["Cracked Core","NeowsBlessing","Membership Card","Boot","Blue Doll"],"potions_floor_usage":[10],"damage_taken":[{"damage":0,"enemies":"Small Slimes","floor":1,"turns":1},{"damage":0,"enemies":"2 Louse","floor":2,"turns":1},{"damage":0,"enemies":"conspire:RoseBush","floor":5,"turns":1},{"damage":47,"enemies":"3 Sentries","floor":6,"turns":8},{"damage":16,"enemies":"Gremlin Nob","floor":10,"turns":3}],"seed_played":"2252147239673203299","potions_obtained":[{"floor":1,"key":"Regen Potion"},{"floor":5,"key":"FocusPotion"}],"is_trial":false,"path_per_floor":["M","M","?","$","M","E","?","$","T","E"],"character_chosen":"DEFECT","items_purchased":["Membership Card","conspire:SharedLibrary","Hello World+1"],"campfire_rested":0,"item_purchase_floors":[4,4,8],"current_hp_per_floor":[75,75,60,60,60,13,13,13,13,0],"gold":30,"neow_bonus":"THREE_ENEMY_KILL","is_prod":false,"is_daily":false,"chose_seed":false,"campfire_upgraded":0,"win_rate":0.0,"timestamp":1550272934,"path_taken":["M","M","?","$","M","E","?","$","T","E"],"build_version":"2019-01-23","purchased_purges":0,"victory":false,"max_hp_per_floor":[75,75,75,75,75,75,75,75,75,75],"card_choices":[{"not_picked":["Steam","Streamline"],"picked":"Compile Driver","floor":1},{"not_picked":["Auto Shields","Go for the Eyes"],"picked":"Blizzard","floor":2},{"not_picked":["Gash","ReplayTheSpireMod:Repulse"],"picked":"BasicCrystalCard","floor":5},{"not_picked":["Compile Driver","Skim","Panic Button"],"picked":"SKIP","floor":6}],"player_experience":85034,"relics_obtained":[{"floor":6,"key":"Boot"},{"floor":9,"key":"Blue Doll"}],"event_choices":[{"damage_healed":0,"gold_gain":0,"player_choice":"Entered Light","damage_taken":15,"max_hp_gain":0,"max_hp_loss":0,"event_name":"Shining Light","floor":3,"gold_loss":0,"cards_upgraded":["Zap","Strike_B"]},{"damage_healed":0,"gold_gain":0,"player_choice":"Ignored","damage_taken":0,"max_hp_gain":0,"max_hp_loss":0,"event_name":"Golden Wing","floor":7,"gold_loss":0}],"is_beta":false,"boss_relics":[],"items_purged_floors":[],"is_endless":false,"potions_floor_spawned":[1,5],"killed_by":"Gremlin Nob","ascension_level":0}