{"gold_per_floor":[10,10,10,25,42,70,70,83,83,95,95,121,121,134,134,236,236,250,262,281,297,309,335,335,367,367,85,10,20,50,66,66,162,162,172,182,182,32,0,27,41,41,95,129,141,141],"floor_reached":46,"playtime":3571,"items_purged":["Heavy Blade","Perfected Strike+1"],"score":634,"play_id":"4f9cf0a7-12cc-456b-a25f-5eda32b373e3","local_time":"20190121193539","is_ascension_mode":true,"campfire_choices":[{"data":"Armaments","floor":7.0,"key":"SMITH"},{"data":"Intimidate","floor":11.0,"key":"SMITH"},{"data":"Juggernaut","floor":13.0,"key":"SMITH"},{"data":"Warcry","floor":15.0,"key":"SMITH"},{"data":"Offering","floor":24.0,"key":"SMITH"},{"data":"True Grit","floor":32.0,"key":"SMITH"}],"neow_cost":"NO_GOLD","seed_source_timestamp":0,"circlet_count":0,"master_deck":["Strike_R","Strike_R","Defend_R","Defend_R","Defend_R","Defend_R","Bash","Reaper","Intimidate+1","Armaments+1","Warcry+1","Juggernaut+1","Offering+1","True Grit+1","Iron Wave+1","Body Slam+1","Shockwave","Offering+1","Flame Barrier","Shrug It Off+1","Body Slam+1","Exhume","Shrug It Off","Impervious","Body Slam+1","Sentinel","Secret Weapon","Evolve+1"],"special_seed":0,"relics":["Burning Blood","Torii","Gambling Chip","Self Forming Clay","Pantograph","Mark of Pain","Bottled Lightning","Molten Egg 2","Prayer Wheel","DollysMirror","Shuriken","Runic Cube","Red Mask","Anchor","Centennial Puzzle","Orichalcum"],"potions_floor_usage":[],"damage_taken":[{"damage":1.0,"enemies":"Cultist","floor":1.0,"turns":3.0},{"damage":7.0,"enemies":"Jaw Worm","floor":4.0,"turns":4.0},{"damage":0.0,"enemies":"2 Louse","floor":5.0,"turns":3.0},{"damage":47.0,"enemies":"3 Sentries","floor":6.0,"turns":11.0},{"damage":33.0,"enemies":"Exordium Thugs","floor":8.0,"turns":7.0},{"damage":3.0,"enemies":"3 Louse","floor":10.0,"turns":4.0},{"damage":11.0,"enemies":"Gremlin Nob","floor":12.0,"turns":5.0},{"damage":7.0,"enemies":"Blue Slaver","floor":14.0,"turns":4.0},{"damage":37.0,"enemies":"The Guardian","floor":16.0,"turns":14.0},{"damage":15.0,"enemies":"Spheric Guardian","floor":18.0,"turns":4.0},{"damage":17.0,"enemies":"3 Byrds","floor":19.0,"turns":4.0},{"damage":8.0,"enemies":"Snake Plant","floor":20.0,"turns":3.0},{"damage":14.0,"enemies":"3 Cultists","floor":21.0,"turns":6.0},{"damage":8.0,"enemies":"Snecko","floor":22.0,"turns":6.0},{"damage":37.0,"enemies":"Slavers","floor":23.0,"turns":6.0},{"damage":12.0,"enemies":"Book of Stabbing","floor":25.0,"turns":5.0},{"damage":12.0,"enemies":"Shelled Parasite and Fungi","floor":29.0,"turns":5.0},{"damage":12.0,"enemies":"Slavers","floor":30.0,"turns":5.0},{"damage":12.0,"enemies":"Snake Plant","floor":31.0,"turns":3.0},{"damage":81.0,"enemies":"Collector","floor":33.0,"turns":9.0},{"damage":33.0,"enemies":"3 Darklings","floor":35.0,"turns":5.0},{"damage":12.0,"enemies":"3 Shapes","floor":36.0,"turns":2.0},{"damage":18.0,"enemies":"Giant Head","floor":40.0,"turns":3.0},{"damage":18.0,"enemies":"Jaw Worm Horde","floor":41.0,"turns":3.0},{"damage":41.0,"enemies":"Nemesis","floor":44.0,"turns":7.0},{"damage":14.0,"enemies":"Transient","floor":45.0,"turns":5.0},{"damage":27,"enemies":"4 Shapes","floor":46,"turns":2}],"seed_played":"-1607457627867721034","potions_obtained":[{"floor":6.0,"key":"EssenceOfSteel"},{"floor":10.0,"key":"Block Potion"},{"floor":12.0,"key":"Regen Potion"},{"floor":19.0,"key":"Explosive Potion"},{"floor":22.0,"key":"Fire Potion"},{"floor":25.0,"key":"FearPotion"},{"floor":36.0,"key":"BloodPotion"},{"floor":45.0,"key":"FearPotion"}],"is_trial":false,"path_per_floor":["M","?","$","M","M","E","R","M","T","M","R","E","R","M","R","B",null,"M","M","M","M","M","E","R","E","T","$","?","M","E","M","R","B",null,"M","M","?","$","?","E","M","?","T","E","M","M"],"character_chosen":"IRONCLAD","items_purchased":["DollysMirror","PowerPotion"],"campfire_rested":0,"item_purchase_floors":[27,38],"current_hp_per_floor":[80,80,80,79,80,51,51,28,28,46,46,41,41,40,40,34,80,75,69,67,73,71,49,49,49,49,49,49,47,53,47,47,18,80,53,49,49,49,49,37,37,37,37,11,8,0],"gold":141,"neow_bonus":"ONE_RARE_RELIC","is_prod":false,"is_daily":false,"chose_seed":false,"campfire_upgraded":6,"win_rate":0,"timestamp":1548120939,"path_taken":["M","?","?","M","M","E","R","M","T","M","R","E","R","?","R","BOSS","M","M","M","M","M","E","R","E","T","$","?","M","E","M","R","BOSS","M","M","?","$","?","E","M","?","T","E","M","M"],"build_version":"2018-11-15","purchased_purges":2,"victory":false,"max_hp_per_floor":[80,80,80,80,80,80,80,80,80,80,80,80,80,80,80,80,80,80,80,80,80,80,80,80,80,80,80,80,80,80,80,80,80,80,80,80,80,80,80,80,80,80,80,80,80,80],"card_choices":[{"not_picked":["Twin Strike","Clothesline"],"picked":"Heavy Blade","floor":1.0},{"not_picked":["Wild Strike","Perfected Strike"],"picked":"Reaper","floor":4.0},{"not_picked":["Iron Wave","Clash"],"picked":"Intimidate","floor":5.0},{"not_picked":["Clothesline","Sword Boomerang"],"picked":"Armaments","floor":6.0},{"not_picked":["Cleave","Heavy Blade"],"picked":"Warcry","floor":8.0},{"not_picked":["Hemokinesis","Havoc","Clash"],"picked":"SKIP","floor":10.0},{"not_picked":["Demon Form","Feel No Pain"],"picked":"Juggernaut","floor":12.0},{"not_picked":["Twin Strike","Cleave","Heavy Blade"],"picked":"SKIP","floor":14.0},{"not_picked":["Double Tap","Reaper"],"picked":"Offering","floor":16.0},{"not_picked":["Headbutt","Wild Strike+1","Anger+1"],"picked":"SKIP","floor":18.0},{"not_picked":["Warcry","Battle Trance"],"picked":"True Grit","floor":19.0},{"not_picked":["Shockwave","Blood for Blood"],"picked":"Iron Wave+1","floor":20.0},{"not_picked":["Havoc+1","Pommel Strike"],"picked":"Body Slam+1","floor":21.0},{"not_picked":["Heavy Blade+1","Reckless Charge+1"],"picked":"Shockwave","floor":22.0},{"not_picked":["Armaments","True Grit","Disarm"],"picked":"SKIP","floor":23.0},{"not_picked":["Power Through","Limit Break","Headbutt"],"picked":"SKIP","floor":25.0},{"not_picked":["Evolve","Havoc+1"],"picked":"Flame Barrier","floor":29.0},{"not_picked":["Wild Strike+1","Armaments","Infernal Blade+1"],"picked":"SKIP","floor":29.0},{"not_picked":["Feel No Pain+1","Flex"],"picked":"Shrug It Off+1","floor":30.0},{"not_picked":["Perfected Strike+1","Hemokinesis+1"],"picked":"Body Slam+1","floor":31.0},{"not_picked":["Cleave+1","Second Wind","Shockwave+1"],"picked":"SKIP","floor":31.0},{"not_picked":["Dark Embrace","Double Tap"],"picked":"Exhume","floor":33.0},{"not_picked":["Flex+1","Anger+1"],"picked":"Shrug It Off","floor":35.0},{"not_picked":["True Grit","Clothesline+1","Cleave+1"],"picked":"SKIP","floor":35.0},{"not_picked":["Clash+1","Perfected Strike+1"],"picked":"Impervious","floor":36.0},{"not_picked":["Havoc","Whirlwind+1"],"picked":"Body Slam+1","floor":36.0},{"not_picked":["Flex","Intimidate","Sword Boomerang+1"],"picked":"SKIP","floor":40.0},{"not_picked":["Sever Soul+1","Clothesline+1"],"picked":"Sentinel","floor":41.0},{"not_picked":["Anger+1","Whirlwind+1","Clothesline+1"],"picked":"SKIP","floor":41.0},{"not_picked":["Metamorphosis","Panache"],"picked":"Secret Weapon","floor":42.0},{"not_picked":["Power Through","Combust"],"picked":"Evolve+1","floor":44.0},{"not_picked":["Flex+1","Dual Wield+1","Heavy Blade+1"],"picked":"SKIP","floor":45.0},{"not_picked":["Havoc+1","Body Slam+1","True Grit+1"],"picked":"SKIP","floor":45.0}],"player_experience":305392,"relics_obtained":[{"floor":6.0,"key":"Gambling Chip"},{"floor":9.0,"key":"Self Forming Clay"},{"floor":12.0,"key":"Pantograph"},{"floor":23.0,"key":"Bottled Lightning"},{"floor":25.0,"key":"Molten Egg 2"},{"floor":26.0,"key":"Prayer Wheel"},{"floor":30.0,"key":"Shuriken"},{"floor":40.0,"key":"Anchor"},{"floor":43.0,"key":"Centennial Puzzle"},{"floor":44.0,"key":"Orichalcum"}],"event_choices":[{"cards_removed":["Strike_R"],"damage_healed":0.0,"max_hp_gain":0.0,"max_hp_loss":0.0,"gold_gain":0.0,"event_name":"Bonfire Elementals","player_choice":"Offered Basic","floor":2.0,"gold_loss":0.0,"damage_taken":0.0},{"cards_removed":["Strike_R"],"damage_healed":0.0,"max_hp_gain":0.0,"max_hp_loss":0.0,"gold_gain":0.0,"event_name":"Beggar","player_choice":"Gave Gold","floor":28.0,"gold_loss":75.0,"damage_taken":0.0},{"damage_healed":0.0,"max_hp_gain":0.0,"max_hp_loss":0.0,"gold_gain":0.0,"cards_transformed":["Strike_R"],"event_name":"Transmorgrifier","player_choice":"Transformed","floor":37.0,"gold_loss":0.0,"damage_taken":0.0,"cards_obtained":["Perfected Strike"]},{"damage_healed":0.0,"max_hp_gain":0.0,"max_hp_loss":0.0,"gold_gain":0.0,"event_name":"Tomb of Lord Red Mask","player_choice":"Paid","floor":39.0,"gold_loss":32.0,"damage_taken":0.0,"relics_obtained":["Red Mask"]},{"damage_healed":0.0,"max_hp_gain":0.0,"max_hp_loss":0.0,"gold_gain":0.0,"event_name":"SensoryStone","player_choice":"Memory 1","floor":42.0,"gold_loss":0.0,"damage_taken":0.0}],"is_beta":false,"boss_relics":[{"not_picked":["Busted Crown","Ectoplasm"],"picked":"Mark of Pain"},{"not_picked":["Philosopher\u0027s Stone","Astrolabe"],"picked":"Runic Cube"}],"items_purged_floors":[27,38],"is_endless":false,"potions_floor_spawned":[6,10,12,19,22,25,29,31,36,45],"killed_by":"4 Shapes","ascension_level":1}