{"gold_per_floor":[116,127,52,66,66,66,84,84,84,84,84,145,145,145,145,145],"floor_reached":16,"playtime":480,"items_purged":["Dualcast"],"score":117,"play_id":"9a02bfdb-c9b0-4486-bd91-8a305f73b16c","local_time":"20190209024912","is_ascension_mode":true,"campfire_choices":[{"data":"Zap","floor":6,"key":"SMITH"},{"data":"Defend_B","floor":8,"key":"SMITH"},{"data":"Defend_B","floor":10,"key":"SMITH"},{"data":"Defend_B","floor":15,"key":"SMITH"}],"neow_cost":"NONE","seed_source_timestamp":25824762570327,"circlet_count":0,"master_deck":["Strike_B","Strike_B","Strike_B","Defend_B+1","Defend_B+1","Defend_B","Defend_B+1","Zap+1"],"relics":["Cracked Core","NeowsBlessing","Sundial","Pear","Art of War"],"potions_floor_usage":[12],"damage_taken":[{"damage":0,"enemies":"Cultist","floor":1,"turns":1},{"damage":0,"enemies":"2 Louse","floor":2,"turns":1},{"damage":0,"enemies":"Jaw Worm","floor":4,"turns":1},{"damage":8,"enemies":"2 Fungi Beasts","floor":7,"turns":5},{"damage":24,"enemies":"3 Sentries","floor":12,"turns":9},{"damage":59,"enemies":"Slime Boss","floor":16,"turns":13}],"seed_played":"-3574515691022483551","potions_obtained":[{"floor":2,"key":"Regen Potion"},{"floor":7,"key":"SpeedPotion"}],"is_trial":false,"path_per_floor":["M","M","$","M","?","R","M","R","T","R","$","?","?","?","R","B"],"character_chosen":"DEFECT","items_purchased":[],"campfire_rested":0,"item_purchase_floors":[],"current_hp_per_floor":[75,75,75,75,68,68,60,60,60,60,60,61,66,54,54,0],"gold":145,"neow_bonus":"THREE_ENEMY_KILL","is_prod":false,"is_daily":false,"chose_seed":false,"campfire_upgraded":4,"win_rate":0,"timestamp":1549709352,"path_taken":["M","?","$","M","?","R","M","R","T","R","$","?","?","?","R","BOSS"],"build_version":"2019-01-23","purchased_purges":1,"victory":false,"max_hp_per_floor":[75,75,75,75,75,75,75,75,75,75,75,85,90,90,90,90],"card_choices":[{"not_picked":["Coolheaded","Conserve Battery","Streamline"],"picked":"SKIP","floor":1},{"not_picked":["Reprogram","Lockon","Glacier"],"picked":"SKIP","floor":2},{"not_picked":["Ball Lightning","Compile Driver","Chill"],"picked":"SKIP","floor":4},{"not_picked":["Conserve Battery","Genetic Algorithm","Redo"],"picked":"SKIP","floor":7}],"player_experience":147114,"relics_obtained":[{"floor":9,"key":"Sundial"},{"floor":12,"key":"Pear"}],"event_choices":[{"cards_removed":["Strike_B"],"damage_healed":0,"gold_gain":0,"player_choice":"Card Removal","damage_taken":7,"max_hp_gain":0,"max_hp_loss":0,"event_name":"Golden Wing","floor":5,"gold_loss":0},{"damage_healed":0,"gold_gain":30,"player_choice":"Searched \u00272\u0027 times","damage_taken":0,"max_hp_gain":0,"max_hp_loss":0,"event_name":"Dead Adventurer","floor":12,"gold_loss":0},{"damage_healed":0,"gold_gain":0,"player_choice":"Donut","damage_taken":0,"max_hp_gain":5,"max_hp_loss":0,"event_name":"Big Fish","floor":13,"gold_loss":0},{"damage_healed":0,"gold_gain":0,"player_choice":"Success","damage_taken":12,"relics_obtained":["Art of War"],"max_hp_gain":0,"max_hp_loss":0,"event_name":"Scrap Ooze","floor":14,"gold_loss":0}],"is_beta":false,"boss_relics":[],"items_purged_floors":[3],"is_endless":false,"potions_floor_spawned":[2,7],"killed_by":"Slime Boss","ascension_level":1}