{"gold_per_floor":[114,114,127,181,199,233,233,266,266,299,315,315,344,360,360,460,460,470,490,507,539,284,319,319,354,406,432,449,475,488,500,500,598,598,608,708,722,722,739,774,786,786,812,829,854,888,109,136,136,136],"floor_reached":51,"playtime":5033,"items_purged":["Strike_B"],"score":1191,"play_id":"4ebd1fe0-4c8b-421c-9276-1c3cac9aaa37","local_time":"20190222123104","is_ascension_mode":true,"campfire_choices":[{"data":"Zap","floor":7.0,"key":"SMITH"},{"floor":12.0,"key":"REST"},{"data":"Dualcast","floor":15.0,"key":"SMITH"},{"data":"Apotheosis","floor":32,"key":"SMITH"},{"data":"Seek","floor":42,"key":"SMITH"},{"data":"Go for the Eyes","floor":49,"key":"SMITH"}],"neow_cost":"NONE","seed_source_timestamp":306629553429302,"circlet_count":0,"master_deck":["Zap+1","Dualcast+1","Blind","BootSequence","Tempest","Go for the Eyes+1","Seek+1","Capacitor","Tempest","Ball Lightning","Electrodynamics","Biased Cognition","Tempest","Reinforced Body","Chill+1","Conserve Battery+1","Apotheosis+1","Chill+1","Echo Form","Stack+1","Coolheaded+1","Conserve Battery","Sunder","Echo Form","Consume","Conserve Battery","Amplify","Reprogram","Recycle","Loop","Static Discharge","Storm+1","Conserve Battery+1","Conserve Battery+1","Sunder+1","Fission+1","Chill+1","Consume+1","Secret Technique+1"],"special_seed":0,"relics":["Cracked Core","Tiny Chest","Boot","Cables","Pocketwatch","Omamori","Bottled Flame","Inserter","Red Mask","Ice Cream","Shuriken","Pantograph","Blood Vial","WingedGreaves","Meat on the Bone","Pandora\u0027s Box","Emotion Chip","Toxic Egg 2","StoneCalendar","Potion Belt","Dream Catcher","Art of War","OrangePellets","War Paint","Question Card"],"potions_floor_usage":[21,27,29,33,40,41,50,50,50,50,50],"damage_taken":[{"damage":2.0,"enemies":"2 Louse","floor":1.0,"turns":2.0},{"damage":0.0,"enemies":"Jaw Worm","floor":3.0,"turns":3.0},{"damage":0.0,"enemies":"Cultist","floor":5.0,"turns":3.0},{"damage":10.0,"enemies":"Lagavulin","floor":6.0,"turns":5.0},{"damage":7.0,"enemies":"Gremlin Nob","floor":8.0,"turns":3.0},{"damage":29.0,"enemies":"3 Sentries","floor":10.0,"turns":7.0},{"damage":0.0,"enemies":"Large Slime","floor":11.0,"turns":2.0},{"damage":16.0,"enemies":"Gremlin Nob","floor":13.0,"turns":3.0},{"damage":0.0,"enemies":"Exordium Wildlife","floor":14.0,"turns":3.0},{"damage":2.0,"enemies":"Slime Boss","floor":16.0,"turns":6.0},{"damage":10.0,"enemies":"3 Byrds","floor":18.0,"turns":3.0},{"damage":6.0,"enemies":"Spheric Guardian","floor":19.0,"turns":3.0},{"damage":18.0,"enemies":"Snake Plant","floor":20.0,"turns":3.0},{"damage":10,"enemies":"Masked Bandits","floor":21,"turns":3},{"damage":9,"enemies":"Book of Stabbing","floor":23,"turns":5},{"damage":12,"enemies":"Gremlin Leader","floor":25,"turns":5},{"damage":4,"enemies":"Book of Stabbing","floor":27,"turns":4},{"damage":0,"enemies":"Chosen and Byrds","floor":28,"turns":4},{"damage":7,"enemies":"Slavers","floor":29,"turns":4},{"damage":0,"enemies":"Shelled Parasite and Fungi","floor":30,"turns":7},{"damage":0,"enemies":"Snecko","floor":31,"turns":5},{"damage":14,"enemies":"Automaton","floor":33,"turns":8},{"damage":0,"enemies":"3 Shapes","floor":35,"turns":5},{"damage":27,"enemies":"Mind Bloom Boss Battle","floor":36,"turns":3},{"damage":1,"enemies":"Orb Walker","floor":37,"turns":3},{"damage":0,"enemies":"Sphere and 2 Shapes","floor":39,"turns":5},{"damage":36,"enemies":"Giant Head","floor":40,"turns":8},{"damage":10,"enemies":"Spire Growth","floor":41,"turns":5},{"damage":8,"enemies":"3 Darklings","floor":44,"turns":4},{"damage":1,"enemies":"Nemesis","floor":45,"turns":5},{"damage":0,"enemies":"Giant Head","floor":46,"turns":6},{"damage":0,"enemies":"Nemesis","floor":48,"turns":7},{"damage":0,"enemies":"Donu and Deca","floor":50,"turns":5}],"seed_played":"3887760429642838531","potions_obtained":[{"floor":3.0,"key":"Energy Potion"},{"floor":5.0,"key":"SkillPotion"},{"floor":11.0,"key":"Ancient Potion"},{"floor":13.0,"key":"Block Potion"},{"floor":14.0,"key":"SpeedPotion"},{"floor":19.0,"key":"FocusPotion"},{"floor":23,"key":"SteroidPotion"},{"floor":27,"key":"SpeedPotion"},{"floor":29,"key":"FearPotion"},{"floor":35,"key":"Regen Potion"},{"floor":37,"key":"Energy Potion"},{"floor":44,"key":"Block Potion"},{"floor":48,"key":"EssenceOfSteel"}],"is_trial":false,"path_per_floor":["M","?","M","T","M","E","R","E","T","E","M","R","E","M","R","B",null,"M","M","M","?","$","E","T","E","T","E","M","E","M","M","R","B",null,"M","?","M","T","M","E","M","R","T","M","E","E","$","E","R","B",null],"character_chosen":"DEFECT","items_purchased":["Apotheosis","OrangePellets","War Paint","Consume+1","Secret Technique+1","EssenceOfSteel","Ancient Potion"],"campfire_rested":1,"item_purchase_floors":[22,47,47,47,47,47,47],"current_hp_per_floor":[73,58,58,58,58,48,48,41,41,12,12,34,18,18,18,16,75,65,59,41,31,31,22,22,10,10,8,10,5,19,33,33,46,75,75,48,49,49,51,29,47,47,47,41,42,44,44,46,46,73],"gold":136,"neow_bonus":"RANDOM_COLORLESS","is_prod":false,"is_daily":false,"chose_seed":false,"campfire_upgraded":5,"win_rate":0,"timestamp":1550867464,"path_taken":["M","?","M","?","M","E","R","E","T","E","?","R","E","M","R","BOSS","M","M","M","?","$","E","?","E","T","E","M","E","M","?","R","BOSS","M","?","M","?","M","E","?","R","T","M","E","E","$","E","R","BOSS"],"build_version":"2019-01-23","purchased_purges":1,"victory":true,"max_hp_per_floor":[75,75,75,75,75,75,75,75,75,75,75,75,75,75,75,75,75,75,75,75,75,75,75,75,75,75,75,75,75,75,75,75,75,75,75,75,75,75,75,75,75,75,75,75,75,75,75,75,75,75],"card_choices":[{"not_picked":["Aggregate","Ball Lightning"],"picked":"BootSequence","floor":1.0},{"not_picked":["Sweeping Beam","Beam Cell"],"picked":"Tempest","floor":3.0},{"not_picked":["Stack","Rebound"],"picked":"Go for the Eyes","floor":5.0},{"not_picked":["Chill","Rebound"],"picked":"Seek","floor":6.0},{"not_picked":["Aggregate","Rebound"],"picked":"Capacitor","floor":8.0},{"not_picked":["Scrape","Rip and Tear"],"picked":"Tempest","floor":10.0},{"not_picked":["Genetic Algorithm","Rip and Tear"],"picked":"Ball Lightning","floor":11.0},{"not_picked":["Scrape","Storm","Darkness"],"picked":"SKIP","floor":13.0},{"not_picked":["Consume","Barrage"],"picked":"Electrodynamics","floor":14.0},{"not_picked":["Machine Learning","Buffer"],"picked":"Biased Cognition","floor":16.0},{"not_picked":["Hologram","Streamline"],"picked":"Tempest","floor":18.0},{"not_picked":["Cold Snap+1","Gash+1"],"picked":"Reinforced Body","floor":19.0},{"not_picked":["Skim","Stack+1"],"picked":"Chill+1","floor":20.0},{"not_picked":["Turbo","Redo"],"picked":"Conserve Battery","floor":21},{"not_picked":["Cold Snap+1","Doom and Gloom"],"picked":"Chill","floor":23},{"not_picked":["Melter+1","Rebound"],"picked":"Echo Form","floor":25},{"not_picked":["Hologram","Gash"],"picked":"Stack+1","floor":27},{"not_picked":["Skim+1","Beam Cell"],"picked":"Coolheaded+1","floor":28},{"not_picked":["Rebound","Compile Driver"],"picked":"Conserve Battery","floor":29},{"not_picked":["Steam Power","Force Field"],"picked":"Sunder","floor":30},{"not_picked":["Leap","Compile Driver+1","Beam Cell"],"picked":"SKIP","floor":31},{"not_picked":["Rainbow","Creative AI"],"picked":"Echo Form","floor":33},{"not_picked":["Hologram+1","BootSequence"],"picked":"Storm+1","floor":35},{"not_picked":["Melter","Go for the Eyes"],"picked":"Conserve Battery+1","floor":36},{"not_picked":["Sweeping Beam+1","Hologram+1","Ball Lightning+1"],"picked":"SKIP","floor":37},{"not_picked":["Lockon+1","Leap+1"],"picked":"Conserve Battery+1","floor":39},{"not_picked":["Aggregate+1","Doom and Gloom"],"picked":"Sunder+1","floor":40},{"not_picked":["Aggregate+1","Cold Snap"],"picked":"Fission+1","floor":41},{"not_picked":["Leap+1","Compile Driver","Coolheaded+1"],"picked":"SKIP","floor":44},{"not_picked":["Reinforced Body+1","Compile Driver"],"picked":"Chill+1","floor":45},{"not_picked":["Beam Cell","Leap+1","Coolheaded+1"],"picked":"SKIP","floor":46},{"not_picked":["Scrape+1","Skim+1","Cold Snap"],"picked":"SKIP","floor":48}],"player_experience":292378,"relics_obtained":[{"floor":4.0,"key":"Tiny Chest"},{"floor":6.0,"key":"Boot"},{"floor":8.0,"key":"Cables"},{"floor":9.0,"key":"Pocketwatch"},{"floor":10.0,"key":"Omamori"},{"floor":13.0,"key":"Bottled Flame"},{"floor":21,"key":"Red Mask"},{"floor":23,"key":"Ice Cream"},{"floor":24,"key":"Shuriken"},{"floor":25,"key":"Pantograph"},{"floor":26,"key":"Blood Vial"},{"floor":27,"key":"WingedGreaves"},{"floor":29,"key":"Meat on the Bone"},{"floor":36,"key":"Emotion Chip"},{"floor":38,"key":"Toxic Egg 2"},{"floor":40,"key":"StoneCalendar"},{"floor":43,"key":"Potion Belt"},{"floor":45,"key":"Dream Catcher"},{"floor":46,"key":"Art of War"},{"floor":48,"key":"Question Card"}],"event_choices":[{"damage_healed":0.0,"max_hp_gain":0.0,"max_hp_loss":0.0,"gold_gain":0.0,"event_name":"Shining Light","player_choice":"Entered Light","floor":2.0,"gold_loss":0.0,"damage_taken":15.0,"cards_upgraded":["Strike_B","Defend_B"]},{"damage_healed":0,"gold_gain":0,"player_choice":"Fought Bandits","damage_taken":0,"max_hp_gain":0,"max_hp_loss":0,"event_name":"Masked Bandits","floor":21,"gold_loss":0},{"damage_healed":0,"gold_gain":0,"player_choice":"Fight","damage_taken":0,"max_hp_gain":0,"max_hp_loss":0,"event_name":"MindBloom","floor":36,"gold_loss":0}],"is_beta":false,"boss_relics":[{"not_picked":["Eternal Feather","Orrery"],"picked":"Inserter"},{"not_picked":["Lizard Tail","White Beast Statue"],"picked":"Pandora\u0027s Box"}],"items_purged_floors":[22],"is_endless":false,"potions_floor_spawned":[3,5,11,13,14,19,23,27,29,31,35,37,44,48],"ascension_level":3}