{"gold_per_floor":[359,376,394,410,485,511,61,94,119,131,162,172,172,172,172,272,272,282,282,294,113,113,113,148,162,162,162,162,162,1,29,29,125,125,137,137,137,3,19,44,44,63,90,115,132,132,159,101,101,101,101,101,32,65,65],"floor_reached":56,"playtime":4490,"items_purged":["Strike_R","Berserk"],"score":1476,"play_id":"31281356-9764-450d-a85a-f9e35f50a91b","local_time":"20181210044154","is_ascension_mode":true,"campfire_choices":[{"data":"Barricade","floor":13,"key":"SMITH"},{"data":"Inflame","floor":15,"key":"SMITH"},{"floor":23,"key":"REST"},{"data":"Offering","floor":27,"key":"SMITH"},{"data":"Evolve","floor":29,"key":"SMITH"},{"floor":32,"key":"REST"},{"floor":41,"key":"RECALL"},{"floor":49,"key":"REST"},{"data":"Metallicize","floor":52,"key":"SMITH"}],"neow_cost":"TEN_PERCENT_HP_LOSS","seed_source_timestamp":1378464673948396,"circlet_count":0,"master_deck":["Strike_R","Strike_R","Strike_R","Defend_R+1","Defend_R","Defend_R","Defend_R","Bash","Rage","Seeing Red","Burning Pact","Headbutt","Clash","Inflame+1","Armaments+1","Clash","Rage","Barricade+1","Anger+1","Uppercut+1","Burning Pact+1","Offering+1","Anger+1","Iron Wave+1","True Grit+1","Sever Soul","Evolve+1","Sever Soul+1","Clash","Exhume+1","Metallicize+1","Exhume+1","Good Instincts+1","Deep Breath+1","Deep Breath+1","Shockwave+1","Good Instincts+1","Metallicize","Burning Pact+1","True Grit+1","Armaments+1","Battle Trance+1","Shrug It Off+1","Impervious+1","Rage+1","Entrench+1","Metallicize+1","Bandage Up+1","Warcry+1","Intimidate+1"],"relics":["Burning Blood","Ornamental Fan","Membership Card","Blood Vial","Bag of Marbles","Art of War","Omamori","Runic Dome","Tiny Chest","Whetstone","Toxic Egg 2","Kunai","Ancient Tea Set","Mark of Pain","Vajra","War Paint","Smiling Mask","Calipers","Dodecahedron","Strawberry"],"potions_floor_usage":[6,6,8,8,24,55,55,55],"damage_taken":[{"damage":1,"enemies":"Cultist","floor":1,"turns":3},{"damage":0,"enemies":"2 Louse","floor":2,"turns":3},{"damage":6,"enemies":"Jaw Worm","floor":3,"turns":5},{"damage":11,"enemies":"Looter","floor":4,"turns":4},{"damage":26,"enemies":"Lagavulin","floor":6,"turns":5},{"damage":13,"enemies":"3 Sentries","floor":8,"turns":8},{"damage":5,"enemies":"Lots of Slimes","floor":10,"turns":3},{"damage":0,"enemies":"Lagavulin","floor":11,"turns":7},{"damage":0,"enemies":"2 Fungi Beasts","floor":12,"turns":2},{"damage":29,"enemies":"The Guardian","floor":16,"turns":12},{"damage":11,"enemies":"3 Byrds","floor":18,"turns":6},{"damage":40,"enemies":"2 Thieves","floor":20,"turns":3},{"damage":20,"enemies":"Gremlin Leader","floor":24,"turns":10},{"damage":6,"enemies":"Centurion and Healer","floor":25,"turns":5},{"damage":5,"enemies":"Colosseum Slavers","floor":28,"turns":4},{"damage":49,"enemies":"Slavers","floor":31,"turns":7},{"damage":32,"enemies":"Champ","floor":33,"turns":10},{"damage":6,"enemies":"3 Darklings","floor":35,"turns":9},{"damage":9,"enemies":"Orb Walker","floor":39,"turns":3},{"damage":6,"enemies":"Nemesis","floor":40,"turns":7},{"damage":12,"enemies":"Maw","floor":42,"turns":6},{"damage":0,"enemies":"Giant Head","floor":44,"turns":7},{"damage":25,"enemies":"Writhing Mass","floor":45,"turns":7},{"damage":6,"enemies":"Reptomancer","floor":47,"turns":11},{"damage":22,"enemies":"Donu and Deca","floor":50,"turns":10},{"damage":64,"enemies":"Shield and Spear","floor":54,"turns":15},{"damage":7,"enemies":"The Heart","floor":55,"turns":16}],"seed_played":"-500283058846935845","potions_obtained":[{"floor":2,"key":"AttackPotion"},{"floor":4,"key":"Energy Potion"},{"floor":6,"key":"SkillPotion"},{"floor":8,"key":"Dexterity Potion"},{"floor":10,"key":"Regen Potion"},{"floor":20,"key":"SteroidPotion"},{"floor":24,"key":"Dexterity Potion"},{"floor":25,"key":"Ancient Potion"},{"floor":44,"key":"PowerPotion"}],"is_trial":false,"path_per_floor":["M","M","M","M","?","E","$","E","T","M","E","M","R","?","R","B",null,"M","?","M","$","?","R","E","M","T","R","?","R","$","E","R","B",null,"M","?","T","$","M","E","R","M","T","E","M","T","E","$","R","B",null,"R","$","E","B",null],"character_chosen":"IRONCLAD","items_purchased":["Membership Card","Regen Potion","Inflame","Armaments","Clash","Rage","Blood Vial","True Grit","Sever Soul","Evolve","Tiny Chest","Kunai","Exhume+1","Shockwave+1","Good Instincts+1","Metallicize","Burning Pact+1","Entrench+1","Metallicize","Bandage Up+1","Warcry+1"],"campfire_rested":3,"item_purchase_floors":[7,7,7,7,7,7,7,21,21,21,21,30,30,38,38,38,38,48,48,53,53],"current_hp_per_floor":[72,72,72,67,56,36,36,46,46,49,57,65,65,65,65,44,72,67,67,35,35,35,56,59,61,61,61,64,64,64,23,44,20,72,72,62,62,62,61,63,63,59,59,67,50,50,52,52,72,56,72,72,72,33,52],"gold":65,"neow_bonus":"TWO_FIFTY_GOLD","is_prod":false,"is_daily":false,"chose_seed":false,"campfire_upgraded":5,"win_rate":0,"timestamp":1544434914,"path_taken":["M","?","M","M","?","E","$","E","T","M","E","M","R","?","R","BOSS","M","?","?","$","?","R","E","?","T","R","?","R","$","E","R","BOSS","M","?","?","$","M","E","R","M","T","E","M","?","E","$","R","BOSS","R","$","E","BOSS"],"build_version":"2018-12-06","purchased_purges":2,"victory":true,"max_hp_per_floor":[72,72,72,72,72,72,72,72,72,72,72,72,72,72,72,72,72,72,72,72,72,72,72,72,72,72,72,72,72,72,72,72,72,72,72,72,72,72,72,72,72,72,72,72,72,72,72,72,72,72,72,72,72,79,79],"card_choices":[{"not_picked":["Flex","Clash"],"picked":"Rage","floor":1},{"not_picked":["Second Wind","Combust"],"picked":"Seeing Red","floor":2},{"not_picked":["Hemokinesis","Havoc"],"picked":"Burning Pact","floor":3},{"not_picked":["Disarm","Warcry"],"picked":"Headbutt","floor":4},{"not_picked":["Heavy Blade","Headbutt"],"picked":"Clash","floor":6},{"not_picked":["Dropkick","Thunderclap"],"picked":"Barricade","floor":8},{"not_picked":["Seeing Red","Warcry"],"picked":"Anger","floor":10},{"not_picked":["Carnage","Disarm"],"picked":"Uppercut","floor":11},{"not_picked":["Body Slam","Flex"],"picked":"Burning Pact","floor":12},{"not_picked":["Exhume","Barricade"],"picked":"Offering","floor":16},{"not_picked":["Cleave","Perfected Strike"],"picked":"Anger+1","floor":18},{"not_picked":["Perfected Strike","Clash"],"picked":"Iron Wave+1","floor":20},{"not_picked":["Seeing Red","Thunderclap"],"picked":"Sever Soul+1","floor":24},{"not_picked":["Thunderclap","Twin Strike"],"picked":"Clash","floor":25},{"not_picked":["Blood for Blood","Intimidate+1"],"picked":"Metallicize+1","floor":31},{"not_picked":["Dark Embrace","Bludgeon"],"picked":"Exhume+1","floor":33},{"not_picked":["Wild Strike","Pummel+1","Heavy Blade"],"picked":"SKIP","floor":35},{"not_picked":["The Bomb+1","Forethought+1"],"picked":"Good Instincts+1","floor":36},{"not_picked":["Bandage Up+1","Enlightenment+1"],"picked":"Deep Breath+1","floor":36},{"not_picked":["Finesse+1","Good Instincts+1"],"picked":"Deep Breath+1","floor":36},{"not_picked":["Seeing Red+1","Reckless Charge+1"],"picked":"True Grit+1","floor":39},{"not_picked":["Burning Pact+1","Dark Embrace"],"picked":"Armaments+1","floor":40},{"not_picked":["Sword Boomerang","Body Slam"],"picked":"Battle Trance+1","floor":42},{"not_picked":["Thunderclap+1","Bloodletting+1"],"picked":"Shrug It Off+1","floor":44},{"not_picked":["Hemokinesis+1","Bloodletting+1"],"picked":"Impervious+1","floor":45},{"not_picked":["True Grit+1","Clothesline+1"],"picked":"Rage+1","floor":47},{"not_picked":["Fire Breathing","Rupture+1"],"picked":"Intimidate+1","floor":54}],"player_experience":3741477,"relics_obtained":[{"floor":6,"key":"Ornamental Fan"},{"floor":8,"key":"Bag of Marbles"},{"floor":9,"key":"Art of War"},{"floor":11,"key":"Omamori"},{"floor":24,"key":"Whetstone"},{"floor":26,"key":"Toxic Egg 2"},{"floor":31,"key":"Ancient Tea Set"},{"floor":40,"key":"Vajra"},{"floor":43,"key":"War Paint"},{"floor":44,"key":"Smiling Mask"},{"floor":46,"key":"Calipers"},{"floor":47,"key":"Dodecahedron"},{"floor":54,"key":"Strawberry"}],"event_choices":[{"damage_healed":0,"gold_gain":75,"player_choice":"Gather Gold","damage_taken":11,"max_hp_gain":0,"max_hp_loss":0,"event_name":"World of Goop","floor":5,"gold_loss":0},{"damage_healed":0,"gold_gain":0,"player_choice":"Grow","damage_taken":0,"max_hp_gain":0,"max_hp_loss":0,"event_name":"Living Wall","floor":14,"gold_loss":0,"cards_upgraded":["Armaments"]},{"damage_healed":0,"gold_gain":0,"cards_transformed":["Strike_R"],"player_choice":"Transformed","damage_taken":0,"max_hp_gain":0,"max_hp_loss":0,"event_name":"Transmorgrifier","floor":19,"gold_loss":0,"cards_obtained":["Berserk"]},{"damage_healed":0,"gold_gain":0,"player_choice":"Upgraded","damage_taken":0,"max_hp_gain":0,"max_hp_loss":0,"event_name":"Upgrade Shrine","floor":22,"gold_loss":0,"cards_upgraded":["True Grit"]},{"damage_healed":0,"gold_gain":0,"player_choice":"Fight","damage_taken":0,"max_hp_gain":0,"max_hp_loss":0,"event_name":"Colosseum","floor":28,"gold_loss":0},{"damage_healed":0,"gold_gain":0,"player_choice":"Fled From Nobs","damage_taken":0,"max_hp_gain":0,"max_hp_loss":0,"event_name":"Colosseum","floor":28,"gold_loss":0},{"damage_healed":0,"gold_gain":0,"player_choice":"Memory 3","damage_taken":10,"max_hp_gain":0,"max_hp_loss":0,"event_name":"SensoryStone","floor":36,"gold_loss":0}],"is_beta":true,"boss_relics":[{"not_picked":["Fusion Hammer","Ectoplasm"],"picked":"Runic Dome"},{"not_picked":["White Beast Statue","Runic Pyramid"],"picked":"Mark of Pain"}],"items_purged_floors":[7,21],"is_endless":false,"potions_floor_spawned":[2,4,6,8,10,20,24,25,39,44],"ascension_level":1}