{"gold_per_floor":[112,112,180,190,190,204,168,187,242,266,116,132,32,50,50,50],"floor_reached":16,"playtime":1717,"items_purged":["Strike_R","Strike_R"],"score":94,"play_id":"af361155-37b0-4a01-9dd2-fdcd46c6d45a","local_time":"20190218001611","is_ascension_mode":false,"campfire_choices":[{"floor":15,"key":"REST"}],"neow_cost":"NONE","seed_source_timestamp":5732125305091,"circlet_count":0,"master_deck":["Strike_R","Strike_R","Strike_R","Defend_R","Defend_R","Defend_R","Defend_R","Bash","Purity","Rampage","Shockwave","Feel No Pain+1","Purity","Reaper"],"relics":["Burning Blood","Kunai","Frozen Egg 2","Letter Opener","MawBank"],"potions_floor_usage":[8,16,16,16],"damage_taken":[{"damage":7,"enemies":"2 Louse","floor":1,"turns":3},{"damage":16,"enemies":"Jaw Worm","floor":4,"turns":5},{"damage":1,"enemies":"Cultist","floor":6,"turns":4},{"damage":8,"enemies":"Large Slime","floor":8,"turns":6},{"damage":21,"enemies":"Exordium Wildlife","floor":10,"turns":5},{"damage":7,"enemies":"Looter","floor":12,"turns":4},{"damage":2,"enemies":"Blue Slaver","floor":14,"turns":5},{"damage":76,"enemies":"Hexaghost","floor":16,"turns":12}],"seed_played":"-2059486917061395032","potions_obtained":[{"floor":6,"key":"SkillPotion"},{"floor":10,"key":"Strength Potion"},{"floor":12,"key":"Block Potion"},{"floor":14,"key":"EssenceOfSteel"}],"is_trial":false,"path_per_floor":["M","?","T","M","T","M","?","M","T","M","$","M","$","M","R","B"],"character_chosen":"IRONCLAD","items_purchased":["Purity"],"campfire_rested":1,"item_purchase_floors":[11],"current_hp_per_floor":[79,61,61,51,51,56,56,54,54,39,39,38,38,42,66,0],"gold":50,"neow_bonus":"RANDOM_COLORLESS","is_prod":false,"is_daily":false,"chose_seed":false,"campfire_upgraded":0,"win_rate":0.0,"timestamp":1550466971,"path_taken":["M","?","?","M","?","?","?","M","T","M","$","M","$","M","R","BOSS"],"build_version":"2019-01-23","purchased_purges":2,"victory":false,"max_hp_per_floor":[80,80,80,80,80,80,80,80,80,80,80,80,80,80,80,80],"card_choices":[{"not_picked":["Clash","Heavy Blade","Headbutt"],"picked":"SKIP","floor":1},{"not_picked":["Infernal Blade","Clash","Power Through"],"picked":"SKIP","floor":4},{"not_picked":["Thunderclap","Clash"],"picked":"Rampage","floor":6},{"not_picked":["Havoc","Ghostly Armor"],"picked":"Shockwave","floor":8},{"not_picked":["Armaments","Pommel Strike"],"picked":"Feel No Pain+1","floor":10},{"not_picked":["Clash","Headbutt","Pommel Strike"],"picked":"SKIP","floor":12},{"not_picked":["Whirlwind","Wild Strike"],"picked":"Reaper","floor":14}],"player_experience":80698,"relics_obtained":[{"floor":3,"key":"Frozen Egg 2"},{"floor":5,"key":"Letter Opener"},{"floor":9,"key":"MawBank"}],"event_choices":[{"damage_healed":0,"gold_gain":0,"player_choice":"Success","damage_taken":18,"relics_obtained":["Kunai"],"max_hp_gain":0,"max_hp_loss":0,"event_name":"Scrap Ooze","floor":2,"gold_loss":0},{"damage_healed":0,"gold_gain":0,"player_choice":"Left Gold","damage_taken":0,"max_hp_gain":0,"max_hp_loss":0,"event_name":"World of Goop","floor":7,"gold_loss":36}],"is_beta":false,"boss_relics":[],"items_purged_floors":[11,13],"is_endless":false,"potions_floor_spawned":[6,10,12,14],"killed_by":"Hexaghost","ascension_level":0}