{"gold_per_floor":[20,36,36,36,36,36,47,47,47,59,105,117,139,17,17,91,91,104,117,32,44,44,73,73,85,167,167],"floor_reached":27,"playtime":902,"items_purged":[],"score":462,"play_id":"a94d1384-43df-4251-bcf3-f47b0856857e","local_time":"20190221115833","is_ascension_mode":true,"campfire_choices":[{"data":"1","floor":6.0,"key":"LIFT"},{"data":"2","floor":10.0,"key":"LIFT"},{"data":"3","floor":12.0,"key":"LIFT"},{"data":"Dodge and Roll","floor":15.0,"key":"SMITH"},{"floor":24.0,"key":"REST"}],"neow_cost":"NO_GOLD","seed_source_timestamp":96132801200606,"circlet_count":0,"master_deck":["AscendersBane","Defend_G","Defend_G","Defend_G","Defend_G","Defend_G","Strike_G","Strike_G","Strike_G","Strike_G","Strike_G","Survivor","Neutralize+1","Flying Knee","Slice","Flechettes","Unload","Deflect","Die Die Die","Dodge and Roll+1","Die Die Die","Parasite","Blur","Dagger Spray","Sucker Punch","Backflip","PiercingWail"],"special_seed":0,"relics":["Ring of the Snake","Girya","Potion Belt","Matryoshka","MawBank","Omamori","Frozen Egg 2","Calling Bell","Snake Skull","Pear","Ice Cream","Dead Branch","Blue Candle","Ornamental Fan","Toxic Egg 2"],"potions_floor_usage":[27],"damage_taken":[{"damage":2.0,"enemies":"Cultist","floor":1.0,"turns":5.0},{"damage":0.0,"enemies":"Jaw Worm","floor":2.0,"turns":4.0},{"damage":0.0,"enemies":"2 Louse","floor":7.0,"turns":2.0},{"damage":12.0,"enemies":"Lagavulin","floor":11.0,"turns":5.0},{"damage":1.0,"enemies":"Looter","floor":13.0,"turns":3.0},{"damage":29.0,"enemies":"The Guardian","floor":16.0,"turns":15.0},{"damage":0.0,"enemies":"Spheric Guardian","floor":18.0,"turns":3.0},{"damage":23.0,"enemies":"Chosen","floor":19.0,"turns":5.0},{"damage":0.0,"enemies":"Snecko","floor":21.0,"turns":5.0},{"damage":37.0,"enemies":"Slavers","floor":23.0,"turns":5.0},{"damage":19.0,"enemies":"Cultist and Chosen","floor":25.0,"turns":4.0},{"damage":21,"enemies":"Snake Plant","floor":27,"turns":3}],"seed_played":"-3434254350476762997","potions_obtained":[{"floor":2.0,"key":"Swift Potion"},{"floor":7.0,"key":"PowerPotion"},{"floor":16.0,"key":"Explosive Potion"},{"floor":19.0,"key":"Swift Potion"},{"floor":21.0,"key":"Dexterity Potion"},{"floor":25.0,"key":"Strength Potion"}],"is_trial":false,"path_per_floor":["M","M","?","?","?","R","M","T","T","R","E","R","M","$","R","B",null,"M","M","?","M","?","E","R","M","T","M"],"character_chosen":"THE_SILENT","items_purchased":["Die Die Die","Dodge and Roll"],"campfire_rested":1,"item_purchase_floors":[14,14],"current_hp_per_floor":[57,57,52,52,52,52,52,52,52,52,40,40,39,39,39,10,62,62,39,39,39,54,17,39,20,20,0],"gold":167,"neow_bonus":"ONE_RARE_RELIC","is_prod":false,"is_daily":false,"chose_seed":false,"campfire_upgraded":1,"win_rate":0,"timestamp":1550768313,"path_taken":["M","M","?","?","?","R","M","?","T","R","E","R","?","$","R","BOSS","M","M","?","M","?","E","R","M","T","M"],"build_version":"2019-01-23","purchased_purges":0,"victory":false,"max_hp_per_floor":[66,66,66,66,66,66,66,66,66,66,66,66,66,66,66,66,76,76,76,76,76,76,76,76,76,76,76],"card_choices":[{"not_picked":["Quick Slash","Prepared"],"picked":"Flying Knee","floor":1.0},{"not_picked":["Bouncing Flask","Backflip"],"picked":"Slice","floor":2.0},{"not_picked":["Concentrate","Riddle With Holes"],"picked":"Flechettes","floor":7.0},{"not_picked":["Outmaneuver","Choke"],"picked":"Unload","floor":11.0},{"not_picked":["Expertise","Dagger Throw"],"picked":"Deflect","floor":13.0},{"not_picked":["A Thousand Cuts+1","Storm of Steel"],"picked":"Die Die Die","floor":16.0},{"not_picked":["Tactician","Dagger Throw"],"picked":"Blur","floor":18.0},{"not_picked":["Catalyst","Outmaneuver"],"picked":"Dagger Spray","floor":19.0},{"not_picked":["Accuracy+1","Dodge and Roll"],"picked":"Sucker Punch","floor":21.0},{"not_picked":["Bane","Dagger Throw"],"picked":"Backflip","floor":23.0},{"not_picked":["Deflect","Poisoned Stab"],"picked":"PiercingWail","floor":25.0}],"player_experience":976134,"relics_obtained":[{"floor":8.0,"key":"Matryoshka"},{"floor":9.0,"key":"MawBank"},{"floor":9.0,"key":"Omamori"},{"floor":11.0,"key":"Frozen Egg 2"},{"floor":17.0,"key":"Snake Skull"},{"floor":17.0,"key":"Pear"},{"floor":17.0,"key":"Ice Cream"},{"floor":23.0,"key":"Blue Candle"},{"floor":26.0,"key":"Ornamental Fan"},{"floor":26.0,"key":"Toxic Egg 2"}],"event_choices":[{"damage_healed":0.0,"max_hp_gain":0.0,"max_hp_loss":0.0,"gold_gain":0.0,"event_name":"Scrap Ooze","player_choice":"Success","floor":3.0,"gold_loss":0.0,"damage_taken":5.0,"relics_obtained":["Potion Belt"]},{"damage_healed":0.0,"max_hp_gain":0.0,"max_hp_loss":0.0,"gold_gain":0.0,"event_name":"Liars Game","player_choice":"Ignored","floor":4.0,"gold_loss":0.0,"damage_taken":0.0},{"damage_healed":0.0,"max_hp_gain":0.0,"max_hp_loss":0.0,"gold_gain":0.0,"event_name":"Living Wall","player_choice":"Grow","floor":5.0,"gold_loss":0.0,"damage_taken":0.0,"cards_upgraded":["Neutralize"]},{"damage_healed":0.0,"max_hp_gain":0.0,"max_hp_loss":0.0,"gold_gain":0.0,"event_name":"Addict","player_choice":"Obtained Relic","floor":20.0,"gold_loss":85.0,"damage_taken":0.0,"relics_obtained":["Dead Branch"]},{"damage_healed":15.0,"max_hp_gain":0.0,"max_hp_loss":0.0,"gold_gain":0.0,"event_name":"The Library","player_choice":"Heal","floor":22.0,"gold_loss":0.0,"damage_taken":0.0}],"is_beta":false,"boss_relics":[{"not_picked":["WristBlade","Fusion Hammer"],"picked":"Calling Bell"}],"items_purged_floors":[],"is_endless":false,"potions_floor_spawned":[2,7,16,19,21,25],"killed_by":"Snake Plant","ascension_level":20}