{"gold_per_floor":[110,110,120,134,39,67,27,27,27,27],"floor_reached":10,"playtime":235,"items_purged":[],"score":132,"play_id":"cc2f48df-fdfb-40b5-ab2d-885a40011e1b","local_time":"20190221121239","is_ascension_mode":true,"campfire_choices":[{"data":"Caltrops","floor":8,"key":"SMITH"}],"neow_cost":"NONE","seed_source_timestamp":97721730868519,"circlet_count":0,"master_deck":["AscendersBane","Defend_G","Defend_G","Defend_G","Defend_G","Defend_G","Strike_G","Strike_G","Strike_G","Strike_G","Strike_G","Survivor","Neutralize","Crippling Poison","Quick Slash","Caltrops+1","Blur"],"relics":["Ring of the Snake","NeowsBlessing","Bottled Tornado","Mercury Hourglass"],"potions_floor_usage":[6,6],"damage_taken":[{"damage":0,"enemies":"Small Slimes","floor":1,"turns":1},{"damage":0,"enemies":"Jaw Worm","floor":3,"turns":1},{"damage":0,"enemies":"2 Louse","floor":4,"turns":1},{"damage":17,"enemies":"Lagavulin","floor":6,"turns":5},{"damage":50,"enemies":"Gremlin Nob","floor":10,"turns":4}],"seed_played":"7732422549625087397","potions_obtained":[{"floor":4,"key":"PowerPotion"}],"is_trial":false,"path_per_floor":["M","?","M","M","$","E","?","R","T","E"],"character_chosen":"THE_SILENT","items_purchased":["AttackPotion","Caltrops"],"campfire_rested":0,"item_purchase_floors":[5,5],"current_hp_per_floor":[59,64,64,64,64,47,47,47,47,0],"gold":27,"neow_bonus":"THREE_ENEMY_KILL","is_prod":false,"is_daily":false,"chose_seed":false,"campfire_upgraded":1,"win_rate":0,"timestamp":1550769159,"path_taken":["M","?","M","M","$","E","?","R","T","E"],"build_version":"2019-01-23","purchased_purges":0,"victory":false,"max_hp_per_floor":[66,71,71,71,71,71,71,71,71,71],"card_choices":[{"not_picked":["Underhanded Strike","Finisher","Bane"],"picked":"SKIP","floor":1},{"not_picked":["Acrobatics","Underhanded Strike"],"picked":"Crippling Poison","floor":3},{"not_picked":["Cloak And Dagger","Outmaneuver"],"picked":"Quick Slash","floor":4},{"not_picked":["Expertise","Phantasmal Killer"],"picked":"Blur","floor":6}],"player_experience":977371,"relics_obtained":[{"floor":6,"key":"Bottled Tornado"},{"floor":9,"key":"Mercury Hourglass"}],"event_choices":[{"damage_healed":0,"gold_gain":0,"player_choice":"Donut","damage_taken":0,"max_hp_gain":5,"max_hp_loss":0,"event_name":"Big Fish","floor":2,"gold_loss":0},{"damage_healed":0,"gold_gain":0,"player_choice":"Left Gold","damage_taken":0,"max_hp_gain":0,"max_hp_loss":0,"event_name":"World of Goop","floor":7,"gold_loss":40}],"is_beta":false,"boss_relics":[],"items_purged_floors":[],"is_endless":false,"potions_floor_spawned":[4],"killed_by":"Gremlin Nob","ascension_level":20}