{"gold_per_floor":[113,63,63,73,73,73,106,106,129,129,48,58,84,84,84,186,186,204,217,217,217,236,269,283,69,95,95,124,24,42,42,42,146,146,162,182,182,199,218,253,273,284,363,363,393,1,36,67,67,67],"floor_reached":50,"playtime":2885,"items_purged":["Strike_R","Strike_R"],"score":717,"play_id":"0ed4b7b5-9790-4698-a3c5-c98d16528c64","local_time":"20190206174000","is_ascension_mode":true,"campfire_choices":[{"data":"Evolve","floor":6,"key":"SMITH"},{"data":"Bash","floor":8,"key":"SMITH"},{"data":"Clothesline","floor":10,"key":"SMITH"},{"data":"Rampage","floor":15,"key":"SMITH"},{"data":"True Grit","floor":27,"key":"SMITH"},{"data":"Double Tap","floor":32,"key":"SMITH"},{"floor":49,"key":"RECALL"}],"neow_cost":"NONE","seed_source_timestamp":4513204431133661,"circlet_count":0,"master_deck":["Defend_R","Defend_R","Defend_R","Bash+1","Flame Barrier","Evolve+1","Clothesline+1","Dropkick+1","Rampage+1","True Grit+1","Shrug It Off","Headbutt","Double Tap+1","Thunderclap","Offering","Combust+1","Pummel","Offering","Immolate","Wild Strike+1","Writhe","Mayhem","Metallicize","Headbutt","Flame Barrier"],"relics":["Burning Blood","NeowsBlessing","Ancient Tea Set","Orichalcum","Whetstone","Regal Pillow","WingedGreaves","Busted Crown","Vajra","Strawberry","Mummified Hand","Sozu","Kunai","Boot","Paper Frog","Magic Flower"],"potions_floor_usage":[19,23,23,28,50],"damage_taken":[{"damage":0,"enemies":"Small Slimes","floor":1,"turns":1},{"damage":0,"enemies":"Jaw Worm","floor":4,"turns":1},{"damage":0,"enemies":"3 Sentries","floor":7,"turns":1},{"damage":0,"enemies":"Cultist","floor":12,"turns":3},{"damage":8,"enemies":"Gremlin Nob","floor":13,"turns":4},{"damage":22,"enemies":"Hexaghost","floor":16,"turns":8},{"damage":1,"enemies":"Shell Parasite","floor":18,"turns":3},{"damage":0,"enemies":"3 Byrds","floor":19,"turns":3},{"damage":7,"enemies":"Snake Plant","floor":22,"turns":3},{"damage":20,"enemies":"Slavers","floor":23,"turns":5},{"damage":4,"enemies":"Cultist and Chosen","floor":24,"turns":5},{"damage":11,"enemies":"Gremlin Leader","floor":28,"turns":4},{"damage":7,"enemies":"Chosen and Byrds","floor":30,"turns":3},{"damage":34,"enemies":"Collector","floor":33,"turns":6},{"damage":7,"enemies":"Orb Walker","floor":35,"turns":2},{"damage":8,"enemies":"3 Darklings","floor":36,"turns":3},{"damage":9,"enemies":"Transient","floor":38,"turns":5},{"damage":3,"enemies":"4 Shapes","floor":39,"turns":4},{"damage":14,"enemies":"Nemesis","floor":40,"turns":5},{"damage":6,"enemies":"Jaw Worm Horde","floor":41,"turns":1},{"damage":17,"enemies":"Transient","floor":42,"turns":5},{"damage":18,"enemies":"Giant Head","floor":45,"turns":6},{"damage":13,"enemies":"Reptomancer","floor":47,"turns":5},{"damage":24,"enemies":"Giant Head","floor":48,"turns":5},{"damage":67,"enemies":"Time Eater","floor":50,"turns":5}],"seed_played":"7298539990798101133","potions_obtained":[{"floor":1,"key":"LiquidBronze"},{"floor":7,"key":"FearPotion"},{"floor":13,"key":"Dexterity Potion"},{"floor":19,"key":"Swift Potion"},{"floor":30,"key":"BloodPotion"},{"floor":33,"key":"Explosive Potion"}],"is_trial":false,"path_per_floor":["M","?","?","M","T","R","E","R","T","R","$","M","E","?","R","B",null,"M","M","?","?","M","E","M","$","T","R","E","$","M","?","R","B",null,"M","M","?","M","M","E","M","M","T","?","E","$","E","E","R","B"],"character_chosen":"IRONCLAD","items_purchased":["Rampage","True Grit","Offering","Mayhem","Metallicize","Headbutt","Flame Barrier"],"campfire_rested":0,"item_purchase_floors":[11,11,25,46,46,46,46],"current_hp_per_floor":[80,80,80,80,80,80,80,80,80,80,80,80,78,66,66,50,80,80,80,80,80,79,65,67,67,74,74,69,69,68,68,68,40,87,86,84,84,81,84,76,76,65,65,87,75,75,68,50,50,0],"gold":67,"neow_bonus":"THREE_ENEMY_KILL","is_prod":false,"is_daily":false,"chose_seed":false,"campfire_upgraded":6,"win_rate":0,"timestamp":1549492800,"path_taken":["M","?","?","?","?","R","E","R","T","R","$","M","E","?","R","BOSS","M","M","?","?","M","E","?","?","T","R","E","$","M","?","R","BOSS","M","M","?","?","M","E","M","M","T","?","E","$","E","E","R","BOSS"],"build_version":"2019-01-23","purchased_purges":2,"victory":false,"max_hp_per_floor":[80,80,80,80,80,80,80,80,80,80,80,80,80,80,80,80,80,80,80,80,80,80,80,80,80,87,87,87,87,87,87,87,87,87,87,87,87,87,87,87,87,87,87,87,87,87,87,87,87,87],"card_choices":[{"not_picked":["Fire Breathing","Infernal Blade"],"picked":"Flame Barrier","floor":1},{"not_picked":["Infernal Blade","Headbutt"],"picked":"Clothesline","floor":4},{"not_picked":["Heavy Blade","Infernal Blade"],"picked":"Dropkick","floor":7},{"not_picked":["Havoc","Iron Wave"],"picked":"Shrug It Off","floor":12},{"not_picked":["Rupture","Reaper"],"picked":"Headbutt","floor":13},{"not_picked":["Juggernaut","Bludgeon"],"picked":"Double Tap","floor":16},{"not_picked":[],"picked":"Cleave","floor":18},{"not_picked":["Cleave"],"picked":"SKIP","floor":19},{"not_picked":[],"picked":"Thunderclap","floor":22},{"not_picked":["Flex"],"picked":"SKIP","floor":23},{"not_picked":["Infernal Blade"],"picked":"SKIP","floor":24},{"not_picked":["Pommel Strike"],"picked":"SKIP","floor":28},{"not_picked":[],"picked":"Combust+1","floor":30},{"not_picked":[],"picked":"Immolate","floor":33},{"not_picked":["Flex"],"picked":"SKIP","floor":35},{"not_picked":["Cleave+1"],"picked":"SKIP","floor":36},{"not_picked":["Body Slam"],"picked":"SKIP","floor":38},{"not_picked":["Anger"],"picked":"SKIP","floor":39},{"not_picked":[],"picked":"Wild Strike+1","floor":40},{"not_picked":["Body Slam"],"picked":"SKIP","floor":41},{"not_picked":["Iron Wave"],"picked":"SKIP","floor":42},{"not_picked":["Thunderclap+1"],"picked":"SKIP","floor":45},{"not_picked":["Corruption+1"],"picked":"SKIP","floor":47},{"not_picked":["Clothesline"],"picked":"SKIP","floor":48}],"player_experience":4387481,"relics_obtained":[{"floor":5,"key":"Ancient Tea Set"},{"floor":7,"key":"Orichalcum"},{"floor":9,"key":"Whetstone"},{"floor":13,"key":"Regal Pillow"},{"floor":23,"key":"Vajra"},{"floor":26,"key":"Strawberry"},{"floor":28,"key":"Mummified Hand"},{"floor":40,"key":"Kunai"},{"floor":45,"key":"Boot"},{"floor":47,"key":"Paper Frog"},{"floor":48,"key":"Magic Flower"}],"event_choices":[{"cards_removed":["Defend_R"],"damage_healed":0,"gold_gain":0,"player_choice":"Card Removal","damage_taken":0,"max_hp_gain":0,"max_hp_loss":0,"event_name":"The Cleric","floor":2,"gold_loss":50},{"damage_healed":0,"gold_gain":0,"cards_transformed":["Strike_R"],"player_choice":"Transformed","damage_taken":0,"max_hp_gain":0,"max_hp_loss":0,"event_name":"Transmorgrifier","floor":3,"gold_loss":0,"cards_obtained":["Evolve"]},{"damage_healed":0,"gold_gain":0,"player_choice":"Success","damage_taken":12,"relics_obtained":["WingedGreaves"],"max_hp_gain":0,"max_hp_loss":0,"event_name":"Scrap Ooze","floor":14,"gold_loss":0},{"damage_healed":0,"gold_gain":0,"player_choice":"Ignored","damage_taken":0,"max_hp_gain":0,"max_hp_loss":0,"event_name":"Vampires","floor":20,"gold_loss":0},{"damage_healed":0,"gold_gain":0,"player_choice":"Ignored","damage_taken":0,"max_hp_gain":0,"max_hp_loss":0,"event_name":"NoteForYourself","floor":21,"gold_loss":0},{"damage_healed":0,"gold_gain":0,"cards_transformed":["Strike_R","Strike_R"],"player_choice":"Became Test Subject","damage_taken":0,"max_hp_gain":0,"max_hp_loss":0,"event_name":"Drug Dealer","floor":31,"gold_loss":0,"cards_obtained":["Pummel","Offering"]},{"cards_removed":["Cleave"],"damage_healed":0,"gold_gain":0,"player_choice":"Card Removal","damage_taken":0,"max_hp_gain":0,"max_hp_loss":0,"event_name":"Wheel of Change","floor":37,"gold_loss":0},{"damage_healed":22,"gold_gain":0,"player_choice":"Writhe","damage_taken":0,"max_hp_gain":0,"max_hp_loss":0,"event_name":"Winding Halls","floor":44,"gold_loss":0,"cards_obtained":["Writhe"]}],"is_beta":true,"boss_relics":[{"not_picked":["Velvet Choker","Cursed Key"],"picked":"Busted Crown"},{"not_picked":["Empty Cage","Tiny House"],"picked":"Sozu"}],"items_purged_floors":[25,29],"is_endless":false,"potions_floor_spawned":[1,7,13,18,19,30,33,36,41,42,45,47],"killed_by":"Time Eater","ascension_level":1}