{"gold_per_floor":[117,117,128,142,142,170,170,197,197,197,208,235,204,204,204,300,300,318,263,288,288],"floor_reached":21,"playtime":586,"items_purged":[],"score":335,"play_id":"59b493bc-d1c5-4562-8686-8adfdac4fcd0","local_time":"20181205181646","is_ascension_mode":true,"campfire_choices":[{"data":"Streamline","floor":7.0,"key":"SMITH"},{"data":"Zap","floor":10.0,"key":"SMITH"},{"floor":15,"key":"REST"}],"neow_cost":"NONE","seed_source_timestamp":0,"circlet_count":0,"master_deck":["AscendersBane","Strike_B","Strike_B","Strike_B","Defend_B","Defend_B","Defend_B","Zap+1","Dualcast","Rainbow","Steam","Compile Driver","Streamline+1","Sweeping Beam","Electrodynamics","Meteor Strike","Ball Lightning","Ball Lightning","Buffer","Storm","Conserve Battery"],"special_seed":0,"relics":["FrozenCore","Pantograph","WingedGreaves","Bottled Lightning","Golden Idol","Tiny Chest"],"potions_floor_usage":[12,21],"damage_taken":[{"damage":2.0,"enemies":"Small Slimes","floor":1.0,"turns":3.0},{"damage":0.0,"enemies":"Cultist","floor":3.0,"turns":4.0},{"damage":0.0,"enemies":"Jaw Worm","floor":4.0,"turns":4.0},{"damage":24.0,"enemies":"Gremlin Nob","floor":6.0,"turns":4.0},{"damage":20.0,"enemies":"3 Sentries","floor":8.0,"turns":4.0},{"damage":4.0,"enemies":"Lots of Slimes","floor":11.0,"turns":3.0},{"damage":13,"enemies":"Gremlin Nob","floor":12,"turns":3},{"damage":24,"enemies":"The Guardian","floor":16,"turns":10},{"damage":24,"enemies":"2 Thieves","floor":18,"turns":4},{"damage":20,"enemies":"Shell Parasite","floor":20,"turns":5},{"damage":14,"enemies":"Snake Plant","floor":21,"turns":1}],"seed_played":"350433576888700862","potions_obtained":[{"floor":6.0,"key":"SkillPotion"},{"floor":11.0,"key":"AttackPotion"},{"floor":12,"key":"EssenceOfSteel"},{"floor":16,"key":"PowerPotion"}],"is_trial":false,"path_per_floor":["M","?","M","M","?","E","R","E","T","R","M","E","?","?","R","B",null,"M","?","M","M"],"character_chosen":"DEFECT","items_purchased":[],"campfire_rested":1,"item_purchase_floors":[],"current_hp_per_floor":[62,62,62,62,62,38,38,18,18,18,14,1,1,1,20,21,55,31,31,11,0],"gold":288,"neow_bonus":"ONE_RANDOM_RARE_CARD","is_prod":false,"is_daily":false,"chose_seed":false,"campfire_upgraded":2,"win_rate":0,"timestamp":1544001406,"path_taken":["M","?","?","M","?","E","R","E","T","R","?","E","?","?","R","BOSS","M","?","M","M"],"build_version":"2018-11-15","purchased_purges":0,"victory":false,"max_hp_per_floor":[71,71,71,71,71,71,71,71,71,71,71,71,71,66,66,66,66,66,66,66,66],"card_choices":[{"not_picked":["Rebound","Coolheaded"],"picked":"Steam","floor":1.0},{"not_picked":["Glacier","Heatsinks"],"picked":"Compile Driver","floor":3.0},{"not_picked":["Skim","Redo"],"picked":"Streamline","floor":4.0},{"not_picked":["Go for the Eyes","Steam"],"picked":"Electrodynamics","floor":6.0},{"not_picked":["Hello World","Gash"],"picked":"Meteor Strike","floor":8.0},{"not_picked":["Barrage","Turbo"],"picked":"Ball Lightning","floor":11.0},{"not_picked":["Turbo","Go for the Eyes"],"picked":"Ball Lightning","floor":12},{"not_picked":["Amplify","Machine Learning"],"picked":"Buffer","floor":16},{"not_picked":["Steam Power","Gash"],"picked":"Storm","floor":18},{"not_picked":["Compile Driver","Redo"],"picked":"Conserve Battery","floor":20}],"player_experience":938326,"relics_obtained":[{"floor":6.0,"key":"Pantograph"},{"floor":8.0,"key":"WingedGreaves"},{"floor":12,"key":"Bottled Lightning"}],"event_choices":[{"cards_removed":["Defend_B"],"damage_healed":0.0,"max_hp_gain":0.0,"max_hp_loss":0.0,"gold_gain":0.0,"event_name":"Purifier","player_choice":"Purged","floor":2.0,"gold_loss":0.0,"damage_taken":0.0},{"damage_healed":0.0,"max_hp_gain":0.0,"max_hp_loss":0.0,"gold_gain":0.0,"cards_transformed":["Strike_B"],"event_name":"Transmorgrifier","player_choice":"Transformed","floor":5.0,"gold_loss":0.0,"damage_taken":0.0,"cards_obtained":["Sweeping Beam"]},{"damage_healed":0,"gold_gain":0,"player_choice":"Left Gold","damage_taken":0,"max_hp_gain":0,"max_hp_loss":0,"event_name":"World of Goop","floor":13,"gold_loss":31},{"damage_healed":0,"gold_gain":0,"player_choice":"Lose Max HP","damage_taken":0,"relics_obtained":["Golden Idol"],"max_hp_gain":0,"max_hp_loss":5,"event_name":"Golden Idol","floor":14,"gold_loss":0},{"damage_healed":0,"gold_gain":0,"player_choice":"Obtained Relic","damage_taken":0,"relics_obtained":["Tiny Chest"],"max_hp_gain":0,"max_hp_loss":0,"event_name":"Addict","floor":19,"gold_loss":85}],"is_beta":false,"boss_relics":[{"not_picked":["Orrery","Astrolabe"],"picked":"FrozenCore"}],"items_purged_floors":[],"is_endless":false,"potions_floor_spawned":[6,11,12,16],"killed_by":"Snake Plant","ascension_level":14}