{"gold_per_floor":[110,22,38,38,48,77,152,152],"floor_reached":8,"playtime":274,"items_purged":[],"score":112,"play_id":"f9277a6e-d3f8-4769-8469-dd5ad8a0e53d","local_time":"20190210031809","is_ascension_mode":true,"campfire_choices":[],"neow_cost":"NONE","seed_source_timestamp":1153674623701300,"circlet_count":0,"master_deck":["AscendersBane","Strike_B","Strike_B","Strike_B","Strike_B","Defend_B","Defend_B","Defend_B","Defend_B","Zap","Dualcast","Reinforced Body","Defragment","Ball Lightning","Self Repair","Defragment"],"relics":["Cracked Core","Letter Opener","Regal Pillow"],"potions_floor_usage":[6],"damage_taken":[{"damage":0,"enemies":"Cultist","floor":1,"turns":3},{"damage":7,"enemies":"Small Slimes","floor":3,"turns":3},{"damage":0,"enemies":"2 Louse","floor":5,"turns":3},{"damage":32,"enemies":"Gremlin Nob","floor":6,"turns":4},{"damage":10,"enemies":"Lagavulin","floor":8,"turns":3}],"seed_played":"2725499061342607225","potions_obtained":[{"floor":1,"key":"Energy Potion"},{"floor":3,"key":"AttackPotion"}],"is_trial":false,"path_per_floor":["M","$","M","?","M","E","?","E"],"character_chosen":"DEFECT","items_purchased":["Defragment","Ball Lightning"],"campfire_rested":0,"item_purchase_floors":[2,2],"current_hp_per_floor":[71,71,64,46,46,21,10,0],"gold":152,"neow_bonus":"TEN_PERCENT_HP_BONUS","is_prod":false,"is_daily":false,"chose_seed":false,"campfire_upgraded":0,"win_rate":0,"timestamp":1549736289,"path_taken":["M","?","M","?","M","E","?","E"],"build_version":"2019-01-23","purchased_purges":0,"victory":false,"max_hp_per_floor":[78,78,78,78,78,78,78,78],"card_choices":[{"not_picked":["Rebound","Leap"],"picked":"Reinforced Body","floor":1},{"not_picked":["Cold Snap","Fusion"],"picked":"Self Repair","floor":3},{"not_picked":["Scrape","Static Discharge"],"picked":"Defragment","floor":5},{"not_picked":["Go for the Eyes","Redo","Reinforced Body"],"picked":"SKIP","floor":6}],"player_experience":1111013,"relics_obtained":[{"floor":6,"key":"Regal Pillow"}],"event_choices":[{"damage_healed":0,"gold_gain":0,"player_choice":"Success","damage_taken":18,"relics_obtained":["Letter Opener"],"max_hp_gain":0,"max_hp_loss":0,"event_name":"Scrap Ooze","floor":4,"gold_loss":0},{"damage_healed":0,"gold_gain":75,"player_choice":"Gather Gold","damage_taken":11,"max_hp_gain":0,"max_hp_loss":0,"event_name":"World of Goop","floor":7,"gold_loss":0}],"is_beta":false,"boss_relics":[],"items_purged_floors":[],"is_endless":false,"potions_floor_spawned":[1,3],"killed_by":"Lagavulin","ascension_level":20}