{"gold_per_floor":[314,314,334,352,363,389,389,402,402,402,402],"floor_reached":11,"playtime":638,"items_purged":[],"score":150,"play_id":"c84189f2-bdd8-4b42-a0df-baa7845a8e3e","local_time":"20190218214423","is_ascension_mode":true,"campfire_choices":[{"floor":7.0,"key":"REST"},{"data":"Neutralize","floor":10,"key":"SMITH"}],"neow_cost":"NO_GOLD","seed_source_timestamp":39997227443800,"circlet_count":0,"master_deck":["AscendersBane","Defend_G","Defend_G","Defend_G","Defend_G","Defend_G","Strike_G","Strike_G","Strike_G","Strike_G","Survivor","Neutralize+1","Riddle With Holes","Flying Knee","Blade Dance","Dagger Spray","Choke","Heel Hook"],"special_seed":0,"relics":["Ring of the Snake","Old Coin","Art of War"],"potions_floor_usage":[],"damage_taken":[{"damage":6.0,"enemies":"2 Louse","floor":1.0,"turns":4.0},{"damage":8.0,"enemies":"Cultist","floor":3.0,"turns":4.0},{"damage":2.0,"enemies":"Jaw Worm","floor":4.0,"turns":4.0},{"damage":16.0,"enemies":"Blue Slaver","floor":5.0,"turns":5.0},{"damage":34.0,"enemies":"3 Sentries","floor":6.0,"turns":9.0},{"damage":11,"enemies":"3 Louse","floor":8,"turns":5}],"seed_played":"-2435034728629862910","potions_obtained":[{"floor":1.0,"key":"PowerPotion"},{"floor":5.0,"key":"Regen Potion"},{"floor":8,"key":"Ancient Potion"}],"is_trial":false,"path_per_floor":["M","?","M","M","M","E","R","M","T","R","?"],"character_chosen":"THE_SILENT","items_purchased":[],"campfire_rested":1,"item_purchase_floors":[],"current_hp_per_floor":[53,46,38,36,20,1,20,9,9,9,0],"gold":402,"neow_bonus":"ONE_RARE_RELIC","is_prod":false,"is_daily":false,"chose_seed":false,"campfire_upgraded":1,"win_rate":0,"timestamp":1550493863,"path_taken":["M","?","M","M","M","E","R","M","T","R","?"],"build_version":"2019-01-23","purchased_purges":0,"victory":false,"max_hp_per_floor":[66,66,66,66,66,66,66,66,66,66,66],"card_choices":[{"not_picked":["Leg Sweep","Poisoned Stab"],"picked":"Riddle With Holes","floor":1.0},{"not_picked":["Leg Sweep","Dodge and Roll"],"picked":"Flying Knee","floor":3.0},{"not_picked":["Bane","Underhanded Strike"],"picked":"Blade Dance","floor":4.0},{"not_picked":["Backflip","PiercingWail"],"picked":"Dagger Spray","floor":5.0},{"not_picked":["Bouncing Flask","Outmaneuver"],"picked":"Choke","floor":6.0},{"not_picked":["Escape Plan","Prepared"],"picked":"Heel Hook","floor":8}],"player_experience":1132043,"relics_obtained":[{"floor":6.0,"key":"Art of War"}],"event_choices":[{"cards_removed":["Strike_G"],"damage_healed":0.0,"max_hp_gain":0.0,"max_hp_loss":0.0,"gold_gain":0.0,"event_name":"Golden Wing","player_choice":"Card Removal","floor":2.0,"gold_loss":0.0,"damage_taken":7.0}],"is_beta":false,"boss_relics":[],"items_purged_floors":[],"is_endless":false,"potions_floor_spawned":[1,5,8],"ascension_level":20}