{"gold_per_floor":[113,125,275,275,275,275,26,59,59,8,24,40,58,74,74,165,165,180,200,200,200,214,214,240,32,57,86,97,97,97],"floor_reached":30,"playtime":1049,"items_purged":["Defend_B","Strike_B"],"score":540,"play_id":"a3435bbb-c442-4b09-960b-dae0da9ae396","local_time":"20190131150707","is_ascension_mode":true,"campfire_choices":[{"floor":6.0,"key":"REST"},{"data":"Fission","floor":15.0,"key":"SMITH"},{"floor":23.0,"key":"REST"},{"data":"Seek","floor":29,"key":"SMITH"}],"neow_cost":"NONE","seed_source_timestamp":0,"circlet_count":0,"master_deck":["AscendersBane","Strike_B","Strike_B+1","Strike_B+1","Defend_B","Defend_B","Defend_B","Zap","Dualcast","Streamline","Ball Lightning","Echo Form","Static Discharge","Steam","Fission+1","Creative AI","Conserve Battery","White Noise","Ball Lightning","Stack+1","Melter+1","Steam","Seek+1"],"special_seed":0,"relics":["Cracked Core","Bloody Idol","Dream Catcher","Bag of Preparation","Sundial","Lizard Tail","The Courier","Whetstone","Lantern","Orichalcum","Strawberry"],"potions_floor_usage":[24,24,24,27,30],"damage_taken":[{"damage":10.0,"enemies":"Small Slimes","floor":1.0,"turns":4.0},{"damage":7.0,"enemies":"Jaw Worm","floor":2.0,"turns":4.0},{"damage":10.0,"enemies":"Lagavulin","floor":8.0,"turns":5.0},{"damage":0.0,"enemies":"Cultist","floor":11.0,"turns":3.0},{"damage":9.0,"enemies":"Large Slime","floor":12.0,"turns":4.0},{"damage":3.0,"enemies":"3 Louse","floor":13.0,"turns":3.0},{"damage":0.0,"enemies":"2 Fungi Beasts","floor":14.0,"turns":2.0},{"damage":14.0,"enemies":"Hexaghost","floor":16.0,"turns":8.0},{"damage":9.0,"enemies":"3 Byrds","floor":18.0,"turns":2.0},{"damage":10.0,"enemies":"2 Thieves","floor":19.0,"turns":4.0},{"damage":22.0,"enemies":"Snecko","floor":22.0,"turns":6.0},{"damage":34,"enemies":"Gremlin Leader","floor":24,"turns":8},{"damage":61,"enemies":"Book of Stabbing","floor":27,"turns":5},{"damage":6,"enemies":"3 Cultists","floor":28,"turns":4},{"damage":33,"enemies":"Gremlin Leader","floor":30,"turns":3}],"seed_played":"7324045841250321421","potions_obtained":[{"floor":2.0,"key":"Strength Potion"},{"floor":8.0,"key":"Fire Potion"},{"floor":12.0,"key":"AttackPotion"},{"floor":14.0,"key":"EntropicBrew"},{"floor":19.0,"key":"SpeedPotion"},{"floor":24,"key":"Regen Potion"},{"floor":28,"key":"AttackPotion"}],"is_trial":false,"path_per_floor":["M","M","?","?","?","R","$","E","T","?","M","M","M","M","R","B",null,"M","M","T","?","M","R","E","$","T","E","M","R","E"],"character_chosen":"DEFECT","items_purchased":["Echo Form","Lantern"],"campfire_rested":2,"item_purchase_floors":[7,25],"current_hp_per_floor":[61,54,54,27,20,43,43,33,33,33,33,24,21,21,21,7,60,51,41,41,41,24,47,18,18,23,30,29,29,0],"gold":97,"neow_bonus":"TEN_PERCENT_HP_BONUS","is_prod":false,"is_daily":false,"chose_seed":false,"campfire_upgraded":2,"win_rate":0,"timestamp":1548914827,"path_taken":["M","M","?","?","?","R","?","E","T","?","M","M","M","M","R","BOSS","M","M","?","?","M","R","E","$","T","E","M","R","E"],"build_version":"2019-01-23","purchased_purges":2,"victory":false,"max_hp_per_floor":[78,78,78,78,78,78,78,78,78,78,78,78,78,78,78,78,78,78,78,78,78,78,78,78,78,78,85,85,85,85],"card_choices":[{"not_picked":["Chill","Coolheaded"],"picked":"Streamline","floor":1.0},{"not_picked":["Aggregate","Gash"],"picked":"Ball Lightning","floor":2.0},{"not_picked":["Turbo","Undo"],"picked":"Static Discharge","floor":8.0},{"not_picked":["Chill","Rebound","Beam Cell"],"picked":"SKIP","floor":11.0},{"not_picked":["Heatsinks","Redo"],"picked":"Steam","floor":12.0},{"not_picked":["Compile Driver","Double Energy","Beam Cell"],"picked":"SKIP","floor":13.0},{"not_picked":["Go for the Eyes","Beam Cell"],"picked":"Fission","floor":14.0},{"not_picked":["Amplify","All For One"],"picked":"Creative AI","floor":16.0},{"not_picked":["Turbo","White Noise"],"picked":"Conserve Battery","floor":18.0},{"not_picked":["Compile Driver","Leap"],"picked":"White Noise","floor":19.0},{"not_picked":["Rebound","Steam Power"],"picked":"Ball Lightning","floor":22.0},{"not_picked":["Cold Snap","Melter+1"],"picked":"Stack+1","floor":23.0},{"not_picked":["Ball Lightning","Skim"],"picked":"Melter+1","floor":24},{"not_picked":["Sunder","Double Energy"],"picked":"Steam","floor":27},{"not_picked":["Ball Lightning","Defragment"],"picked":"Seek","floor":28}],"player_experience":1096250,"relics_obtained":[{"floor":8.0,"key":"Dream Catcher"},{"floor":9.0,"key":"Bag of Preparation"},{"floor":20.0,"key":"The Courier"},{"floor":24,"key":"Whetstone"},{"floor":26,"key":"Orichalcum"},{"floor":27,"key":"Strawberry"}],"event_choices":[{"damage_healed":0.0,"max_hp_gain":0.0,"max_hp_loss":0.0,"gold_gain":150.0,"event_name":"Liars Game","player_choice":"AGREE","floor":3.0,"gold_loss":0.0,"damage_taken":0.0,"cards_obtained":["Doubt"]},{"damage_healed":0.0,"max_hp_gain":0.0,"max_hp_loss":0.0,"gold_gain":0.0,"event_name":"Golden Idol","player_choice":"Take Damage","floor":4.0,"gold_loss":0.0,"damage_taken":27.0,"relics_obtained":["Golden Idol"]},{"cards_removed":["Doubt"],"damage_healed":0.0,"max_hp_gain":0.0,"max_hp_loss":0.0,"gold_gain":0.0,"event_name":"Golden Wing","player_choice":"Card Removal","floor":5.0,"gold_loss":0.0,"damage_taken":7.0},{"damage_healed":0.0,"max_hp_gain":0.0,"max_hp_loss":0.0,"gold_gain":0.0,"event_name":"WeMeetAgain","player_choice":"Paid Gold","floor":10.0,"gold_loss":51.0,"damage_taken":0.0,"relics_obtained":["Sundial"]},{"damage_healed":0.0,"max_hp_gain":0.0,"max_hp_loss":0.0,"gold_gain":0.0,"event_name":"Forgotten Altar","player_choice":"Gave Idol","floor":21.0,"relics_lost":["Golden Idol"],"gold_loss":0.0,"damage_taken":0.0,"relics_obtained":["Bloody Idol"]}],"is_beta":false,"boss_relics":[{"not_picked":["Runic Dome","Ectoplasm"],"picked":"Lizard Tail"}],"items_purged_floors":[7,25],"is_endless":false,"potions_floor_spawned":[2,8,12,13,14,16,19,24,28],"killed_by":"Gremlin Leader","ascension_level":20}