{"gold_per_floor":[119,138,138,152,163,197,197,231,231,263,279,279,279,297,297,395,395,408,408,442,452,462,488,488,522,522,522,557,576,609,62,62,160,160,173,273,495,514,528,528,563,581,655,683,683,693,727,744,744,744,744,744,29,54,54],"floor_reached":56,"playtime":3783,"items_purged":["Strike_R","Strike_R"],"score":1498,"play_id":"8e679b0c-1712-40ba-8326-ba48f75e4e44","local_time":"20181208180545","is_ascension_mode":true,"campfire_choices":[{"data":"Armaments","floor":7,"key":"SMITH"},{"data":"Juggernaut","floor":12,"key":"SMITH"},{"data":"True Grit","floor":15,"key":"SMITH"},{"data":"Metallicize","floor":24,"key":"SMITH"},{"data":"Body Slam","floor":27,"key":"SMITH"},{"data":"Evolve","floor":32,"key":"SMITH"},{"floor":40,"key":"RECALL"},{"data":"Demon Form","floor":45,"key":"SMITH"},{"data":"Uppercut","floor":49,"key":"SMITH"},{"data":"Clothesline","floor":52,"key":"SMITH"}],"neow_cost":"NONE","seed_source_timestamp":1254689683873766,"circlet_count":0,"master_deck":["Strike_R","Strike_R","Strike_R","Defend_R","Defend_R","Defend_R","Defend_R","Bash","Twin Strike","Armaments+1","Metallicize+1","Iron Wave","Juggernaut+1","Sword Boomerang","Rage","True Grit+1","Immolate","Body Slam+1","Ghostly","Ghostly","Ghostly","Ghostly","Ghostly","Clothesline+1","Evolve+1","Double Tap+1","Uppercut+1","Exhume+1","Warcry+1","Shrug It Off+1","Pummel","Demon Form+1","Sentinel+1","Pummel+1","Iron Wave+1","Entrench+1","Burning Pact+1","Flame Barrier+1","Limit Break+1","True Grit+1","Violence+1","True Grit+1"],"relics":["Burning Blood","Boot","Pen Nib","Lantern","Ornamental Fan","Potion Belt","Sundial","Oddly Smooth Stone","Busted Crown","Red Mask","Ice Cream","Singing Bowl","Question Card","Mercury Hourglass","Regal Pillow","Toxic Egg 2","White Beast Statue","Prayer Wheel","Molten Egg 2","Blue Candle","Strawberry","Bird Faced Urn","Incense Burner"],"potions_floor_usage":[8,25,28,30,42,54,55,55,55,55],"damage_taken":[{"damage":0,"enemies":"Small Slimes","floor":1,"turns":3},{"damage":1,"enemies":"Cultist","floor":2,"turns":3},{"damage":3,"enemies":"Jaw Worm","floor":4,"turns":3},{"damage":5,"enemies":"Looter","floor":5,"turns":3},{"damage":14,"enemies":"3 Sentries","floor":6,"turns":10},{"damage":7,"enemies":"Lagavulin","floor":8,"turns":6},{"damage":4,"enemies":"3 Sentries","floor":10,"turns":7},{"damage":0,"enemies":"Large Slime","floor":11,"turns":6},{"damage":2,"enemies":"3 Louse","floor":14,"turns":3},{"damage":6,"enemies":"Slime Boss","floor":16,"turns":8},{"damage":4,"enemies":"Chosen","floor":18,"turns":3},{"damage":2,"enemies":"Masked Bandits","floor":20,"turns":4},{"damage":0,"enemies":"Spheric Guardian","floor":21,"turns":4},{"damage":0,"enemies":"Centurion and Healer","floor":22,"turns":7},{"damage":0,"enemies":"Gremlin Leader","floor":23,"turns":6},{"damage":6,"enemies":"Slavers","floor":25,"turns":4},{"damage":0,"enemies":"Gremlin Leader","floor":28,"turns":7},{"damage":2,"enemies":"Snecko","floor":29,"turns":4},{"damage":3,"enemies":"Slavers","floor":30,"turns":5},{"damage":4,"enemies":"Automaton","floor":33,"turns":10},{"damage":1,"enemies":"3 Darklings","floor":35,"turns":7},{"damage":1,"enemies":"Mind Bloom Boss Battle","floor":36,"turns":7},{"damage":1,"enemies":"3 Shapes","floor":38,"turns":5},{"damage":0,"enemies":"Sphere and 2 Shapes","floor":39,"turns":3},{"damage":12,"enemies":"Reptomancer","floor":41,"turns":7},{"damage":22,"enemies":"Spire Growth","floor":42,"turns":7},{"damage":5,"enemies":"Giant Head","floor":44,"turns":9},{"damage":2,"enemies":"4 Shapes","floor":46,"turns":1},{"damage":0,"enemies":"Nemesis","floor":47,"turns":7},{"damage":0,"enemies":"Maw","floor":48,"turns":6},{"damage":44,"enemies":"Donu and Deca","floor":50,"turns":8},{"damage":10,"enemies":"Shield and Spear","floor":54,"turns":9},{"damage":47,"enemies":"The Heart","floor":55,"turns":11}],"seed_played":"3928938908143504179","potions_obtained":[{"floor":2,"key":"SteroidPotion"},{"floor":5,"key":"FearPotion"},{"floor":11,"key":"Fire Potion"},{"floor":14,"key":"FairyPotion"},{"floor":21,"key":"Block Potion"},{"floor":22,"key":"Block Potion"},{"floor":25,"key":"Weak Potion"},{"floor":35,"key":"Strength Potion"},{"floor":36,"key":"EssenceOfSteel"},{"floor":38,"key":"BloodPotion"},{"floor":42,"key":"LiquidBronze"},{"floor":44,"key":"GamblersBrew"},{"floor":47,"key":"Swift Potion"},{"floor":54,"key":"EssenceOfSteel"}],"is_trial":false,"path_per_floor":["M","M","?","M","M","E","R","E","T","E","M","R","?","M","R","B",null,"M","?","?","M","M","E","R","E","T","R","E","M","E","$","R","B",null,"M","?","?","M","M","R","E","M","T","E","R","M","E","M","R","B",null,"R","$","E","B",null],"character_chosen":"IRONCLAD","items_purchased":["Toxic Egg 2","Evolve","Double Tap+1","Uppercut","Bird Faced Urn","Limit Break+1","True Grit+1","Violence+1"],"campfire_rested":0,"item_purchase_floors":[31,31,31,31,53,53,53,53],"current_hp_per_floor":[80,80,80,80,80,72,72,71,71,73,79,79,76,80,80,80,80,80,40,40,40,40,40,40,42,42,42,44,46,46,46,46,46,46,46,46,46,50,52,52,46,37,37,38,38,42,55,61,61,23,61,61,61,61,26],"gold":54,"neow_bonus":"RANDOM_COMMON_RELIC","is_prod":false,"is_daily":false,"chose_seed":false,"campfire_upgraded":9,"win_rate":0,"timestamp":1544310345,"path_taken":["M","M","?","?","?","E","R","E","T","E","M","R","?","M","R","BOSS","M","?","?","M","M","E","R","E","T","R","E","M","E","$","R","BOSS","M","?","?","M","M","R","E","M","T","E","R","M","E","M","R","BOSS","R","$","E","BOSS"],"build_version":"2018-12-06","purchased_purges":2,"victory":true,"max_hp_per_floor":[80,80,80,80,80,80,80,80,80,80,80,80,80,80,80,80,80,80,40,40,40,40,40,40,42,42,42,44,46,46,46,46,46,46,46,46,46,50,52,52,52,54,54,54,54,54,61,61,61,61,61,61,61,61,61],"card_choices":[{"not_picked":["Fire Breathing","Body Slam"],"picked":"Twin Strike","floor":1},{"not_picked":["Reckless Charge","Havoc","Hemokinesis"],"picked":"SKIP","floor":2},{"not_picked":["Twin Strike","Rage"],"picked":"Armaments","floor":4},{"not_picked":["Armaments","Rage"],"picked":"Metallicize","floor":5},{"not_picked":["Heavy Blade","Dual Wield"],"picked":"Iron Wave","floor":6},{"not_picked":["Burning Pact","Iron Wave"],"picked":"Juggernaut","floor":8},{"not_picked":["True Grit","Wild Strike"],"picked":"Sword Boomerang","floor":10},{"not_picked":["Berserk","Shrug It Off"],"picked":"Rage","floor":11},{"not_picked":["Searing Blow","Warcry"],"picked":"True Grit","floor":14},{"not_picked":["Dark Embrace","Fiend Fire"],"picked":"Immolate","floor":16},{"not_picked":[],"picked":"Body Slam","floor":18},{"not_picked":["Warcry"],"picked":"SKIP","floor":21},{"not_picked":["Dual Wield"],"picked":"SKIP","floor":22},{"not_picked":["Pommel Strike+1"],"picked":"SKIP","floor":23},{"not_picked":["Cleave"],"picked":"Singing Bowl","floor":25},{"not_picked":["Armaments","Searing Blow"],"picked":"Singing Bowl","floor":28},{"not_picked":["Pommel Strike","Infernal Blade+1"],"picked":"Singing Bowl","floor":29},{"not_picked":["Clash+1"],"picked":"Clothesline","floor":30},{"not_picked":["Fiend Fire"],"picked":"Exhume+1","floor":33},{"not_picked":["Perfected Strike+1"],"picked":"Warcry+1","floor":35},{"not_picked":["Thunderclap"],"picked":"Shrug It Off+1","floor":36},{"not_picked":["Clothesline","Perfected Strike+1"],"picked":"Singing Bowl","floor":38},{"not_picked":["Evolve+1","Corruption+1"],"picked":"Singing Bowl","floor":38},{"not_picked":["Armaments+1","Havoc+1"],"picked":"Singing Bowl","floor":39},{"not_picked":["Clash+1"],"picked":"Pummel","floor":39},{"not_picked":["Body Slam"],"picked":"Demon Form","floor":41},{"not_picked":["Uppercut+1","Hemokinesis+1"],"picked":"Singing Bowl","floor":42},{"not_picked":["Anger+1"],"picked":"Sentinel+1","floor":42},{"not_picked":["Pommel Strike+1"],"picked":"Pummel+1","floor":44},{"not_picked":["Sever Soul+1"],"picked":"Iron Wave+1","floor":46},{"not_picked":["Sentinel+1"],"picked":"Entrench+1","floor":46},{"not_picked":["Reckless Charge+1"],"picked":"Burning Pact+1","floor":47},{"not_picked":["Pommel Strike+1"],"picked":"Flame Barrier+1","floor":48},{"not_picked":["Second Wind+1","Wild Strike+1"],"picked":"SKIP","floor":48},{"not_picked":["Searing Blow+1"],"picked":"True Grit+1","floor":54}],"player_experience":3717455,"relics_obtained":[{"floor":6,"key":"Lantern"},{"floor":8,"key":"Ornamental Fan"},{"floor":9,"key":"Potion Belt"},{"floor":10,"key":"Sundial"},{"floor":20,"key":"Red Mask"},{"floor":23,"key":"Ice Cream"},{"floor":25,"key":"Singing Bowl"},{"floor":26,"key":"Question Card"},{"floor":28,"key":"Mercury Hourglass"},{"floor":30,"key":"Regal Pillow"},{"floor":36,"key":"Prayer Wheel"},{"floor":41,"key":"Molten Egg 2"},{"floor":44,"key":"Blue Candle"},{"floor":47,"key":"Strawberry"},{"floor":54,"key":"Incense Burner"}],"event_choices":[{"damage_healed":0,"gold_gain":0,"player_choice":"Gave Potion","damage_taken":0,"relics_obtained":["Pen Nib"],"max_hp_gain":0,"max_hp_loss":0,"event_name":"WeMeetAgain","floor":3,"gold_loss":0},{"damage_healed":0,"gold_gain":0,"player_choice":"Success","damage_taken":3,"relics_obtained":["Oddly Smooth Stone"],"max_hp_gain":0,"max_hp_loss":0,"event_name":"Scrap Ooze","floor":13,"gold_loss":0},{"damage_healed":0,"gold_gain":0,"player_choice":"Became a Ghost","damage_taken":0,"max_hp_gain":0,"max_hp_loss":40,"event_name":"Ghosts","floor":19,"gold_loss":0,"cards_obtained":["Ghostly","Ghostly","Ghostly","Ghostly","Ghostly"]},{"damage_healed":0,"gold_gain":0,"player_choice":"Fought Bandits","damage_taken":0,"max_hp_gain":0,"max_hp_loss":0,"event_name":"Masked Bandits","floor":20,"gold_loss":0},{"damage_healed":0,"gold_gain":0,"player_choice":"Fight","damage_taken":0,"max_hp_gain":0,"max_hp_loss":0,"event_name":"MindBloom","floor":36,"gold_loss":0},{"damage_healed":0,"gold_gain":222,"player_choice":"Wore Mask","damage_taken":0,"max_hp_gain":0,"max_hp_loss":0,"event_name":"Tomb of Lord Red Mask","floor":37,"gold_loss":0}],"is_beta":true,"boss_relics":[{"not_picked":["Tiny House","Eternal Feather"],"picked":"Busted Crown"},{"not_picked":["Philosopher\u0027s Stone","Orrery"],"picked":"White Beast Statue"}],"items_purged_floors":[31,53],"is_endless":false,"potions_floor_spawned":[2,5,11,14,21,22,25,35,36,38,39,41,42,44,46,47,48,54],"ascension_level":1}