{"gold_per_floor":[116,127,138,156,156,156,190,190,190,165,165,191,191,206,206,277,277,291,291,304,317,335,335,38,38,63,91,91,91,110,136,136,208,208,225,225,38,53,68,68,78,78,104,104,120,0,0,32,32,32,32],"floor_reached":52,"playtime":3347,"items_purged":["Strike_G","Writhe"],"score":1914,"play_id":"71b5aeba-572f-4825-a904-77cf7e1a3ced","local_time":"20190101121514","is_ascension_mode":true,"campfire_choices":[{"data":"Endless Agony","floor":6.0,"key":"SMITH"},{"floor":8.0,"key":"REST"},{"data":"Neutralize","floor":11.0,"key":"SMITH"},{"floor":15.0,"key":"REST"},{"data":"Footwork","floor":23.0,"key":"SMITH"},{"floor":25.0,"key":"REST"},{"data":"Noxious Fumes","floor":29.0,"key":"SMITH"},{"floor":32.0,"key":"REST"},{"floor":40.0,"key":"REST"},{"data":"Burst","floor":44.0,"key":"SMITH"},{"data":"Footwork","floor":47.0,"key":"SMITH"},{"floor":49.0,"key":"REST"}],"neow_cost":"NONE","seed_source_timestamp":5619187761439,"circlet_count":0,"master_deck":["AscendersBane","Defend_G+1","Defend_G+1","Defend_G+1","Defend_G+1","Defend_G+1","Strike_G+1","Strike_G+1","Strike_G+1","Strike_G+1","Survivor","Neutralize+1","Well Laid Plans","Endless Agony+1","Dash+1","Footwork+1","Well Laid Plans","Backflip","Bouncing Flask","PiercingWail","Die Die Die","Dodge and Roll","Flying Knee","Deadly Poison","Deflect+1","Noxious Fumes+1","PiercingWail","Dodge and Roll+1","Noxious Fumes","Burst+1","Noxious Fumes","Footwork+1","Dodge and Roll+1","Deadly Poison+1","Parasite","Escape Plan"],"special_seed":0,"relics":["Ring of the Serpent","NeowsBlessing","Bronze Scales","Sundial","Turnip","Blood Vial","Philosopher\u0027s Stone","PreservedInsect","Ginger","Singing Bowl","Centennial Puzzle","Red Mask","Du-Vu Doll"],"potions_floor_usage":[],"damage_taken":[{"damage":0.0,"enemies":"Jaw Worm","floor":1.0,"turns":1.0},{"damage":0.0,"enemies":"Cultist","floor":2.0,"turns":1.0},{"damage":0.0,"enemies":"Small Slimes","floor":3.0,"turns":1.0},{"damage":1.0,"enemies":"3 Louse","floor":4.0,"turns":4.0},{"damage":35.0,"enemies":"3 Sentries","floor":7.0,"turns":21.0},{"damage":2.0,"enemies":"Exordium Thugs","floor":10.0,"turns":4.0},{"damage":0.0,"enemies":"Lagavulin","floor":12.0,"turns":10.0},{"damage":10.0,"enemies":"Large Slime","floor":14.0,"turns":4.0},{"damage":8.0,"enemies":"Hexaghost","floor":16.0,"turns":11.0},{"damage":6.0,"enemies":"3 Byrds","floor":18.0,"turns":4.0},{"damage":10.0,"enemies":"2 Thieves","floor":20.0,"turns":4.0},{"damage":1.0,"enemies":"Snake Plant","floor":21.0,"turns":4.0},{"damage":16.0,"enemies":"Shelled Parasite and Fungi","floor":22.0,"turns":6.0},{"damage":26.0,"enemies":"Slavers","floor":27.0,"turns":6.0},{"damage":32.0,"enemies":"Chosen and Byrds","floor":30.0,"turns":6.0},{"damage":0.0,"enemies":"Gremlin Leader","floor":31.0,"turns":7.0},{"damage":10.0,"enemies":"Champ","floor":33.0,"turns":14.0},{"damage":40.0,"enemies":"3 Darklings","floor":35.0,"turns":7.0},{"damage":1.0,"enemies":"3 Shapes","floor":38.0,"turns":6.0},{"damage":10.0,"enemies":"Sphere and 2 Shapes","floor":39.0,"turns":7.0},{"damage":39.0,"enemies":"3 Darklings","floor":41.0,"turns":5.0},{"damage":5.0,"enemies":"Writhing Mass","floor":45.0,"turns":6.0},{"damage":17.0,"enemies":"Reptomancer","floor":48.0,"turns":9.0},{"damage":42.0,"enemies":"Donu and Deca","floor":50.0,"turns":11.0},{"damage":27,"enemies":"Time Eater","floor":51,"turns":14}],"seed_played":"8948384147148844496","potions_obtained":[{"floor":3.0,"key":"SkillPotion"},{"floor":7.0,"key":"EssenceOfSteel"},{"floor":10.0,"key":"Weak Potion"},{"floor":14.0,"key":"SneckoOil"},{"floor":18.0,"key":"Poison Potion"},{"floor":19.0,"key":"Energy Potion"},{"floor":27.0,"key":"EssenceOfSteel"},{"floor":30.0,"key":"Weak Potion"},{"floor":33.0,"key":"SneckoOil"},{"floor":38.0,"key":"Strength Potion"},{"floor":39.0,"key":"Ancient Potion"},{"floor":48.0,"key":"Strength Potion"}],"is_trial":false,"path_per_floor":["M","M","M","M","?","R","E","R","T","M","R","E","?","M","R",null,"M","?","M","M","M","R","$","R","T","E","?","R","E","R","B",null,"M","?","$","M","M","R","M","?","T","R","M","?","R","E","R","B",null],"character_chosen":"THE_SILENT","items_purchased":["Noxious Fumes","PiercingWail","Regen Potion","Footwork"],"campfire_rested":6,"item_purchase_floors":[24,24,24,37],"current_hp_per_floor":[59,59,59,58,58,58,23,42,42,40,40,40,35,27,46,40,60,56,56,48,49,35,35,35,54,54,45,45,45,15,17,36,28,57,19,32,32,33,27,47,10,68,68,68,63,63,63,50,70,28,3],"gold":32,"neow_bonus":"THREE_ENEMY_KILL","is_prod":false,"is_daily":false,"chose_seed":false,"campfire_upgraded":6,"win_rate":0,"timestamp":1546362914,"path_taken":["M","M","M","M","?","R","E","R","T","?","R","E","?","M","R","BOSS","M","?","M","M","M","R","?","R","T","E","?","R","M","E","R","BOSS","M","?","$","M","M","R","M","?","T","R","?","?","R","E","R","BOSS","BOSS"],"build_version":"2018-12-25","purchased_purges":2,"victory":true,"max_hp_per_floor":[66,66,66,66,66,66,66,66,66,66,66,66,66,66,66,66,66,66,66,66,66,66,66,66,66,66,66,66,66,66,66,66,66,66,66,66,66,66,68,68,68,68,68,68,68,68,68,70,70,70,70],"card_choices":[{"not_picked":["Acrobatics","Infinite Blades"],"picked":"Well Laid Plans","floor":1.0},{"not_picked":["Underhanded Strike","Prepared"],"picked":"Endless Agony","floor":2.0},{"not_picked":["Sucker Punch","Underhanded Strike"],"picked":"Dash","floor":3.0},{"not_picked":["Slice","Leg Sweep"],"picked":"Footwork","floor":4.0},{"not_picked":["Deflect","Underhanded Strike"],"picked":"Well Laid Plans","floor":7.0},{"not_picked":["Concentrate","Skewer"],"picked":"Backflip","floor":10.0},{"not_picked":["Terror","Underhanded Strike"],"picked":"Bouncing Flask","floor":12.0},{"not_picked":["Acrobatics","Infinite Blades"],"picked":"PiercingWail","floor":14.0},{"not_picked":["Bullet Time","Unload"],"picked":"Die Die Die","floor":16.0},{"not_picked":["Dagger Spray","Well Laid Plans"],"picked":"Dodge and Roll","floor":18.0},{"not_picked":["Deflect","Outmaneuver"],"picked":"Flying Knee","floor":20.0},{"not_picked":["Flying Knee","Outmaneuver"],"picked":"Deadly Poison","floor":21.0},{"not_picked":["Acrobatics","Flying Knee"],"picked":"Deflect+1","floor":22.0},{"not_picked":["Endless Agony","Phantasmal Killer","Dagger Throw"],"picked":"SKIP","floor":27.0},{"not_picked":["Quick Slash","Acrobatics"],"picked":"Dodge and Roll+1","floor":30.0},{"not_picked":["Escape Plan","Backflip"],"picked":"Noxious Fumes","floor":31.0},{"not_picked":["A Thousand Cuts","Wraith Form v2"],"picked":"Burst","floor":33.0},{"not_picked":["Deflect","Flechettes"],"picked":"Noxious Fumes","floor":35.0},{"not_picked":["Distraction","Poisoned Stab+1"],"picked":"Dodge and Roll+1","floor":38.0},{"not_picked":["Prepared","Outmaneuver","Quick Slash+1"],"picked":"Singing Bowl","floor":39.0},{"not_picked":["Blur","Dash+1"],"picked":"Deadly Poison+1","floor":41.0},{"not_picked":["Expertise","Deadly Poison"],"picked":"Escape Plan","floor":45.0},{"not_picked":["All Out Attack","Flechettes","Tactician"],"picked":"Singing Bowl","floor":48.0}],"player_experience":703079,"relics_obtained":[{"floor":7.0,"key":"Bronze Scales"},{"floor":9.0,"key":"Sundial"},{"floor":12.0,"key":"Turnip"},{"floor":26.0,"key":"PreservedInsect"},{"floor":27.0,"key":"Ginger"},{"floor":31.0,"key":"Singing Bowl"},{"floor":43.0,"key":"Centennial Puzzle"},{"floor":48.0,"key":"Du-Vu Doll"}],"event_choices":[{"damage_healed":0.0,"max_hp_gain":0.0,"max_hp_loss":0.0,"gold_gain":0.0,"event_name":"Accursed Blacksmith","player_choice":"Forge","floor":5.0,"gold_loss":0.0,"damage_taken":0.0,"cards_upgraded":["Dash"]},{"damage_healed":0.0,"max_hp_gain":0.0,"max_hp_loss":0.0,"gold_gain":0.0,"event_name":"Scrap Ooze","player_choice":"Success","floor":13.0,"gold_loss":0.0,"damage_taken":5.0,"relics_obtained":["Blood Vial"]},{"damage_healed":0.0,"max_hp_gain":0.0,"max_hp_loss":0.0,"gold_gain":0.0,"event_name":"Lab","player_choice":"Got Potions","floor":19.0,"gold_loss":0.0,"damage_taken":0.0},{"damage_healed":0.0,"max_hp_gain":0.0,"max_hp_loss":0.0,"gold_gain":0.0,"event_name":"Back to Basics","player_choice":"Simplicity","floor":28.0,"gold_loss":0.0,"damage_taken":0.0,"cards_upgraded":["Defend_G","Defend_G","Defend_G","Defend_G","Defend_G","Strike_G","Strike_G","Strike_G","Strike_G"]},{"damage_healed":13.0,"max_hp_gain":0.0,"max_hp_loss":0.0,"gold_gain":0.0,"event_name":"Winding Halls","player_choice":"Writhe","floor":36.0,"gold_loss":0.0,"damage_taken":0.0,"cards_obtained":["Writhe"]},{"damage_healed":58.0,"max_hp_gain":0.0,"max_hp_loss":0.0,"gold_gain":0.0,"event_name":"Wheel of Change","player_choice":"Full Heal","floor":42.0,"gold_loss":0.0,"damage_taken":0.0},{"damage_healed":0.0,"max_hp_gain":0.0,"max_hp_loss":0.0,"gold_gain":0.0,"event_name":"Tomb of Lord Red Mask","player_choice":"Paid","floor":46.0,"gold_loss":120.0,"damage_taken":0.0,"relics_obtained":["Red Mask"]}],"is_beta":true,"boss_relics":[{"not_picked":["Eternal Feather","Fusion Hammer"],"picked":"Philosopher\u0027s Stone"},{"not_picked":["Lizard Tail","Snecko Eye"],"picked":"Ring of the Serpent"}],"items_purged_floors":[24,37],"is_endless":false,"potions_floor_spawned":[3,7,10,14,18,27,30,33,38,39,48],"ascension_level":20}