{"gold_per_floor":[110,124,143,154,104,135,135,135,135,135,153,181,181,211,211,311,311,330,429,440,456,2,36,36,66,66,86,46,63,13,24,24,123,123,141,161,161,4,57,94,106,118,130,142,174,198,239,268,280,292,304,316,16,48,48],"floor_reached":56,"playtime":3296,"items_purged":["Aggregate+1","Strike_B"],"score":1423,"play_id":"8470c643-e3bc-4f0e-b663-171f9d54929e","local_time":"20181125164102","is_ascension_mode":true,"campfire_choices":[{"data":"Sunder","floor":7,"key":"SMITH"},{"data":"Dualcast","floor":10,"key":"SMITH"},{"data":"Ball Lightning","floor":15,"key":"SMITH"},{"floor":24,"key":"REST"},{"floor":32,"key":"REST"},{"data":"Loop","floor":42,"key":"SMITH"},{"floor":44,"key":"RECALL"},{"data":"Buffer","floor":49,"key":"SMITH"},{"data":"Leap","floor":52,"key":"SMITH"}],"neow_cost":"NONE","seed_source_timestamp":127066677928252,"circlet_count":0,"master_deck":["Defend_B","Defend_B","Defend_B","Defend_B","Zap+1","Dualcast+1","Leap+1","Ball Lightning+1","Reinforced Body","Sunder+1","BootSequence+1","Fusion+1","Rainbow+1","Core Surge","Conserve Battery+1","Consume+1","Reboot+1","Loop+1","Hologram+1","Hologram+1","Redo+1","Loop+1","Rainbow+1","Cold Snap+1","Steam+1","Loop+1","Turbo+1","Loop+1","Buffer+1","Reinforced Body+1","Reinforced Body+1"],"relics":["Cracked Core","Lantern","Toxic Egg 2","Kunai","DataDisk","Philosopher\u0027s Stone","Membership Card","Bird Faced Urn","Bag of Marbles","Bottled Flame","Runic Pyramid","Potion Belt","MawBank","Mango","Centennial Puzzle","Darkstone Periapt","Toolbox","Prayer Wheel","Ancient Tea Set"],"potions_floor_usage":[6,8,12,14,14,23,33,47,55,55,55,55,55],"damage_taken":[{"damage":2,"enemies":"Small Slimes","floor":1,"turns":4},{"damage":0,"enemies":"2 Louse","floor":2,"turns":2},{"damage":0,"enemies":"Cultist","floor":3,"turns":2},{"damage":2,"enemies":"2 Fungi Beasts","floor":4,"turns":3},{"damage":21,"enemies":"Gremlin Nob","floor":6,"turns":4},{"damage":0,"enemies":"Exordium Thugs","floor":11,"turns":4},{"damage":4,"enemies":"3 Sentries","floor":12,"turns":7},{"damage":38,"enemies":"Gremlin Nob","floor":14,"turns":5},{"damage":25,"enemies":"The Guardian","floor":16,"turns":8},{"damage":7,"enemies":"3 Byrds","floor":18,"turns":4},{"damage":6,"enemies":"Spheric Guardian","floor":20,"turns":3},{"damage":11,"enemies":"Snecko","floor":21,"turns":5},{"damage":25,"enemies":"Book of Stabbing","floor":23,"turns":5},{"damage":2,"enemies":"Slavers","floor":25,"turns":4},{"damage":6,"enemies":"Snake Plant","floor":27,"turns":5},{"damage":20,"enemies":"3 Cultists","floor":29,"turns":4},{"damage":2,"enemies":"Snecko","floor":31,"turns":3},{"damage":14,"enemies":"Collector","floor":33,"turns":10},{"damage":0,"enemies":"3 Shapes","floor":35,"turns":4},{"damage":0,"enemies":"Orb Walker","floor":36,"turns":3},{"damage":0,"enemies":"Giant Head","floor":40,"turns":7},{"damage":0,"enemies":"Writhing Mass","floor":45,"turns":5},{"damage":0,"enemies":"4 Shapes","floor":46,"turns":5},{"damage":4,"enemies":"Reptomancer","floor":47,"turns":6},{"damage":13,"enemies":"Transient","floor":48,"turns":5},{"damage":5,"enemies":"Awakened One","floor":50,"turns":14},{"damage":34,"enemies":"Shield and Spear","floor":54,"turns":6},{"damage":7,"enemies":"The Heart","floor":55,"turns":9}],"seed_played":"-5501401956261031225","potions_obtained":[{"floor":1,"key":"SpeedPotion"},{"floor":3,"key":"Regen Potion"},{"floor":4,"key":"AttackPotion"},{"floor":8,"key":"Fruit Juice"},{"floor":8,"key":"Strength Potion"},{"floor":8,"key":"Strength Potion"},{"floor":12,"key":"SpeedPotion"},{"floor":18,"key":"Explosive Potion"},{"floor":23,"key":"EssenceOfSteel"},{"floor":36,"key":"EssenceOfSteel"},{"floor":46,"key":"Weak Potion"},{"floor":47,"key":"Dexterity Potion"}],"is_trial":false,"path_per_floor":["M","M","M","M","?","E","R","?","T","R","M","E","?","E","R","B",null,"M","?","M","M","$","E","R","E","T","M","?","M","$","M","R","B",null,"M","M","?","$","T","E","?","R","T","R","M","M","E","M","R","B",null,"R","$","E","B",null],"character_chosen":"DEFECT","items_purchased":["Membership Card","Regen Potion","Bird Faced Urn","Loop","Potion Belt","FocusPotion","FocusPotion","PowerPotion","Toolbox","Prayer Wheel","Reinforced Body+1"],"campfire_rested":2,"item_purchase_floors":[22,22,22,22,38,38,38,53,53,53,53],"current_hp_per_floor":[73,73,73,71,71,50,50,55,55,55,55,66,66,28,28,3,80,73,73,67,56,56,47,71,71,71,67,67,49,49,51,75,65,80,80,80,80,80,80,94,94,94,94,94,94,94,92,85,85,90,94,94,94,61,64],"gold":48,"neow_bonus":"UPGRADE_CARD","is_prod":false,"is_daily":false,"chose_seed":false,"campfire_upgraded":6,"win_rate":0,"timestamp":1543182062,"path_taken":["M","M","M","M","?","E","R","?","T","R","?","E","?","E","R","BOSS","M","?","M","M","$","E","R","E","T","M","?","?","?","M","R","BOSS","M","M","?","?","?","E","?","R","T","R","?","M","E","M","R","BOSS","R","$","E","BOSS"],"build_version":"2018-11-15","purchased_purges":2,"victory":true,"max_hp_per_floor":[75,75,75,75,75,75,75,80,80,80,80,80,80,80,80,80,80,80,80,80,80,80,80,80,80,80,80,80,80,80,80,80,80,80,80,80,80,80,80,94,94,94,94,94,94,94,94,94,94,94,94,94,94,94,94],"card_choices":[{"not_picked":["Heatsinks","Stack"],"picked":"Leap","floor":1},{"not_picked":["Coolheaded","Go for the Eyes"],"picked":"Ball Lightning","floor":2},{"not_picked":["Go for the Eyes","Beam Cell"],"picked":"Reinforced Body","floor":3},{"not_picked":["Compile Driver","Go for the Eyes"],"picked":"Sunder","floor":4},{"not_picked":["Fusion","Compile Driver","Lockon"],"picked":"SKIP","floor":6},{"not_picked":["Barrage","Gash"],"picked":"BootSequence+1","floor":11},{"not_picked":["Barrage","Melter"],"picked":"Fusion+1","floor":12},{"not_picked":["Barrage","Gash"],"picked":"Rainbow+1","floor":14},{"not_picked":["Hyperbeam","Creative AI"],"picked":"Core Surge","floor":16},{"not_picked":["Reinforced Body+1","Beam Cell"],"picked":"Conserve Battery+1","floor":18},{"not_picked":["BootSequence+1","Beam Cell"],"picked":"Consume+1","floor":20},{"not_picked":["Stack+1","Double Energy+1"],"picked":"Reboot+1","floor":21},{"not_picked":["Rebound","Steam+1"],"picked":"Hologram+1","floor":23},{"not_picked":["Thunder Strike","Fusion+1"],"picked":"Hologram+1","floor":25},{"not_picked":["Conserve Battery+1","Streamline+1"],"picked":"Redo+1","floor":27},{"not_picked":["Storm","Recycle+1"],"picked":"Loop","floor":29},{"not_picked":["Static Discharge","Beam Cell","Redo+1"],"picked":"SKIP","floor":31},{"not_picked":["Fission+1","Buffer"],"picked":"Rainbow+1","floor":33},{"not_picked":["Sweeping Beam","Static Discharge+1"],"picked":"Cold Snap+1","floor":35},{"not_picked":["Redo+1","Compile Driver"],"picked":"Steam+1","floor":36},{"not_picked":["Static Discharge","Sweeping Beam+1"],"picked":"Loop","floor":40},{"not_picked":["Gash+1","Streamline+1"],"picked":"Turbo+1","floor":45},{"not_picked":["Redo+1","Rebound+1"],"picked":"Loop+1","floor":46},{"not_picked":["Lockon","Turbo+1"],"picked":"Buffer","floor":47},{"not_picked":["Blizzard","Scrape+1"],"picked":"Reinforced Body+1","floor":48},{"not_picked":["Sweeping Beam+1","Barrage+1","Scrape+1"],"picked":"SKIP","floor":54}],"player_experience":3539716,"relics_obtained":[{"floor":6,"key":"Lantern"},{"floor":9,"key":"Toxic Egg 2"},{"floor":12,"key":"Kunai"},{"floor":14,"key":"DataDisk"},{"floor":23,"key":"Bag of Marbles"},{"floor":25,"key":"Bottled Flame"},{"floor":39,"key":"MawBank"},{"floor":40,"key":"Mango"},{"floor":43,"key":"Centennial Puzzle"},{"floor":47,"key":"Darkstone Periapt"},{"floor":54,"key":"Ancient Tea Set"}],"event_choices":[{"cards_removed":["Strike_B"],"damage_healed":0,"gold_gain":0,"player_choice":"Card Removal","damage_taken":0,"max_hp_gain":0,"max_hp_loss":0,"event_name":"The Cleric","floor":5,"gold_loss":50},{"damage_healed":0,"gold_gain":0,"player_choice":"Got Potions","damage_taken":0,"max_hp_gain":0,"max_hp_loss":0,"event_name":"Lab","floor":8,"gold_loss":0},{"damage_healed":0,"gold_gain":0,"cards_transformed":["Strike_B"],"player_choice":"Transformed","damage_taken":0,"max_hp_gain":0,"max_hp_loss":0,"event_name":"Transmorgrifier","floor":13,"gold_loss":0,"cards_obtained":["Aggregate"]},{"damage_healed":0,"gold_gain":99,"player_choice":"Stole From Cult","damage_taken":0,"max_hp_gain":0,"max_hp_loss":0,"event_name":"Nest","floor":19,"gold_loss":0},{"damage_healed":0,"gold_gain":0,"player_choice":"Upgrade","damage_taken":0,"max_hp_gain":0,"max_hp_loss":0,"event_name":"Designer","floor":28,"gold_loss":40,"cards_upgraded":["Loop"]},{"cards_removed":["Strike_B"],"damage_healed":0,"gold_gain":0,"player_choice":"Offered Basic","damage_taken":0,"max_hp_gain":0,"max_hp_loss":0,"event_name":"Bonfire Elementals","floor":37,"gold_loss":0},{"damage_healed":0,"gold_gain":0,"player_choice":"Forge","damage_taken":0,"max_hp_gain":0,"max_hp_loss":0,"event_name":"Accursed Blacksmith","floor":41,"gold_loss":0,"cards_upgraded":["Loop"]}],"is_beta":true,"boss_relics":[{"not_picked":["Orrery","Tiny House"],"picked":"Philosopher\u0027s Stone"},{"not_picked":["Velvet Choker","White Beast Statue"],"picked":"Runic Pyramid"}],"items_purged_floors":[22,30],"is_endless":false,"potions_floor_spawned":[1,3,4,12,18,23,27,36,45,46,47],"ascension_level":1}