{"gold_per_floor":[109,284,284,34,51,83,95,115,142,142,170,196,214,229,229,333,333,355,367,68,68,167,167],"floor_reached":23,"playtime":1320,"items_purged":["Pain"],"score":339,"play_id":"3c9b5259-5335-4ab7-8300-69b304f49d47","local_time":"20190219133959","is_ascension_mode":true,"campfire_choices":[{"data":"Enlightenment","floor":10,"key":"SMITH"},{"floor":15,"key":"REST"}],"neow_cost":"NONE","seed_source_timestamp":323898415825998,"circlet_count":0,"master_deck":["Defend_R","Defend_R+1","Defend_R+1","Defend_R","Bash","Corruption","Doubt","Enlightenment+1","Dropkick","Sever Soul","Feel No Pain","Reckless Charge","Ghostly Armor","Offering","Shame","Writhe","Pommel Strike+1","Clothesline","Thinking Ahead","Bite","Bite","Bite","Bite","Bite"],"relics":["Burning Blood","NeowsBlessing","WarpedTongs","PreservedInsect","Potion Belt","War Paint","Odd Mushroom","Anchor","Calling Bell","MawBank","Gremlin Horn","Thread and Needle"],"potions_floor_usage":[8,8,13,13,18,23],"damage_taken":[{"damage":0,"enemies":"2 Louse","floor":1,"turns":1},{"damage":0,"enemies":"Jaw Worm","floor":5,"turns":1},{"damage":1,"enemies":"Gremlin Nob","floor":6,"turns":1},{"damage":12,"enemies":"Cultist","floor":7,"turns":4},{"damage":24,"enemies":"Lots of Slimes","floor":8,"turns":5},{"damage":27,"enemies":"The Mushroom Lair","floor":11,"turns":5},{"damage":32,"enemies":"3 Sentries","floor":12,"turns":9},{"damage":4,"enemies":"Looter","floor":13,"turns":4},{"damage":1,"enemies":"2 Fungi Beasts","floor":14,"turns":4},{"damage":27,"enemies":"Slime Boss","floor":16,"turns":15},{"damage":10,"enemies":"3 Byrds","floor":18,"turns":2},{"damage":69,"enemies":"Gremlin Leader","floor":23,"turns":5}],"seed_played":"1957101020607752041","potions_obtained":[{"floor":5,"key":"LiquidBronze"},{"floor":7,"key":"GamblersBrew"},{"floor":8,"key":"Weak Potion"},{"floor":12,"key":"Swift Potion"},{"floor":16,"key":"LiquidBronze"},{"floor":18,"key":"Energy Potion"}],"is_trial":false,"path_per_floor":["M","?","?","$","M","E","M","M","T","R","?","E","M","M","R","B",null,"M","?","$","?","?","E"],"character_chosen":"IRONCLAD","items_purchased":["PreservedInsect","Enlightenment","Clothesline","Thinking Ahead"],"campfire_rested":1,"item_purchase_floors":[4,4,20,20],"current_hp_per_floor":[78,78,78,78,80,80,74,56,56,56,35,9,11,16,40,19,65,61,61,61,56,56,0],"gold":167,"neow_bonus":"THREE_ENEMY_KILL","is_prod":false,"is_daily":false,"chose_seed":false,"campfire_upgraded":1,"win_rate":0,"timestamp":1550561999,"path_taken":["M","?","?","$","?","E","?","M","T","R","?","E","M","M","R","BOSS","M","?","$","?","?","E"],"build_version":"2019-01-23","purchased_purges":1,"victory":false,"max_hp_per_floor":[80,80,80,80,80,80,80,80,80,80,80,80,80,80,80,80,80,80,80,80,56,56,56],"card_choices":[{"not_picked":["Flex","Infernal Blade"],"picked":"Corruption","floor":1},{"not_picked":["Pummel","Inflame","Rampage"],"picked":"SKIP","floor":5},{"not_picked":["Armaments","Reckless Charge"],"picked":"Dropkick","floor":6},{"not_picked":["Spot Weakness","Body Slam","Armaments"],"picked":"SKIP","floor":7},{"not_picked":["Anger","Clash"],"picked":"Sever Soul","floor":8},{"not_picked":["Warcry","Thunderclap"],"picked":"Feel No Pain","floor":11},{"not_picked":["Pummel","Hemokinesis","Berserk"],"picked":"SKIP","floor":12},{"not_picked":["Rupture","Combust"],"picked":"Reckless Charge","floor":13},{"not_picked":["Iron Wave","Sword Boomerang"],"picked":"Ghostly Armor","floor":14},{"not_picked":["Dark Embrace","Limit Break"],"picked":"Offering","floor":16},{"not_picked":["Thunderclap+1","Inflame+1"],"picked":"Pommel Strike+1","floor":18}],"player_experience":830453,"relics_obtained":[{"floor":6,"key":"Potion Belt"},{"floor":9,"key":"War Paint"},{"floor":11,"key":"Odd Mushroom"},{"floor":12,"key":"Anchor"},{"floor":17,"key":"MawBank"},{"floor":17,"key":"Gremlin Horn"},{"floor":17,"key":"Thread and Needle"}],"event_choices":[{"damage_healed":0,"gold_gain":175,"player_choice":"AGREE","damage_taken":0,"max_hp_gain":0,"max_hp_loss":0,"event_name":"Liars Game","floor":2,"gold_loss":0,"cards_obtained":["Doubt"]},{"damage_healed":0,"gold_gain":0,"player_choice":"Rummage","damage_taken":0,"relics_obtained":["WarpedTongs"],"max_hp_gain":0,"max_hp_loss":0,"event_name":"Accursed Blacksmith","floor":3,"gold_loss":0,"cards_obtained":["Pain"]},{"damage_healed":0,"gold_gain":0,"player_choice":"Fought Mushrooms","damage_taken":0,"max_hp_gain":0,"max_hp_loss":0,"event_name":"Mushrooms","floor":11,"gold_loss":0},{"cards_removed":["Pain"],"damage_healed":0,"gold_gain":0,"player_choice":"Elegance","damage_taken":0,"max_hp_gain":0,"max_hp_loss":0,"event_name":"Back to Basics","floor":19,"gold_loss":0},{"damage_healed":0,"gold_gain":0,"player_choice":"Became a vampire","damage_taken":0,"max_hp_gain":0,"max_hp_loss":24,"event_name":"Vampires","floor":21,"gold_loss":0,"cards_obtained":["Bite","Bite","Bite","Bite","Bite"]},{"damage_healed":0,"gold_gain":99,"player_choice":"Stole From Cult","damage_taken":0,"max_hp_gain":0,"max_hp_loss":0,"event_name":"Nest","floor":22,"gold_loss":0}],"is_beta":false,"boss_relics":[{"not_picked":["Runic Dome","Cursed Key"],"picked":"Calling Bell"}],"items_purged_floors":[20],"is_endless":false,"potions_floor_spawned":[5,7,8,12,16,18],"killed_by":"Gremlin Leader","ascension_level":8}