{"gold_per_floor":[118,118,293,303,322,322,348,348,348,375,22,52,52,84,84,185,185,201,201,201,216,216,241,241,254,254,254,286,299,332,332,332,436,436,448,464,484,13,29,59,59,84,84,116,116,134,134,160,160,160,160,160,2,27,27],"floor_reached":56,"playtime":3299,"items_purged":["Doubt","Strike_G+1"],"score":1547,"play_id":"ca170716-b6a6-4496-865d-a3ef51c81e94","local_time":"20190121123822","is_ascension_mode":true,"campfire_choices":[{"data":"Riddle With Holes","floor":6,"key":"SMITH"},{"data":"1","floor":8,"key":"LIFT"},{"data":"2","floor":13,"key":"LIFT"},{"data":"3","floor":15,"key":"LIFT"},{"floor":24,"key":"REST"},{"data":"Cloak And Dagger","floor":32,"key":"SMITH"},{"floor":45,"key":"RECALL"},{"data":"Cloak And Dagger","floor":47,"key":"SMITH"},{"data":"Cloak And Dagger","floor":49,"key":"SMITH"},{"data":"Neutralize","floor":52,"key":"SMITH"}],"neow_cost":"NONE","seed_source_timestamp":3112482716155156,"circlet_count":0,"master_deck":["Defend_G+1","Defend_G+1","Defend_G+1","Defend_G+1","Defend_G+1","Strike_G+1","Strike_G+1","Strike_G+1","Strike_G+1","Survivor+1","Neutralize+1","Quick Slash","PiercingWail","Riddle With Holes+1","Tools of the Trade","Riddle With Holes","Tactician+1","Trip","Cloak And Dagger+1","Dagger Spray","Die Die Die","Deflect","Skewer+1","Blade Dance+1","Ghostly+1","Ghostly","Ghostly","Ghostly","Ghostly","Cloak And Dagger+1","Cloak And Dagger+1","Endless Agony","Masterful Stab+1","Riddle With Holes+1","Terror","Blade Dance"],"relics":["Lizard Tail","Girya","Odd Mushroom","Pen Nib","Bag of Marbles","Busted Crown","Enchiridion","Omamori","Shuriken","Dead Branch","The Courier","Cursed Key","War Paint","Blood Vial","Bottled Flame","The Specimen","Sundial","Oddly Smooth Stone","Strawberry"],"potions_floor_usage":[7,14,16,16,23,33,55,55,55],"damage_taken":[{"damage":0,"enemies":"2 Louse","floor":1,"turns":4},{"damage":0,"enemies":"Jaw Worm","floor":4,"turns":3},{"damage":1,"enemies":"Cultist","floor":5,"turns":6},{"damage":5,"enemies":"3 Sentries","floor":7,"turns":8},{"damage":9,"enemies":"The Mushroom Lair","floor":10,"turns":5},{"damage":7,"enemies":"Gremlin Nob","floor":12,"turns":4},{"damage":12,"enemies":"3 Sentries","floor":14,"turns":5},{"damage":10,"enemies":"The Guardian","floor":16,"turns":7},{"damage":0,"enemies":"Spheric Guardian","floor":18,"turns":1},{"damage":0,"enemies":"3 Byrds","floor":21,"turns":4},{"damage":6,"enemies":"Book of Stabbing","floor":23,"turns":3},{"damage":0,"enemies":"Snecko","floor":25,"turns":2},{"damage":0,"enemies":"Gremlin Leader","floor":28,"turns":4},{"damage":0,"enemies":"Shelled Parasite and Fungi","floor":29,"turns":2},{"damage":7,"enemies":"Slavers","floor":30,"turns":3},{"damage":0,"enemies":"Champ","floor":33,"turns":6},{"damage":0,"enemies":"3 Darklings","floor":35,"turns":3},{"damage":0,"enemies":"Orb Walker","floor":36,"turns":2},{"damage":0,"enemies":"Writhing Mass","floor":37,"turns":2},{"damage":0,"enemies":"Transient","floor":39,"turns":5},{"damage":0,"enemies":"Nemesis","floor":40,"turns":4},{"damage":2,"enemies":"Reptomancer","floor":42,"turns":6},{"damage":1,"enemies":"Giant Head","floor":44,"turns":4},{"damage":0,"enemies":"Sphere and 2 Shapes","floor":46,"turns":2},{"damage":0,"enemies":"Reptomancer","floor":48,"turns":3},{"damage":24,"enemies":"Time Eater","floor":50,"turns":8},{"damage":0,"enemies":"Shield and Spear","floor":54,"turns":5},{"damage":7,"enemies":"The Heart","floor":55,"turns":9}],"seed_played":"-4399494828355098898","potions_obtained":[{"floor":1,"key":"Explosive Potion"},{"floor":10,"key":"Block Potion"},{"floor":14,"key":"Poison Potion"},{"floor":28,"key":"Explosive Potion"},{"floor":29,"key":"Swift Potion"},{"floor":30,"key":"PowerPotion"},{"floor":33,"key":"GamblersBrew"},{"floor":35,"key":"Regen Potion"},{"floor":46,"key":"Weak Potion"}],"is_trial":false,"path_per_floor":["?","?","?","?","?","M","?","?","?","M","?"],"character_chosen":"THE_SILENT","items_purchased":["Tactician","Regen Potion","GhostInAJar","Trip","Cloak And Dagger","Backflip","Cloak And Dagger","War Paint","Blood Vial","Endless Agony","Ancient Potion","Terror","Blade Dance"],"campfire_rested":1,"item_purchase_floors":[11,11,11,11,38,38,38,38,38,38,53,53,53],"current_hp_per_floor":[70,56,56,56,55,55,50,50,50,41,41,34,34,36,36,26,70,70,70,70,70,54,48,69,69,69,35,35,35,28,28,28,28,35,35,35,35,35,35,35,35,33,33,34,34,35,35,35,35,11,35,35,35,42,35],"gold":27,"neow_bonus":"BOSS_RELIC","is_prod":false,"is_daily":false,"chose_seed":false,"campfire_upgraded":5,"win_rate":0,"timestamp":1548092302,"path_taken":["M","?","?","M","M","R","E","R","T","?","$","E","R","E","R","BOSS","M","?","?","?","?","E","R","M","T","?","E","M","E","?","R","BOSS","M","M","?","$","M","E","?","E","T","E","R","M","R","E","R","BOSS","R","$","E","BOSS"],"build_version":"2019-01-20","purchased_purges":2,"victory":true,"max_hp_per_floor":[70,70,70,70,70,70,70,70,70,70,70,70,70,70,70,70,70,70,70,70,70,70,70,70,70,70,35,35,35,35,35,35,35,35,35,35,35,35,35,35,35,35,35,35,35,35,35,35,35,35,35,35,35,42,42],"card_choices":[{"not_picked":["Skewer","Underhanded Strike"],"picked":"Quick Slash","floor":1},{"not_picked":["Sucker Punch","Prepared"],"picked":"PiercingWail","floor":4},{"not_picked":["Prepared","Acrobatics"],"picked":"Riddle With Holes","floor":5},{"not_picked":["Skewer","Dagger Throw"],"picked":"Tools of the Trade","floor":7},{"not_picked":["Bane","Sucker Punch"],"picked":"Riddle With Holes","floor":10},{"not_picked":["Bane","Venomology"],"picked":"Cloak And Dagger","floor":12},{"not_picked":["Calculated Gamble","A Thousand Cuts"],"picked":"Dagger Spray","floor":14},{"not_picked":["A Thousand Cuts","Wraith Form v2"],"picked":"Die Die Die","floor":16},{"not_picked":[],"picked":"Deflect","floor":18},{"not_picked":["Bouncing Flask+1"],"picked":"SKIP","floor":21},{"not_picked":[],"picked":"Skewer+1","floor":23},{"not_picked":[],"picked":"Blade Dance+1","floor":25},{"not_picked":["Dagger Throw"],"picked":"SKIP","floor":28},{"not_picked":["Concentrate+1"],"picked":"SKIP","floor":29},{"not_picked":["Doppelganger"],"picked":"SKIP","floor":30},{"not_picked":["Flying Knee"],"picked":"SKIP","floor":35},{"not_picked":["Flying Knee"],"picked":"SKIP","floor":36},{"not_picked":["Poisoned Stab"],"picked":"SKIP","floor":37},{"not_picked":["Choke"],"picked":"SKIP","floor":39},{"not_picked":[],"picked":"Masterful Stab+1","floor":40},{"not_picked":["Quick Slash+1"],"picked":"SKIP","floor":42},{"not_picked":["Catalyst+1"],"picked":"SKIP","floor":44},{"not_picked":["Slice"],"picked":"SKIP","floor":46},{"not_picked":[],"picked":"Riddle With Holes+1","floor":48},{"not_picked":["Flying Knee+1"],"picked":"SKIP","floor":54}],"player_experience":4136583,"relics_obtained":[{"floor":7,"key":"Girya"},{"floor":10,"key":"Odd Mushroom"},{"floor":12,"key":"Pen Nib"},{"floor":14,"key":"Bag of Marbles"},{"floor":22,"key":"Enchiridion"},{"floor":23,"key":"Omamori"},{"floor":26,"key":"Shuriken"},{"floor":28,"key":"Dead Branch"},{"floor":30,"key":"The Courier"},{"floor":40,"key":"Bottled Flame"},{"floor":42,"key":"The Specimen"},{"floor":44,"key":"Sundial"},{"floor":48,"key":"Oddly Smooth Stone"},{"floor":54,"key":"Strawberry"}],"event_choices":[{"damage_healed":0,"gold_gain":0,"player_choice":"Entered Light","damage_taken":14,"max_hp_gain":0,"max_hp_loss":0,"event_name":"Shining Light","floor":2,"gold_loss":0,"cards_upgraded":["Survivor","Defend_G"]},{"damage_healed":0,"gold_gain":175,"player_choice":"AGREE","damage_taken":0,"max_hp_gain":0,"max_hp_loss":0,"event_name":"Liars Game","floor":3,"gold_loss":0,"cards_obtained":["Doubt"]},{"damage_healed":0,"gold_gain":0,"player_choice":"Fought Mushrooms","damage_taken":0,"max_hp_gain":0,"max_hp_loss":0,"event_name":"Mushrooms","floor":10,"gold_loss":0},{"damage_healed":0,"gold_gain":0,"player_choice":"Simplicity","damage_taken":0,"max_hp_gain":0,"max_hp_loss":0,"event_name":"Back to Basics","floor":19,"gold_loss":0,"cards_upgraded":["Defend_G","Defend_G","Defend_G","Defend_G","Strike_G","Strike_G","Strike_G","Strike_G","Strike_G"]},{"damage_healed":0,"gold_gain":0,"player_choice":"0 cards matched","damage_taken":0,"max_hp_gain":0,"max_hp_loss":0,"event_name":"Match and Keep!","floor":20,"gold_loss":0,"cards_obtained":[]},{"damage_healed":0,"gold_gain":0,"player_choice":"Obtained Book","damage_taken":16,"max_hp_gain":0,"max_hp_loss":0,"event_name":"Cursed Tome","floor":22,"gold_loss":0},{"damage_healed":0,"gold_gain":0,"player_choice":"Became a Ghost","damage_taken":0,"max_hp_gain":0,"max_hp_loss":35,"event_name":"Ghosts","floor":27,"gold_loss":0,"cards_obtained":["Ghostly","Ghostly","Ghostly","Ghostly","Ghostly"]},{"damage_healed":0,"gold_gain":0,"player_choice":"Ignored","damage_taken":0,"max_hp_gain":0,"max_hp_loss":0,"event_name":"NoteForYourself","floor":31,"gold_loss":0},{"cards_removed":["Backflip"],"damage_healed":0,"gold_gain":0,"player_choice":"Removed Skill","damage_taken":0,"max_hp_gain":0,"max_hp_loss":0,"event_name":"Falling","floor":41,"gold_loss":0}],"is_beta":true,"boss_relics":[{"not_picked":["Black Star","HoveringKite"],"picked":"Busted Crown"},{"not_picked":["Orrery","Velvet Choker"],"picked":"Cursed Key"}],"items_purged_floors":[11,38],"is_endless":false,"potions_floor_spawned":[1,10,14,28,29,30,33,35,40,46,48,54],"ascension_level":1}