{"gold_per_floor":[111,130,141,155,175,175,189,189,212,212,286,315,315,331,331,407,407,423,437,362,372,391,391],"floor_reached":23,"playtime":895,"items_purged":[],"score":394,"play_id":"f3a16fe4-4249-4c7b-92fe-4d11b4efaa89","local_time":"20190128144742","is_ascension_mode":true,"campfire_choices":[{"data":"Sunder","floor":6.0,"key":"SMITH"},{"data":"Conserve Battery","floor":8.0,"key":"SMITH"},{"data":"Zap","floor":10.0,"key":"SMITH"},{"data":"Reinforced Body","floor":15.0,"key":"SMITH"}],"neow_cost":"NONE","seed_source_timestamp":0,"circlet_count":0,"master_deck":["AscendersBane","Strike_B+1","Strike_B","Strike_B","Strike_B","Defend_B","Defend_B","Defend_B","Zap+1","Dualcast","Sunder+1","Steam","Conserve Battery+1","Tempest","Ball Lightning+1","Ball Lightning","Steam","Reinforced Body+1","Fission","Reinforced Body","Genetic Algorithm","FTL"],"special_seed":0,"relics":["Cracked Core","Bronze Scales","Whetstone","Snecko Eye"],"potions_floor_usage":[21,23,23,23,23],"damage_taken":[{"damage":0.0,"enemies":"Cultist","floor":1.0,"turns":3.0},{"damage":12.0,"enemies":"Small Slimes","floor":2.0,"turns":3.0},{"damage":1.0,"enemies":"Jaw Worm","floor":3.0,"turns":3.0},{"damage":3.0,"enemies":"Blue Slaver","floor":4.0,"turns":5.0},{"damage":22.0,"enemies":"Gremlin Gang","floor":5.0,"turns":5.0},{"damage":0.0,"enemies":"Looter","floor":7.0,"turns":1.0},{"damage":8.0,"enemies":"Lagavulin","floor":12.0,"turns":5.0},{"damage":1.0,"enemies":"Exordium Thugs","floor":14.0,"turns":3.0},{"damage":17.0,"enemies":"Hexaghost","floor":16.0,"turns":9.0},{"damage":2.0,"enemies":"2 Thieves","floor":18.0,"turns":2.0},{"damage":7.0,"enemies":"3 Byrds","floor":19.0,"turns":3.0},{"damage":14,"enemies":"Snake Plant","floor":21,"turns":3},{"damage":10,"enemies":"Cultist and Chosen","floor":22,"turns":5},{"damage":27,"enemies":"Book of Stabbing","floor":23,"turns":4}],"seed_played":"1187460069266910035","potions_obtained":[{"floor":2.0,"key":"SkillPotion"},{"floor":3.0,"key":"FearPotion"},{"floor":16.0,"key":"EssenceOfSteel"},{"floor":19.0,"key":"EntropicBrew"},{"floor":22,"key":"Poison Potion"}],"is_trial":false,"path_per_floor":["M","M","M","M","M","R","M","R","T","R","?","E","?","M","R","B",null,"M","M","?","M","M","E"],"character_chosen":"DEFECT","items_purchased":[],"campfire_rested":0,"item_purchase_floors":[],"current_hp_per_floor":[71,59,58,55,33,33,33,33,33,33,33,25,25,24,24,7,60,58,51,51,37,27,0],"gold":391,"neow_bonus":"TEN_PERCENT_HP_BONUS","is_prod":false,"is_daily":false,"chose_seed":false,"campfire_upgraded":4,"win_rate":0,"timestamp":1548654462,"path_taken":["M","M","?","M","M","R","M","R","T","R","?","E","?","M","R","BOSS","M","M","?","M","M","E"],"build_version":"2019-01-23","purchased_purges":0,"victory":false,"max_hp_per_floor":[78,78,78,78,78,78,78,78,78,78,78,78,78,78,78,78,78,78,78,78,78,78,78],"card_choices":[{"not_picked":["Barrage","Sweeping Beam"],"picked":"Sunder","floor":1.0},{"not_picked":["Gash","Steam Power"],"picked":"Steam","floor":2.0},{"not_picked":["Force Field","Multi-Cast"],"picked":"Conserve Battery","floor":3.0},{"not_picked":["Beam Cell","Force Field"],"picked":"Tempest","floor":4.0},{"not_picked":["Melter","Undo"],"picked":"Ball Lightning","floor":5.0},{"not_picked":["Compile Driver","Coolheaded"],"picked":"Ball Lightning","floor":7.0},{"not_picked":["Redo","Compile Driver"],"picked":"Steam","floor":12.0},{"not_picked":["Fusion","Rebound"],"picked":"Reinforced Body","floor":14.0},{"not_picked":["Meteor Strike","All For One"],"picked":"Fission","floor":16.0},{"not_picked":["Compile Driver","Steam Power"],"picked":"Reinforced Body","floor":18.0},{"not_picked":["Barrage","Gash"],"picked":"Genetic Algorithm","floor":19.0},{"not_picked":["Leap","Go for the Eyes","Streamline"],"picked":"SKIP","floor":21},{"not_picked":["Doom and Gloom+1","Sweeping Beam"],"picked":"FTL","floor":22}],"player_experience":1095030,"relics_obtained":[{"floor":9.0,"key":"Bronze Scales"},{"floor":12.0,"key":"Whetstone"}],"event_choices":[{"damage_healed":0.0,"max_hp_gain":0.0,"max_hp_loss":0.0,"gold_gain":74.0,"event_name":"Golden Wing","player_choice":"Gained Gold","floor":11.0,"gold_loss":0.0,"damage_taken":0.0},{"damage_healed":0.0,"max_hp_gain":0.0,"max_hp_loss":0.0,"gold_gain":0.0,"event_name":"Liars Game","player_choice":"Ignored","floor":13.0,"gold_loss":0.0,"damage_taken":0.0},{"cards_removed":["Defend_B"],"damage_healed":0.0,"max_hp_gain":0.0,"max_hp_loss":0.0,"gold_gain":0.0,"event_name":"Beggar","player_choice":"Gave Gold","floor":20.0,"gold_loss":75.0,"damage_taken":0.0}],"is_beta":false,"boss_relics":[{"not_picked":["Lizard Tail","Runic Pyramid"],"picked":"Snecko Eye"}],"items_purged_floors":[],"is_endless":false,"potions_floor_spawned":[2,3,16,19,22],"killed_by":"Book of Stabbing","ascension_level":20}