{"gold_per_floor":[118,118,118,137,147,147,173,173,200,200,234,6,40,17,17,148,148,162,162,162,185,56,87,87,108,131,131,131,147,180,196,196,293,343,360,360,360,372,385,411,411,59,59,77,29,48,78,89,89,89,89,89,15,46,46],"floor_reached":56,"playtime":3835,"items_purged":["Normality"],"score":1416,"play_id":"dd133ef1-336d-4604-be7b-e931970204d9","local_time":"20190204140624","is_ascension_mode":true,"campfire_choices":[{"data":"Darkness","floor":6,"key":"SMITH"},{"data":"Biased Cognition","floor":15,"key":"SMITH"},{"data":"Loop","floor":24,"key":"SMITH"},{"data":"Dualcast","floor":28,"key":"SMITH"},{"data":"Capacitor","floor":32,"key":"SMITH"},{"data":"Capacitor","floor":41,"key":"SMITH"},{"floor":49,"key":"RECALL"},{"data":"Rainbow","floor":52,"key":"SMITH"}],"neow_cost":"NONE","seed_source_timestamp":4326643202878257,"circlet_count":0,"master_deck":["Strike_B","Strike_B+1","Strike_B","Defend_B","Defend_B","Defend_B","Defend_B","Zap","Dualcast+1","Darkness+1","Steam","Streamline","Undo","Biased Cognition+1","Electrodynamics","Sunder","Steam","Rainbow+1","Cold Snap","Reinforced Body+1","Loop+1","Coolheaded","Conserve Battery","Steam Power","Biased Cognition","Capacitor+1","Core Surge","Capacitor+1","Chaos+1","Core Surge","Coolheaded+1","Redo+1","Ball Lightning+1","Glacier","Writhe","Hello World+1","BootSequence","Coolheaded+1","Hologram+1","White Noise"],"relics":["Cracked Core","NeowsBlessing","Boot","Spirit Poop","Torii","Regal Pillow","Bag of Preparation","Letter Opener","Cursed Key","Orichalcum","Dream Catcher","Lantern","Nloth\u0027s Gift","Du-Vu Doll","Tiny House","Girya","ClockworkSouvenir","Molten Egg 2","Pen Nib","DataDisk"],"potions_floor_usage":[23,29,40,55,55,55,55,55],"damage_taken":[{"damage":0,"enemies":"Jaw Worm","floor":1,"turns":1},{"damage":0,"enemies":"Small Slimes","floor":4,"turns":1},{"damage":0,"enemies":"Cultist","floor":5,"turns":1},{"damage":8,"enemies":"Lagavulin","floor":7,"turns":5},{"damage":18,"enemies":"3 Sentries","floor":11,"turns":9},{"damage":6,"enemies":"Gremlin Nob","floor":13,"turns":3},{"damage":18,"enemies":"Slime Boss","floor":16,"turns":9},{"damage":2,"enemies":"2 Thieves","floor":18,"turns":3},{"damage":0,"enemies":"Spheric Guardian","floor":21,"turns":3},{"damage":14,"enemies":"Slavers","floor":23,"turns":2},{"damage":0,"enemies":"Centurion and Healer","floor":25,"turns":5},{"damage":1,"enemies":"Sentry and Sphere","floor":29,"turns":5},{"damage":0,"enemies":"Gremlin Leader","floor":30,"turns":5},{"damage":0,"enemies":"3 Cultists","floor":31,"turns":3},{"damage":0,"enemies":"Champ","floor":33,"turns":9},{"damage":1,"enemies":"3 Shapes","floor":35,"turns":4},{"damage":0,"enemies":"Orb Walker","floor":38,"turns":3},{"damage":12,"enemies":"Sphere and 2 Shapes","floor":39,"turns":3},{"damage":9,"enemies":"Giant Head","floor":40,"turns":11},{"damage":10,"enemies":"Jaw Worm Horde","floor":44,"turns":3},{"damage":12,"enemies":"Transient","floor":46,"turns":5},{"damage":1,"enemies":"Nemesis","floor":47,"turns":8},{"damage":0,"enemies":"Spire Growth","floor":48,"turns":5},{"damage":31,"enemies":"Time Eater","floor":50,"turns":14},{"damage":31,"enemies":"Shield and Spear","floor":54,"turns":6},{"damage":0,"enemies":"The Heart","floor":55,"turns":9}],"seed_played":"1944942227258536064","potions_obtained":[{"floor":5,"key":"PowerPotion"},{"floor":7,"key":"EntropicBrew"},{"floor":11,"key":"Energy Potion"},{"floor":25,"key":"Dexterity Potion"},{"floor":29,"key":"Regen Potion"},{"floor":44,"key":"Block Potion"},{"floor":47,"key":"EntropicBrew"}],"is_trial":false,"path_per_floor":["M","?","?","M","M","R","E","?","T","?","E","$","E","$","R","B",null,"M","?","?","M","$","E","R","M","T","?","R","M","E","M","R","B",null,"M","?","?","M","M","E","R","$","T","M","$","M","E","M","R","B",null,"R","$","E","B",null],"character_chosen":"DEFECT","items_purchased":["Electrodynamics","Bag of Preparation","Steam","Loop","Coolheaded","ClockworkSouvenir","Glacier","PowerPotion","White Noise"],"campfire_rested":0,"item_purchase_floors":[12,12,14,22,22,42,42,45,53],"current_hp_per_floor":[75,75,75,75,75,75,67,67,67,60,42,42,36,36,36,18,69,67,67,67,67,67,53,53,53,53,53,53,52,52,52,52,52,74,73,70,70,70,58,61,61,61,61,51,51,39,38,38,38,7,70,70,70,39,39],"gold":46,"neow_bonus":"THREE_ENEMY_KILL","is_prod":false,"is_daily":false,"chose_seed":false,"campfire_upgraded":7,"win_rate":0,"timestamp":1549307184,"path_taken":["M","?","?","M","?","R","E","?","T","?","E","$","E","?","R","BOSS","M","?","?","M","?","E","R","M","T","?","R","?","E","M","R","BOSS","M","?","?","M","?","E","R","$","T","M","$","M","E","M","R","BOSS","R","$","E","BOSS"],"build_version":"2019-01-23","purchased_purges":1,"victory":true,"max_hp_per_floor":[75,75,75,75,75,75,75,69,69,69,69,69,69,69,69,69,69,69,69,69,69,69,69,69,69,69,69,69,69,69,69,69,69,74,74,70,70,70,70,70,70,70,70,70,70,70,70,70,70,70,70,70,70,70,70],"card_choices":[{"not_picked":["Steam","Auto Shields"],"picked":"Darkness","floor":1},{"not_picked":["Skim","Beam Cell"],"picked":"Steam","floor":4},{"not_picked":["Conserve Battery","Static Discharge"],"picked":"Streamline","floor":5},{"not_picked":["Leap","Compile Driver"],"picked":"Undo","floor":7},{"not_picked":["Go for the Eyes","Conserve Battery"],"picked":"Biased Cognition","floor":11},{"not_picked":["All For One","Gash"],"picked":"Sunder","floor":13},{"not_picked":["Thunder Strike","Biased Cognition"],"picked":"Rainbow","floor":16},{"not_picked":["Conserve Battery+1","Turbo"],"picked":"Cold Snap","floor":18},{"not_picked":["Redo","Double Energy+1"],"picked":"Reinforced Body+1","floor":21},{"not_picked":["Rebound","Cold Snap"],"picked":"Conserve Battery","floor":23},{"not_picked":["Cold Snap+1","Barrage","Aggregate"],"picked":"SKIP","floor":25},{"not_picked":["Steam","Stack"],"picked":"Steam Power","floor":29},{"not_picked":["Turbo+1","Recycle"],"picked":"Biased Cognition","floor":30},{"not_picked":["Seek","Blizzard+1"],"picked":"Capacitor","floor":31},{"not_picked":["Machine Learning","Buffer"],"picked":"Core Surge","floor":33},{"not_picked":["Sweeping Beam","Gash"],"picked":"Capacitor","floor":34},{"not_picked":["Ball Lightning+1","Compile Driver+1"],"picked":"Chaos+1","floor":35},{"not_picked":["Streamline","Skim+1"],"picked":"Coolheaded+1","floor":38},{"not_picked":["Loop","Skim"],"picked":"Redo+1","floor":39},{"not_picked":["Gash+1","Rip and Tear+1"],"picked":"Ball Lightning+1","floor":40},{"not_picked":["Biased Cognition","Compile Driver+1"],"picked":"Hello World+1","floor":44},{"not_picked":["Beam Cell+1","Cold Snap+1"],"picked":"BootSequence","floor":46},{"not_picked":["Skim+1","Hyperbeam+1"],"picked":"Coolheaded+1","floor":47},{"not_picked":["Conserve Battery+1","Reprogram+1"],"picked":"Hologram+1","floor":48},{"not_picked":["Hello World","Sunder+1","Ball Lightning+1"],"picked":"SKIP","floor":54}],"player_experience":4346019,"relics_obtained":[{"floor":7,"key":"Torii"},{"floor":11,"key":"Regal Pillow"},{"floor":13,"key":"Letter Opener"},{"floor":23,"key":"Dream Catcher"},{"floor":26,"key":"Lantern"},{"floor":30,"key":"Du-Vu Doll"},{"floor":40,"key":"Girya"},{"floor":43,"key":"Molten Egg 2"},{"floor":47,"key":"Pen Nib"},{"floor":54,"key":"DataDisk"}],"event_choices":[{"damage_healed":0,"gold_gain":0,"player_choice":"Box","damage_taken":0,"relics_obtained":["Boot"],"max_hp_gain":0,"max_hp_loss":0,"event_name":"Big Fish","floor":2,"gold_loss":0,"cards_obtained":["Regret"]},{"cards_removed":["Regret"],"damage_healed":0,"gold_gain":0,"player_choice":"Offered Curse","damage_taken":0,"relics_obtained":["Spirit Poop"],"max_hp_gain":0,"max_hp_loss":0,"event_name":"Bonfire Elementals","floor":3,"gold_loss":0},{"damage_healed":0,"gold_gain":0,"player_choice":"Lose Max HP","damage_taken":0,"relics_obtained":["Golden Idol"],"max_hp_gain":0,"max_hp_loss":6,"event_name":"Golden Idol","floor":8,"gold_loss":0},{"cards_removed":["Strike_B"],"damage_healed":0,"gold_gain":0,"player_choice":"Card Removal","damage_taken":7,"max_hp_gain":0,"max_hp_loss":0,"event_name":"Golden Wing","floor":10,"gold_loss":0},{"damage_healed":0,"gold_gain":0,"player_choice":"Ignored","damage_taken":0,"max_hp_gain":0,"max_hp_loss":0,"event_name":"Vampires","floor":19,"gold_loss":0},{"damage_healed":0,"gold_gain":0,"player_choice":"Opened","damage_taken":0,"relics_obtained":["Orichalcum"],"max_hp_gain":0,"max_hp_loss":0,"event_name":"The Mausoleum","floor":20,"gold_loss":0},{"damage_healed":0,"gold_gain":0,"player_choice":"Traded Relic","damage_taken":0,"relics_obtained":["Nloth\u0027s Gift"],"max_hp_gain":0,"max_hp_loss":0,"event_name":"N\u0027loth","floor":27,"relics_lost":["Golden Idol"],"gold_loss":0},{"damage_healed":0,"gold_gain":0,"player_choice":"Max HP","damage_taken":0,"max_hp_gain":0,"max_hp_loss":4,"event_name":"Winding Halls","floor":36,"gold_loss":0},{"damage_healed":0,"gold_gain":0,"player_choice":"Copied","damage_taken":0,"max_hp_gain":0,"max_hp_loss":0,"event_name":"Duplicator","floor":37,"gold_loss":0,"cards_obtained":["Core Surge"]}],"is_beta":true,"boss_relics":[{"not_picked":["White Beast Statue","Astrolabe"],"picked":"Cursed Key"},{"not_picked":["FrozenCore","Nuclear Battery"],"picked":"Tiny House"}],"items_purged_floors":[42],"is_endless":false,"potions_floor_spawned":[5,7,11,16,18,25,29,30,35,39,44,47,54],"ascension_level":1}