{"gold_per_floor":[363,374,13,27,44,70,70,18,18,18,46,66,66,86,86,165,165,182,200,216,47,61,61,75,75,99,134,148,158,169,197,197,268,268,286,304,48,62,62,62,62,87,168,186,203,25,0,0,0,0,0],"floor_reached":52,"playtime":4064,"items_purged":["Strike_B","Zap"],"score":1876,"play_id":"888f75de-0471-40b9-ad8b-32b1cdae3a0f","local_time":"20190215113434","is_ascension_mode":true,"campfire_choices":[{"data":"Streamline","floor":7.0,"key":"SMITH"},{"floor":10.0,"key":"REST"},{"data":"FTL","floor":15.0,"key":"SMITH"},{"data":"Apotheosis","floor":23.0,"key":"SMITH"},{"data":"Seek","floor":25.0,"key":"SMITH"},{"floor":32.0,"key":"REST"},{"data":"Genetic Algorithm","floor":40,"key":"SMITH"},{"floor":49,"key":"REST"}],"neow_cost":"PERCENT_DAMAGE","seed_source_timestamp":0,"circlet_count":0,"master_deck":["AscendersBane","Defend_B","Defend_B","Defend_B","Dualcast","Cold Snap","Streamline+1","FTL+1","Coolheaded","Glacier+1","Compile Driver+1","Ball Lightning+1","Machine Learning","Glacier","Seek+1","Stack+1","Loop+1","Cold Snap+1","Genetic Algorithm+1","Hologram","Apotheosis+1","Defragment","Conserve Battery+1","Core Surge","Go for the Eyes+1","Recycle","Seek+1","Cold Snap+1","Echo Form","Stack+1"],"special_seed":0,"relics":["Cracked Core","PreservedInsect","Pear","The Courier","DataDisk","Astrolabe","Lantern","Vajra","Omamori","Sozu","DollysMirror","Whetstone","Blue Candle","Medical Kit","Red Mask"],"potions_floor_usage":[],"damage_taken":[{"damage":0.0,"enemies":"Cultist","floor":1.0,"turns":4.0},{"damage":0.0,"enemies":"2 Louse","floor":2.0,"turns":2.0},{"damage":7.0,"enemies":"Small Slimes","floor":4.0,"turns":3.0},{"damage":0.0,"enemies":"Looter","floor":5.0,"turns":4.0},{"damage":27.0,"enemies":"Gremlin Nob","floor":6.0,"turns":4.0},{"damage":11.0,"enemies":"3 Sentries","floor":11.0,"turns":6.0},{"damage":2.0,"enemies":"Large Slime","floor":12.0,"turns":6.0},{"damage":12.0,"enemies":"Exordium Wildlife","floor":14.0,"turns":4.0},{"damage":0.0,"enemies":"The Guardian","floor":16.0,"turns":11.0},{"damage":0.0,"enemies":"Spheric Guardian","floor":18.0,"turns":5.0},{"damage":0.0,"enemies":"Shell Parasite","floor":19.0,"turns":11.0},{"damage":0.0,"enemies":"Snecko","floor":20.0,"turns":6.0},{"damage":8.0,"enemies":"Snake Plant","floor":22.0,"turns":5.0},{"damage":0.0,"enemies":"Centurion and Healer","floor":24.0,"turns":10.0},{"damage":4.0,"enemies":"Gremlin Leader","floor":27.0,"turns":7.0},{"damage":21.0,"enemies":"Chosen and Byrds","floor":28.0,"turns":5.0},{"damage":9.0,"enemies":"Cultist and Chosen","floor":29.0,"turns":6.0},{"damage":0.0,"enemies":"Snake Plant","floor":30.0,"turns":6.0},{"damage":37.0,"enemies":"Slavers","floor":31.0,"turns":7.0},{"damage":5.0,"enemies":"Champ","floor":33.0,"turns":15.0},{"damage":1,"enemies":"3 Shapes","floor":35,"turns":5},{"damage":0,"enemies":"Orb Walker","floor":36,"turns":4},{"damage":0,"enemies":"3 Darklings","floor":38,"turns":7},{"damage":1,"enemies":"Reptomancer","floor":42,"turns":10},{"damage":1,"enemies":"Sphere and 2 Shapes","floor":44,"turns":6},{"damage":40,"enemies":"Jaw Worm Horde","floor":45,"turns":5},{"damage":13,"enemies":"Awakened One","floor":50,"turns":26},{"damage":13,"enemies":"Donu and Deca","floor":51,"turns":17}],"seed_played":"3932586251255665865","potions_obtained":[{"floor":1.0,"key":"Regen Potion"},{"floor":4.0,"key":"Strength Potion"},{"floor":6.0,"key":"FocusPotion"},{"floor":11.0,"key":"GamblersBrew"},{"floor":16.0,"key":"AttackPotion"},{"floor":27.0,"key":"Regen Potion"},{"floor":29.0,"key":"FocusPotion"}],"is_trial":false,"path_per_floor":["M","M","$","M","M","E","R","$","T","R","E","M","?","M","R","B",null,"M","M","M","$","M","R","M","R","T","E","M","M","M","E","R","B",null,"M","M","$","M","?","R","?","E","T","M","M","$","?","?","R","B","B",null],"character_chosen":"DEFECT","items_purchased":["PreservedInsect","FTL","Coolheaded","Ball Lightning","Apotheosis","DollysMirror","Medical Kit"],"campfire_rested":3,"item_purchase_floors":[3,3,3,8,21,37,46],"current_hp_per_floor":[46,46,46,39,39,34,34,34,34,58,47,45,45,33,33,33,69,69,69,69,69,61,61,61,61,61,57,50,41,41,4,28,23,67,66,66,66,66,66,66,61,60,60,59,19,19,19,35,59,46,33],"gold":0,"neow_bonus":"TWO_FIFTY_GOLD","is_prod":false,"is_daily":false,"chose_seed":false,"campfire_upgraded":5,"win_rate":0,"timestamp":1550248474,"path_taken":["M","M","$","?","M","E","R","?","T","R","E","M","?","M","R","BOSS","M","?","M","$","M","R","M","R","T","E","M","M","M","E","R","BOSS","M","?","$","M","?","R","?","E","T","M","?","$","?","?","R","BOSS","BOSS"],"build_version":"2019-01-23","purchased_purges":2,"victory":true,"max_hp_per_floor":[71,71,71,71,71,81,81,81,81,81,81,81,81,81,81,81,81,81,81,81,81,81,81,81,81,81,81,81,81,81,81,81,81,81,81,81,81,81,81,81,81,81,81,81,81,81,81,81,81,81,81],"card_choices":[{"not_picked":["BootSequence","Compile Driver"],"picked":"Cold Snap","floor":1.0},{"not_picked":["Lockon","Go for the Eyes"],"picked":"Streamline","floor":2.0},{"not_picked":["Loop","Recycle"],"picked":"Glacier","floor":4.0},{"not_picked":["Storm","Static Discharge","Steam"],"picked":"SKIP","floor":5.0},{"not_picked":["Ball Lightning","Beam Cell"],"picked":"Compile Driver","floor":6.0},{"not_picked":["Gash","Conserve Battery"],"picked":"Machine Learning","floor":11.0},{"not_picked":["Compile Driver","BootSequence","Redo"],"picked":"SKIP","floor":12.0},{"not_picked":["Hologram","Force Field"],"picked":"Glacier","floor":14.0},{"not_picked":["Thunder Strike","Buffer"],"picked":"Seek","floor":16.0},{"not_picked":["Redo","Self Repair","Steam"],"picked":"SKIP","floor":18.0},{"not_picked":["Compile Driver","Barrage"],"picked":"Genetic Algorithm","floor":19.0},{"not_picked":["Melter","Skim"],"picked":"Hologram","floor":20.0},{"not_picked":["FTL","Doom and Gloom"],"picked":"Defragment","floor":22.0},{"not_picked":["Auto Shields","Force Field","Rip and Tear"],"picked":"SKIP","floor":24.0},{"not_picked":["Steam","Scrape","Lockon+1"],"picked":"SKIP","floor":27.0},{"not_picked":["Barrage+1","Compile Driver","Scrape"],"picked":"SKIP","floor":28.0},{"not_picked":["Rebound","Gash+1"],"picked":"Conserve Battery+1","floor":29.0},{"not_picked":["Fusion","Melter","Tempest"],"picked":"SKIP","floor":30.0},{"not_picked":["Go for the Eyes","Gash+1","Auto Shields"],"picked":"SKIP","floor":31.0},{"not_picked":["Reboot","Amplify"],"picked":"Core Surge","floor":33.0},{"not_picked":["Turbo+1","Beam Cell"],"picked":"Go for the Eyes+1","floor":35},{"not_picked":["Chill","Turbo"],"picked":"Recycle","floor":36},{"not_picked":["Steam Power","Rip and Tear"],"picked":"Cold Snap+1","floor":38},{"not_picked":["Streamline","Conserve Battery+1"],"picked":"Echo Form","floor":42},{"not_picked":["Rebound+1","Ball Lightning+1"],"picked":"Stack+1","floor":44},{"not_picked":["Auto Shields","Self Repair","Electrodynamics"],"picked":"SKIP","floor":45}],"player_experience":939702,"relics_obtained":[{"floor":6.0,"key":"Pear"},{"floor":9.0,"key":"The Courier"},{"floor":11.0,"key":"DataDisk"},{"floor":26.0,"key":"Lantern"},{"floor":27.0,"key":"Vajra"},{"floor":31.0,"key":"Omamori"},{"floor":42,"key":"Whetstone"},{"floor":43,"key":"Blue Candle"}],"event_choices":[{"damage_healed":0.0,"max_hp_gain":0.0,"max_hp_loss":0.0,"gold_gain":0.0,"event_name":"Upgrade Shrine","player_choice":"Upgraded","floor":13.0,"gold_loss":0.0,"damage_taken":0.0,"cards_upgraded":["Glacier"]},{"cards_removed":["Defend_B"],"damage_healed":0,"gold_gain":0,"player_choice":"Removed Skill","damage_taken":0,"max_hp_gain":0,"max_hp_loss":0,"event_name":"Falling","floor":39,"gold_loss":0},{"damage_healed":0,"gold_gain":0,"player_choice":"Bought 0 Potions","damage_taken":0,"max_hp_gain":0,"max_hp_loss":0,"event_name":"The Woman in Blue","floor":41,"gold_loss":0},{"damage_healed":0,"gold_gain":0,"player_choice":"Paid","damage_taken":0,"relics_obtained":["Red Mask"],"max_hp_gain":0,"max_hp_loss":0,"event_name":"Tomb of Lord Red Mask","floor":47,"gold_loss":25},{"damage_healed":16,"gold_gain":0,"player_choice":"Writhe","damage_taken":0,"max_hp_gain":0,"max_hp_loss":0,"event_name":"Winding Halls","floor":48,"gold_loss":0,"cards_obtained":["Writhe"]}],"is_beta":false,"boss_relics":[{"not_picked":["FrozenCore","Orrery"],"picked":"Astrolabe"},{"not_picked":["Empty Cage","Snecko Eye"],"picked":"Sozu"}],"items_purged_floors":[3,37],"is_endless":false,"potions_floor_spawned":[1,4,6,11,16,19,22,27,29,35,42,45],"ascension_level":20}