{"gold_per_floor":[119,44,44,54,69,69,95,95,168,168,168,14,78,97,97,194,194,212,212,226,22,22,50,70,70,70,85,85,97,107,14,14,118,118,137,153,108,108,108,108,134,134,134,152,252,266,299,309,309,309,309,309,15,40,40],"floor_reached":56,"playtime":3436,"items_purged":["Strike_B","Strike_B","Strike_B"],"score":1375,"play_id":"fbe84379-ccdb-4cc2-9b02-a81417e539d1","local_time":"20190222214442","is_ascension_mode":false,"campfire_choices":[{"data":"Dualcast","floor":6,"key":"SMITH"},{"data":"Genetic Algorithm","floor":8,"key":"SMITH"},{"data":"FTL","floor":11,"key":"SMITH"},{"data":"Coolheaded","floor":15,"key":"SMITH"},{"data":"Defend_B","floor":25,"key":"PURGE"},{"data":"Defragment","floor":28,"key":"SMITH"},{"data":"Loop","floor":32,"key":"SMITH"},{"data":"Fission","floor":40,"key":"SMITH"},{"floor":42,"key":"RECALL"},{"data":"Coolheaded","floor":49,"key":"PURGE"},{"data":"Blizzard","floor":52,"key":"SMITH"}],"neow_cost":"NONE","seed_source_timestamp":0,"circlet_count":0,"master_deck":["Strike_B+1","Defend_B","Defend_B","Defend_B","Zap+1","Dualcast+1","FTL+1","Genetic Algorithm+1","Rebound","Gash+1","Coolheaded+1","Seek","Echo Form","Recycle","BootSequence+1","Loop+1","Defragment+1","Hologram","Glacier+1","Deep Breath","Fission+1","Conserve Battery","Blizzard+1","Stack+1"],"relics":["Cracked Core","NeowsBlessing","Bag of Preparation","Calipers","Lizard Tail","Peace Pipe","Bottled Flame","Runic Dome","Oddly Smooth Stone","Blue Candle","Thread and Needle","Pear","Whetstone","Vajra","DataDisk"],"potions_floor_usage":[13,18,23,33,35,54,55,55,55,55,55],"damage_taken":[{"damage":0,"enemies":"Small Slimes","floor":1,"turns":1},{"damage":0,"enemies":"Cultist","floor":4,"turns":1},{"damage":0,"enemies":"Jaw Worm","floor":5,"turns":1},{"damage":15,"enemies":"Lagavulin","floor":7,"turns":7},{"damage":16,"enemies":"Gremlin Nob","floor":13,"turns":3},{"damage":0,"enemies":"Looter","floor":14,"turns":2},{"damage":17,"enemies":"The Guardian","floor":16,"turns":14},{"damage":0,"enemies":"Spheric Guardian","floor":18,"turns":3},{"damage":1,"enemies":"3 Byrds","floor":20,"turns":5},{"damage":6,"enemies":"Slavers","floor":23,"turns":3},{"damage":11,"enemies":"Sentry and Sphere","floor":24,"turns":7},{"damage":0,"enemies":"Centurion and Healer","floor":27,"turns":6},{"damage":9,"enemies":"Chosen and Byrds","floor":29,"turns":8},{"damage":7,"enemies":"3 Cultists","floor":30,"turns":7},{"damage":4,"enemies":"Automaton","floor":33,"turns":10},{"damage":0,"enemies":"3 Darklings","floor":35,"turns":8},{"damage":0,"enemies":"3 Shapes","floor":36,"turns":7},{"damage":11,"enemies":"Nemesis","floor":41,"turns":23},{"damage":0,"enemies":"Spire Growth","floor":44,"turns":6},{"damage":0,"enemies":"Mind Bloom Boss Battle","floor":45,"turns":8},{"damage":0,"enemies":"Sphere and 2 Shapes","floor":46,"turns":6},{"damage":0,"enemies":"Giant Head","floor":47,"turns":10},{"damage":0,"enemies":"Transient","floor":48,"turns":5},{"damage":0,"enemies":"Awakened One","floor":50,"turns":15},{"damage":0,"enemies":"Shield and Spear","floor":54,"turns":11},{"damage":8,"enemies":"The Heart","floor":55,"turns":11}],"seed_played":"-7554730940685468872","potions_obtained":[{"floor":1,"key":"Regen Potion"},{"floor":7,"key":"Swift Potion"},{"floor":14,"key":"FocusPotion"},{"floor":18,"key":"PowerPotion"},{"floor":20,"key":"FearPotion"},{"floor":29,"key":"GamblersBrew"},{"floor":33,"key":"GamblersBrew"},{"floor":36,"key":"EntropicBrew"},{"floor":48,"key":"SkillPotion"}],"is_trial":false,"path_per_floor":["M","$","?","M","M","R","E","R","T","?","R","$","?","M","R","B",null,"M","?","M","$","?","E","M","R","T","M","R","M","M","$","R","B",null,"M","M","$","?","?","R","E","R","T","M","?","M","E","M","R","B",null,"R","$","E","B",null],"character_chosen":"DEFECT","items_purchased":["Coolheaded","Loop","Deep Breath","Conserve Battery","Whetstone","Vajra"],"campfire_rested":0,"item_purchase_floors":[12,21,31,37,53,53],"current_hp_per_floor":[75,75,75,75,75,75,60,60,60,65,65,65,54,54,54,37,80,80,80,79,79,79,73,62,62,62,62,62,53,46,46,46,42,80,80,80,80,76,76,76,65,65,65,65,65,65,75,75,75,75,86,86,86,86,78],"gold":40,"neow_bonus":"THREE_ENEMY_KILL","is_prod":false,"is_daily":false,"chose_seed":true,"campfire_upgraded":8,"win_rate":0,"timestamp":1550839482,"path_taken":["M","$","?","M","?","R","E","R","T","?","R","$","?","M","R","BOSS","M","?","M","$","?","E","M","R","T","M","R","M","M","$","R","BOSS","M","M","$","?","?","R","E","R","T","?","?","M","E","M","R","BOSS","R","$","E","BOSS"],"build_version":"2019-01-23","purchased_purges":3,"victory":true,"max_hp_per_floor":[75,75,75,75,75,75,75,75,75,80,80,80,80,80,80,80,80,80,80,80,80,80,80,80,80,80,80,80,80,80,80,80,80,80,80,80,80,76,76,76,76,76,76,76,76,76,86,86,86,86,86,86,86,86,86],"card_choices":[{"not_picked":["Rebound","Redo"],"picked":"FTL","floor":1},{"not_picked":["Ball Lightning","Steam Power"],"picked":"Genetic Algorithm","floor":4},{"not_picked":["Go for the Eyes","Cold Snap"],"picked":"Rebound","floor":5},{"not_picked":["Capacitor","Beam Cell"],"picked":"Gash","floor":7},{"not_picked":["Hologram","Tempest"],"picked":"Seek","floor":13},{"not_picked":["Cold Snap","Conserve Battery"],"picked":"Coolheaded","floor":14},{"not_picked":["Thunder Strike","Reboot"],"picked":"Echo Form","floor":16},{"not_picked":["Go for the Eyes+1","Steam+1"],"picked":"Recycle","floor":18},{"not_picked":["Barrage","Cold Snap"],"picked":"BootSequence+1","floor":20},{"not_picked":["Seek","Streamline+1"],"picked":"Defragment","floor":23},{"not_picked":["Ball Lightning","Auto Shields+1","Rebound"],"picked":"SKIP","floor":24},{"not_picked":["Ball Lightning","Genetic Algorithm"],"picked":"Hologram","floor":27},{"not_picked":["Go for the Eyes","Rebound+1"],"picked":"Glacier+1","floor":29},{"not_picked":["Rebound","Meteor Strike","Gash"],"picked":"SKIP","floor":30},{"not_picked":["Core Surge","Electrodynamics"],"picked":"Fission","floor":33},{"not_picked":["Chaos+1","Melter","Compile Driver"],"picked":"SKIP","floor":35},{"not_picked":["Coolheaded","Redo","Tempest"],"picked":"SKIP","floor":36},{"not_picked":["Steam","Fusion+1","Coolheaded"],"picked":"SKIP","floor":41},{"not_picked":["Cold Snap+1","Steam"],"picked":"Blizzard","floor":44},{"not_picked":["Rebound","Gash","Doom and Gloom+1"],"picked":"SKIP","floor":46},{"not_picked":["Rebound","Electrodynamics"],"picked":"Stack+1","floor":47},{"not_picked":["Hologram","Rebound+1","Steam Power"],"picked":"SKIP","floor":48},{"not_picked":["Turbo+1","Steam+1","Rip and Tear+1"],"picked":"SKIP","floor":54}],"player_experience":316275,"relics_obtained":[{"floor":7,"key":"Bag of Preparation"},{"floor":13,"key":"Calipers"},{"floor":23,"key":"Peace Pipe"},{"floor":26,"key":"Bottled Flame"},{"floor":41,"key":"Oddly Smooth Stone"},{"floor":43,"key":"Blue Candle"},{"floor":45,"key":"Thread and Needle"},{"floor":47,"key":"Pear"},{"floor":54,"key":"DataDisk"}],"event_choices":[{"damage_healed":0,"gold_gain":0,"player_choice":"Upgraded","damage_taken":0,"max_hp_gain":0,"max_hp_loss":0,"event_name":"Upgrade Shrine","floor":3,"gold_loss":0,"cards_upgraded":["Zap"]},{"damage_healed":0,"gold_gain":0,"player_choice":"Donut","damage_taken":0,"max_hp_gain":5,"max_hp_loss":0,"event_name":"Big Fish","floor":10,"gold_loss":0},{"damage_healed":0,"gold_gain":0,"player_choice":"Searched \u00272\u0027 times","damage_taken":0,"max_hp_gain":0,"max_hp_loss":0,"event_name":"Dead Adventurer","floor":13,"gold_loss":0},{"damage_healed":0,"gold_gain":0,"player_choice":"Ignored","damage_taken":0,"max_hp_gain":0,"max_hp_loss":0,"event_name":"Vampires","floor":19,"gold_loss":0},{"damage_healed":0,"gold_gain":0,"player_choice":"Ignored","damage_taken":0,"max_hp_gain":0,"max_hp_loss":0,"event_name":"Beggar","floor":22,"gold_loss":0},{"damage_healed":0,"gold_gain":0,"player_choice":"Max HP","damage_taken":0,"max_hp_gain":0,"max_hp_loss":4,"event_name":"Winding Halls","floor":38,"gold_loss":0},{"damage_healed":0,"gold_gain":0,"player_choice":"Ignored","damage_taken":0,"max_hp_gain":0,"max_hp_loss":0,"event_name":"NoteForYourself","floor":39,"gold_loss":0},{"damage_healed":0,"gold_gain":0,"player_choice":"Fight","damage_taken":0,"max_hp_gain":0,"max_hp_loss":0,"event_name":"MindBloom","floor":45,"gold_loss":0}],"is_beta":false,"boss_relics":[{"not_picked":["White Beast Statue","Fusion Hammer"],"picked":"Lizard Tail"},{"not_picked":["Philosopher\u0027s Stone","Tiny House"],"picked":"Runic Dome"}],"items_purged_floors":[2,12,21],"is_endless":false,"potions_floor_spawned":[1,7,14,18,20,29,30,33,36,41,44,48],"ascension_level":0}