{"gold_per_floor":[119,129,129,129,147,179,179,189,216,243,256,267,278,20,20,115,115,125,125,137,137],"floor_reached":21,"playtime":1487,"items_purged":["Strike_B"],"score":222,"play_id":"6479e9a1-0168-4e7e-9f7d-70fc34ee7618","local_time":"20190220171808","is_ascension_mode":true,"campfire_choices":[{"data":"Darkness","floor":7,"key":"SMITH"},{"floor":15,"key":"REST"}],"neow_cost":"NONE","seed_source_timestamp":474525410892709,"circlet_count":0,"master_deck":["Strike_B","Defend_B","Defend_B","Defend_B","Defend_B","Zap+1","Dualcast","Auto Shields+1","Darkness+1","Sweeping Beam","Auto Shields","Darkness+1","Echo Form","Lockon","Chill+1"],"relics":["Cracked Core","Anchor","Dream Catcher","Smiling Mask","DollysMirror","Inserter"],"potions_floor_usage":[6,6,10,11,16],"damage_taken":[{"damage":2,"enemies":"Jaw Worm","floor":1,"turns":4},{"damage":5,"enemies":"2 Louse","floor":2,"turns":3},{"damage":1,"enemies":"Cultist","floor":5,"turns":3},{"damage":2,"enemies":"Lagavulin","floor":6,"turns":5},{"damage":0,"enemies":"Exordium Wildlife","floor":8,"turns":3},{"damage":37,"enemies":"Gremlin Nob","floor":10,"turns":4},{"damage":7,"enemies":"Looter","floor":11,"turns":3},{"damage":0,"enemies":"Blue Slaver","floor":12,"turns":3},{"damage":0,"enemies":"2 Fungi Beasts","floor":13,"turns":3},{"damage":14,"enemies":"Slime Boss","floor":16,"turns":6},{"damage":49,"enemies":"3 Byrds","floor":18,"turns":6},{"damage":17,"enemies":"Spheric Guardian","floor":20,"turns":5},{"damage":13,"enemies":"Cultist and Chosen","floor":21,"turns":3}],"seed_played":"-7474002264369521036","potions_obtained":[{"floor":1,"key":"Dexterity Potion"},{"floor":2,"key":"SteroidPotion"},{"floor":5,"key":"EssenceOfSteel"},{"floor":8,"key":"Dexterity Potion"},{"floor":12,"key":"Dexterity Potion"},{"floor":20,"key":"FocusPotion"}],"is_trial":false,"path_per_floor":["M","M","?","?","M","E","R","M","T","E","M","M","M","$","R","B",null,"M","?","M","M"],"character_chosen":"DEFECT","items_purchased":["DollysMirror"],"campfire_rested":1,"item_purchase_floors":[14],"current_hp_per_floor":[73,68,53,53,52,50,50,50,50,13,6,6,6,6,28,14,75,26,26,9,0],"gold":137,"neow_bonus":"TRANSFORM_CARD","is_prod":false,"is_daily":false,"chose_seed":false,"campfire_upgraded":1,"win_rate":0,"timestamp":1550679488,"path_taken":["M","M","?","?","?","E","R","M","T","E","M","M","M","$","R","BOSS","M","?","M","M"],"build_version":"2019-01-23","purchased_purges":1,"victory":false,"max_hp_per_floor":[75,75,75,75,75,75,75,75,75,75,75,75,75,75,75,75,75,75,75,75,75],"card_choices":[{"not_picked":["Fusion","Rebound","Beam Cell"],"picked":"SKIP","floor":1},{"not_picked":["Sunder","Cold Snap"],"picked":"Darkness","floor":2},{"not_picked":["Storm","Aggregate"],"picked":"Sweeping Beam","floor":5},{"not_picked":["Gash","Scrape","Turbo"],"picked":"SKIP","floor":6},{"not_picked":["Sweeping Beam","Blizzard"],"picked":"Auto Shields","floor":8},{"not_picked":["Melter","Cold Snap","Steam"],"picked":"SKIP","floor":10},{"not_picked":["Hyperbeam","Compile Driver","Reinforced Body"],"picked":"SKIP","floor":11},{"not_picked":["Go for the Eyes","Rip and Tear","Barrage"],"picked":"SKIP","floor":12},{"not_picked":["Recycle","Gash","All For One"],"picked":"SKIP","floor":13},{"not_picked":["Barrage","Ball Lightning"],"picked":"FTL","floor":15},{"not_picked":["Amplify","Rainbow"],"picked":"Echo Form","floor":16},{"not_picked":["Gash","Beam Cell"],"picked":"Lockon","floor":18},{"not_picked":["Lockon","Cold Snap+1"],"picked":"Chill+1","floor":20}],"player_experience":238748,"relics_obtained":[{"floor":6,"key":"Anchor"},{"floor":9,"key":"Dream Catcher"},{"floor":10,"key":"Smiling Mask"}],"event_choices":[{"damage_healed":0,"gold_gain":0,"player_choice":"Entered Light","damage_taken":15,"max_hp_gain":0,"max_hp_loss":0,"event_name":"Shining Light","floor":3,"gold_loss":0,"cards_upgraded":["Auto Shields","Zap"]},{"cards_removed":["Strike_B"],"damage_healed":0,"gold_gain":0,"player_choice":"Offered Basic","damage_taken":0,"max_hp_gain":0,"max_hp_loss":0,"event_name":"Bonfire Elementals","floor":4,"gold_loss":0},{"cards_removed":["FTL"],"damage_healed":0,"gold_gain":0,"player_choice":"Elegance","damage_taken":0,"max_hp_gain":0,"max_hp_loss":0,"event_name":"Back to Basics","floor":19,"gold_loss":0}],"is_beta":false,"boss_relics":[{"not_picked":["Runic Pyramid","Cursed Key"],"picked":"Inserter"}],"items_purged_floors":[14],"is_endless":false,"potions_floor_spawned":[1,2,5,8,12,20],"killed_by":"Cultist and Chosen","ascension_level":3}