{"gold_per_floor":[115,132,142,159,178,178,53,53,53,68,86,86,120,136,136,209,209,209,80,80,80,80,80,80,80,80,80,3,3,3,3,3,3,3,3,3,3,3,3],"floor_reached":39,"playtime":953,"items_purged":["Strike_B","Strike_B"],"score":852,"play_id":"e6b0b8db-4557-49a7-9a3d-ed1099870fc2","local_time":"20190223011009","is_ascension_mode":true,"campfire_choices":[{"data":"Consume","floor":6,"key":"SMITH"},{"data":"Zap","floor":8,"key":"SMITH"},{"data":"Dualcast","floor":12,"key":"SMITH"},{"data":"Ball Lightning","floor":15,"key":"SMITH"},{"floor":23,"key":"REST"},{"floor":25,"key":"REST"},{"data":"Biased Cognition","floor":29,"key":"SMITH"},{"floor":32,"key":"REST"}],"neow_cost":"NONE","seed_source_timestamp":38878194411900,"circlet_count":0,"master_deck":["AscendersBane","Defend_B","Defend_B","Defend_B","Defend_B","Zap+1","Dualcast+1","Ball Lightning+1","Consume+1","Ball Lightning","Cold Snap+1","Cold Snap+1","BootSequence","Core Surge+1","Core Surge+1","Capacitor","Conserve Battery","Beam Cell+1","Biased Cognition+1","Static Discharge","Echo Form","Compile Driver+1","Hologram+1","Double Energy"],"relics":["Cracked Core","Molten Egg 2","Nunchaku","Ectoplasm","MutagenicStrength","Blue Candle","Matryoshka","Art of War","Anchor","Philosopher\u0027s Stone"],"potions_floor_usage":[13,16,24,33,35,39],"damage_taken":[{"damage":1,"enemies":"Cultist","floor":1,"turns":3},{"damage":4,"enemies":"Small Slimes","floor":2,"turns":3},{"damage":2,"enemies":"Jaw Worm","floor":3,"turns":3},{"damage":6,"enemies":"Blue Slaver","floor":4,"turns":3},{"damage":0,"enemies":"Red Slaver","floor":5,"turns":3},{"damage":11,"enemies":"2 Fungi Beasts","floor":10,"turns":3},{"damage":0,"enemies":"Large Slime","floor":11,"turns":2},{"damage":0,"enemies":"Gremlin Nob","floor":13,"turns":2},{"damage":11,"enemies":"Lots of Slimes","floor":14,"turns":4},{"damage":18,"enemies":"The Guardian","floor":16,"turns":9},{"damage":11,"enemies":"Chosen","floor":18,"turns":4},{"damage":22,"enemies":"Slavers","floor":24,"turns":5},{"damage":2,"enemies":"Spheric Guardian","floor":30,"turns":4},{"damage":8,"enemies":"Cultist and Chosen","floor":31,"turns":5},{"damage":36,"enemies":"Champ","floor":33,"turns":10},{"damage":25,"enemies":"3 Darklings","floor":35,"turns":6},{"damage":0,"enemies":"Orb Walker","floor":37,"turns":2},{"damage":48,"enemies":"Jaw Worm Horde","floor":39,"turns":3}],"seed_played":"-4006878838792151731","potions_obtained":[{"floor":3,"key":"GamblersBrew"},{"floor":5,"key":"EssenceOfSteel"},{"floor":10,"key":"SteroidPotion"},{"floor":13,"key":"Energy Potion"},{"floor":16,"key":"EssenceOfSteel"},{"floor":33,"key":"GamblersBrew"},{"floor":35,"key":"PowerPotion"}],"is_trial":false,"path_per_floor":["M","M","M","M","M","R","$","R","T","M","M","R","E","M","R","B",null,"M","$","?","?","$","R","E","R","T","T","$","R","M","M","R","B",null,"M","?","M","?","M"],"character_chosen":"DEFECT","items_purchased":["Ball Lightning","Conserve Battery","Biased Cognition"],"campfire_rested":3,"item_purchase_floors":[7,19,28],"current_hp_per_floor":[70,66,64,58,58,58,58,58,58,47,47,47,47,36,36,18,63,52,52,52,30,30,54,32,56,56,56,56,56,54,46,70,34,71,46,46,46,46,0],"gold":3,"neow_bonus":"TEN_PERCENT_HP_BONUS","is_prod":false,"is_daily":false,"chose_seed":false,"campfire_upgraded":5,"win_rate":0,"timestamp":1550877009,"path_taken":["M","M","M","?","M","R","$","R","T","M","M","R","E","M","R","BOSS","M","$","?","?","?","R","E","R","T","?","$","R","?","M","R","BOSS","M","?","M","?","M"],"build_version":"2019-01-23","purchased_purges":2,"victory":false,"max_hp_per_floor":[78,78,78,78,78,78,78,78,78,78,78,78,78,78,78,78,78,78,78,78,83,83,83,83,83,83,83,83,83,83,83,83,83,83,83,83,83,83,83],"card_choices":[{"not_picked":["Barrage","Rip and Tear","Beam Cell"],"picked":"SKIP","floor":1},{"not_picked":["Stack","Gash"],"picked":"Ball Lightning","floor":2},{"not_picked":["Coolheaded","Hyperbeam","Undo"],"picked":"SKIP","floor":3},{"not_picked":["Steam","Reinforced Body"],"picked":"Consume","floor":4},{"not_picked":["Stack","Rip and Tear","Beam Cell"],"picked":"SKIP","floor":5},{"not_picked":["Gash+1","Conserve Battery"],"picked":"Cold Snap+1","floor":10},{"not_picked":["Rebound+1","Steam"],"picked":"Cold Snap+1","floor":11},{"not_picked":["Coolheaded","Heatsinks"],"picked":"BootSequence","floor":13},{"not_picked":["Coolheaded","Steam"],"picked":"Core Surge+1","floor":14},{"not_picked":["Meteor Strike+1","Thunder Strike+1"],"picked":"Core Surge+1","floor":16},{"not_picked":["Compile Driver+1","Gash+1"],"picked":"Capacitor","floor":18},{"not_picked":["Consume","Chaos+1"],"picked":"Beam Cell+1","floor":24},{"not_picked":["Beam Cell+1","Storm"],"picked":"Static Discharge","floor":30},{"not_picked":["Steam Power","Lockon+1","Reprogram+1"],"picked":"SKIP","floor":31},{"not_picked":["Core Surge+1","Multi-Cast"],"picked":"Echo Form","floor":33},{"not_picked":["Loop","Rip and Tear+1"],"picked":"Compile Driver+1","floor":35},{"not_picked":["Ball Lightning+1","Rip and Tear+1"],"picked":"Hologram+1","floor":37}],"player_experience":895022,"relics_obtained":[{"floor":9,"key":"Molten Egg 2"},{"floor":13,"key":"Nunchaku"},{"floor":24,"key":"Blue Candle"},{"floor":26,"key":"Matryoshka"},{"floor":27,"key":"Art of War"},{"floor":27,"key":"Anchor"}],"event_choices":[{"damage_healed":0,"gold_gain":0,"player_choice":"Inject Mutagens","damage_taken":0,"relics_obtained":["MutagenicStrength"],"max_hp_gain":0,"max_hp_loss":0,"event_name":"Drug Dealer","floor":20,"gold_loss":0},{"damage_healed":0,"gold_gain":0,"player_choice":"Shed Blood","damage_taken":27,"max_hp_gain":5,"max_hp_loss":0,"event_name":"Forgotten Altar","floor":21,"gold_loss":0},{"cards_removed":["Strike_B"],"damage_healed":0,"gold_gain":0,"player_choice":"Removed Attack","damage_taken":0,"max_hp_gain":0,"max_hp_loss":0,"event_name":"Falling","floor":36,"gold_loss":0},{"damage_healed":0,"gold_gain":0,"cards_transformed":["Strike_B"],"player_choice":"Transformed","damage_taken":0,"max_hp_gain":0,"max_hp_loss":0,"event_name":"Transmorgrifier","floor":38,"gold_loss":0,"cards_obtained":["Double Energy"]}],"is_beta":false,"boss_relics":[{"not_picked":["Orrery","Lizard Tail"],"picked":"Ectoplasm"},{"not_picked":["Calling Bell","Runic Pyramid"],"picked":"Philosopher\u0027s Stone"}],"items_purged_floors":[7,19],"is_endless":false,"potions_floor_spawned":[3,5,10,11,13,16,33,35],"killed_by":"Jaw Worm Horde","ascension_level":20}