{"gold_per_floor":[210,223,124,138,138,164,264,264,264,264,297,309,329,342,342,414,414,403,603,157,169,184,215,215,247,300,300,311,328,338,253,253,328,328,346,346,357,374,389,389],"floor_reached":40,"playtime":4036,"items_purged":["Strike_R","Strike_R"],"score":751,"play_id":"7d8dd6ad-1ddb-4867-a00b-738f4e954f4a","local_time":"20190221213247","is_ascension_mode":true,"campfire_choices":[{"data":"Bash","floor":8,"key":"SMITH"},{"data":"Clothesline","floor":10,"key":"SMITH"},{"data":"Disarm","floor":15,"key":"SMITH"},{"data":"Shockwave","floor":24,"key":"SMITH"},{"data":"Shrug It Off","floor":27,"key":"SMITH"},{"data":"Whirlwind","floor":32,"key":"SMITH"}],"neow_cost":"NONE","seed_source_timestamp":757421568294830,"circlet_count":0,"master_deck":["AscendersBane","Strike_R","Strike_R+1","Defend_R+1","Defend_R","Defend_R","Defend_R","Bash+1","Armaments","Clothesline+1","Anger","Shockwave+1","Body Slam","Demon Form","Iron Wave","Pummel","Disarm+1","Reaper","Ghostly Armor","Shrug It Off+1","Intimidate","Spot Weakness","Rage+1","Whirlwind+1","Immolate+1","Spot Weakness+1","Warcry+1"],"relics":["Burning Blood","Magic Flower","Darkstone Periapt","Happy Flower","Eternal Feather","Self Forming Clay","Bottled Lightning","Gremlin Horn","Tiny Chest","Molten Egg 2","Mark of Pain"],"potions_floor_usage":[6,12,16,23,30,30,38,40],"damage_taken":[{"damage":9,"enemies":"Jaw Worm","floor":1,"turns":5},{"damage":4,"enemies":"2 Louse","floor":2,"turns":3},{"damage":7,"enemies":"Cultist","floor":4,"turns":4},{"damage":24,"enemies":"3 Sentries","floor":6,"turns":11},{"damage":25,"enemies":"Gremlin Nob","floor":11,"turns":5},{"damage":1,"enemies":"3 Louse","floor":12,"turns":2},{"damage":15,"enemies":"Lots of Slimes","floor":13,"turns":5},{"damage":1,"enemies":"Blue Slaver","floor":14,"turns":4},{"damage":15,"enemies":"Hexaghost","floor":16,"turns":9},{"damage":26,"enemies":"2 Thieves","floor":18,"turns":4},{"damage":11,"enemies":"Shell Parasite","floor":21,"turns":9},{"damage":11,"enemies":"Snake Plant","floor":22,"turns":7},{"damage":77,"enemies":"Gremlin Leader","floor":23,"turns":10},{"damage":37,"enemies":"Book of Stabbing","floor":25,"turns":10},{"damage":13,"enemies":"Centurion and Healer","floor":28,"turns":11},{"damage":15,"enemies":"3 Cultists","floor":29,"turns":4},{"damage":36,"enemies":"Sentry and Sphere","floor":30,"turns":7},{"damage":81,"enemies":"Collector","floor":33,"turns":11},{"damage":34,"enemies":"3 Darklings","floor":35,"turns":4},{"damage":22,"enemies":"3 Shapes","floor":37,"turns":11},{"damage":7,"enemies":"3 Darklings","floor":38,"turns":4},{"damage":37,"enemies":"Jaw Worm Horde","floor":39,"turns":3},{"damage":48,"enemies":"Nemesis","floor":40,"turns":8}],"seed_played":"-1463030227423656700","potions_obtained":[{"floor":1,"key":"Block Potion"},{"floor":11,"key":"Fire Potion"},{"floor":12,"key":"FearPotion"},{"floor":18,"key":"SpeedPotion"},{"floor":22,"key":"Weak Potion"},{"floor":25,"key":"Weak Potion"},{"floor":35,"key":"FearPotion"},{"floor":37,"key":"AttackPotion"},{"floor":39,"key":"Strength Potion"}],"is_trial":false,"path_per_floor":["M","M","$","M","?","E","?","R","T","R","E","M","M","M","R","B",null,"M","?","$","M","M","E","R","E","T","R","M","M","M","?","R","B",null,"M","?","M","M","M","E"],"character_chosen":"IRONCLAD","items_purchased":["Anger","Ghostly Armor","Shrug It Off","Self Forming Clay"],"campfire_rested":0,"item_purchase_floors":[3,20,20,20],"current_hp_per_floor":[65,67,67,66,51,33,33,33,33,33,17,25,19,27,27,21,62,53,53,53,53,57,41,53,25,25,37,45,75,48,48,63,11,59,55,55,62,75,47,0],"gold":389,"neow_bonus":"HUNDRED_GOLD","is_prod":false,"is_daily":false,"chose_seed":false,"campfire_upgraded":6,"win_rate":0,"timestamp":1550813567,"path_taken":["M","M","$","M","?","E","?","R","T","R","E","M","?","M","R","BOSS","M","?","$","M","M","E","R","E","T","R","M","M","?","?","R","BOSS","M","?","?","M","?","E"],"build_version":"2019-01-23","purchased_purges":2,"victory":false,"max_hp_per_floor":[75,75,75,75,75,75,75,75,75,75,75,75,75,75,75,75,75,75,75,75,75,75,75,75,75,75,75,75,75,75,75,75,75,75,75,75,75,75,75,75],"card_choices":[{"not_picked":["Infernal Blade","Sever Soul"],"picked":"Armaments","floor":1},{"not_picked":["Clash","Heavy Blade"],"picked":"Clothesline","floor":2},{"not_picked":["Second Wind","Power Through"],"picked":"Shockwave","floor":4},{"not_picked":["Wild Strike","Twin Strike"],"picked":"Body Slam","floor":6},{"not_picked":["Sever Soul","True Grit"],"picked":"Demon Form","floor":11},{"not_picked":["Warcry","Sever Soul"],"picked":"Iron Wave","floor":12},{"not_picked":["Wild Strike","Rampage"],"picked":"Pummel","floor":13},{"not_picked":["Heavy Blade","Cleave"],"picked":"Disarm","floor":14},{"not_picked":["Limit Break","Dark Embrace"],"picked":"Reaper","floor":16},{"not_picked":["Body Slam","Second Wind","Havoc"],"picked":"SKIP","floor":18},{"not_picked":["Perfected Strike","Warcry","Rage"],"picked":"SKIP","floor":21},{"not_picked":["Thunderclap+1","Headbutt","Anger"],"picked":"SKIP","floor":22},{"not_picked":["Sword Boomerang","Flex","Iron Wave"],"picked":"SKIP","floor":23},{"not_picked":["Thunderclap","Blood for Blood"],"picked":"Intimidate","floor":25},{"not_picked":["Feel No Pain","Corruption+1"],"picked":"Spot Weakness","floor":28},{"not_picked":["Corruption","Clothesline+1"],"picked":"Rage+1","floor":29},{"not_picked":["Clash","Clothesline"],"picked":"Whirlwind","floor":30},{"not_picked":["Barricade","Fiend Fire+1"],"picked":"Immolate+1","floor":33},{"not_picked":["Evolve","Iron Wave+1"],"picked":"Spot Weakness+1","floor":35},{"not_picked":["Bloodletting","Cleave+1","Anger+1"],"picked":"SKIP","floor":37},{"not_picked":["Power Through","Body Slam+1"],"picked":"Warcry+1","floor":38},{"not_picked":["Flex+1","Clothesline+1","Armaments"],"picked":"SKIP","floor":39}],"player_experience":662019,"relics_obtained":[{"floor":6,"key":"Magic Flower"},{"floor":9,"key":"Darkstone Periapt"},{"floor":11,"key":"Happy Flower"},{"floor":23,"key":"Bottled Lightning"},{"floor":25,"key":"Gremlin Horn"},{"floor":26,"key":"Tiny Chest"}],"event_choices":[{"damage_healed":0,"gold_gain":0,"player_choice":"Entered Light","damage_taken":15,"max_hp_gain":0,"max_hp_loss":0,"event_name":"Shining Light","floor":5,"gold_loss":0,"cards_upgraded":["Defend_R","Strike_R"]},{"damage_healed":0,"gold_gain":100,"player_choice":"Gold","damage_taken":0,"max_hp_gain":0,"max_hp_loss":0,"event_name":"Wheel of Change","floor":7,"gold_loss":0},{"damage_healed":0,"gold_gain":200,"player_choice":"Gold","damage_taken":0,"max_hp_gain":0,"max_hp_loss":0,"event_name":"Wheel of Change","floor":19,"gold_loss":0},{"damage_healed":0,"gold_gain":0,"player_choice":"Obtained Relic","damage_taken":0,"relics_obtained":["Molten Egg 2"],"max_hp_gain":0,"max_hp_loss":0,"event_name":"Addict","floor":31,"gold_loss":85},{"cards_removed":["Strike_R"],"damage_healed":0,"gold_gain":0,"player_choice":"Offered Basic","damage_taken":0,"max_hp_gain":0,"max_hp_loss":0,"event_name":"Bonfire Elementals","floor":36,"gold_loss":0}],"is_beta":false,"boss_relics":[{"not_picked":["Black Star","Coffee Dripper"],"picked":"Eternal Feather"},{"not_picked":["Busted Crown","Pandora\u0027s Box"],"picked":"Mark of Pain"}],"items_purged_floors":[3,20],"is_endless":false,"potions_floor_spawned":[1,11,12,18,22,25,35,37,39],"killed_by":"Nemesis","ascension_level":14}