{"gold_per_floor":[119,119,129,148,148,182,199,199,276,276,276,291,291,311,311,410,410,423,23,43,43,43,43,60,60,60,88,99,99,130,149,149,249,249,262,91,191,191,208,238,238,273,298,298,308,340,353,6,6,6,6,6,6,37,37],"floor_reached":56,"playtime":2973,"items_purged":["Strike_R","Pain"],"score":1408,"play_id":"fb7824f2-394f-441e-9c13-f532cf76038d","local_time":"20181204234148","is_ascension_mode":true,"campfire_choices":[{"data":"Armaments","floor":8,"key":"SMITH"},{"data":"Whirlwind","floor":11,"key":"SMITH"},{"data":"Jack Of All Trades","floor":13,"key":"SMITH"},{"data":"Battle Trance","floor":15,"key":"SMITH"},{"data":"Immolate","floor":23,"key":"SMITH"},{"data":"Uppercut","floor":25,"key":"SMITH"},{"data":"Uppercut","floor":29,"key":"SMITH"},{"floor":32,"key":"REST"},{"data":"Juggernaut","floor":41,"key":"SMITH"},{"floor":49,"key":"RECALL"},{"data":"Barricade","floor":52,"key":"SMITH"}],"neow_cost":"TEN_PERCENT_HP_LOSS","seed_source_timestamp":930518648285371,"circlet_count":0,"master_deck":["Strike_R","Strike_R","Strike_R","Defend_R","Defend_R+1","Defend_R+1","Bash+1","Shrug It Off","Whirlwind+1","Armaments+1","Thunderclap","Battle Trance+1","Jack Of All Trades+1","Iron Wave","Ghostly Armor","Immolate+1","Warcry","Uppercut+1","Uppercut+1","RitualDagger","Inflame+1","Flame Barrier","Heavy Blade","Disarm+1","Juggernaut+1","Shrug It Off+1","True Grit+1","Heavy Blade+1","Iron Wave+1","Warcry+1","Sword Boomerang+1","Parasite","Double Tap+1","Demon Form","Barricade+1","Parasite","Power Through+1","Metallicize","Headbutt+1"],"relics":["Burning Blood","Gambling Chip","Charon\u0027s Ashes","PreservedInsect","Mummified Hand","Cursed Key","Dodecahedron","Shuriken","Toxic Egg 2","Runic Dome","Du-Vu Doll","Happy Flower","Darkstone Periapt","Red Skull","War Paint","Chemical X","Pear"],"potions_floor_usage":[14,33,55,55,55],"damage_taken":[{"damage":3,"enemies":"Small Slimes","floor":1,"turns":3},{"damage":1,"enemies":"Cultist","floor":3,"turns":3},{"damage":6,"enemies":"Jaw Worm","floor":4,"turns":3},{"damage":31,"enemies":"Gremlin Nob","floor":6,"turns":5},{"damage":0,"enemies":"2 Fungi Beasts","floor":7,"turns":3},{"damage":0,"enemies":"Red Slaver","floor":12,"turns":6},{"damage":2,"enemies":"Looter","floor":14,"turns":2},{"damage":20,"enemies":"Slime Boss","floor":16,"turns":9},{"damage":0,"enemies":"Shell Parasite","floor":18,"turns":7},{"damage":0,"enemies":"Spheric Guardian","floor":20,"turns":3},{"damage":14,"enemies":"Snake Plant","floor":24,"turns":4},{"damage":8,"enemies":"Gremlin Leader","floor":27,"turns":4},{"damage":2,"enemies":"Cultist and Chosen","floor":28,"turns":3},{"damage":16,"enemies":"Book of Stabbing","floor":30,"turns":4},{"damage":8,"enemies":"Centurion and Healer","floor":31,"turns":4},{"damage":45,"enemies":"Automaton","floor":33,"turns":8},{"damage":0,"enemies":"Orb Walker","floor":35,"turns":2},{"damage":0,"enemies":"Mind Bloom Boss Battle","floor":37,"turns":6},{"damage":0,"enemies":"3 Shapes","floor":39,"turns":3},{"damage":14,"enemies":"Nemesis","floor":40,"turns":3},{"damage":2,"enemies":"Giant Head","floor":42,"turns":5},{"damage":0,"enemies":"Spire Growth","floor":45,"turns":3},{"damage":0,"enemies":"Nemesis","floor":46,"turns":3},{"damage":17,"enemies":"Writhing Mass","floor":47,"turns":4},{"damage":37,"enemies":"Donu and Deca","floor":50,"turns":6},{"damage":0,"enemies":"Shield and Spear","floor":54,"turns":2},{"damage":39,"enemies":"The Heart","floor":55,"turns":7}],"seed_played":"-753723605797772250","potions_obtained":[{"floor":3,"key":"Swift Potion"},{"floor":7,"key":"Ancient Potion"},{"floor":12,"key":"FearPotion"},{"floor":20,"key":"FairyPotion"},{"floor":24,"key":"Strength Potion"},{"floor":28,"key":"LiquidBronze"}],"is_trial":false,"path_per_floor":["M","?","M","M","?","E","M","R","T","?","R","M","R","M","R","B",null,"M","$","M","T","?","R","M","R","T","E","M","R","E","M","R","B",null,"M","$","?","?","M","E","R","E","T","?","M","E","M","$","R","B",null,"R","$","E","B",null],"character_chosen":"IRONCLAD","items_purchased":["Uppercut","Dodecahedron","True Grit+1","PowerPotion","Chemical X","Power Through+1","Metallicize"],"campfire_rested":1,"item_purchase_floors":[19,19,36,36,48,48,48],"current_hp_per_floor":[72,72,72,72,47,22,28,28,28,28,28,34,34,38,38,24,72,72,72,72,72,66,66,58,58,58,56,60,60,50,48,69,30,72,72,72,72,72,72,64,64,68,74,74,78,78,73,73,73,42,84,84,84,94,61],"gold":37,"neow_bonus":"ONE_RARE_RELIC","is_prod":false,"is_daily":false,"chose_seed":false,"campfire_upgraded":9,"win_rate":0,"timestamp":1543984908,"path_taken":["M","?","M","?","?","E","M","R","T","?","R","M","R","M","R","BOSS","M","$","M","?","?","R","M","R","T","E","M","R","E","M","R","BOSS","M","$","?","?","M","E","R","E","T","?","M","E","?","$","R","BOSS","R","$","E","BOSS"],"build_version":"2018-12-4","purchased_purges":2,"victory":true,"max_hp_per_floor":[72,72,72,72,72,72,72,72,72,72,72,72,72,72,72,72,72,72,72,72,72,72,72,72,72,72,72,72,72,72,72,72,72,72,72,72,72,72,72,72,72,72,78,78,78,78,84,84,84,84,84,84,84,94,94],"card_choices":[{"not_picked":["Body Slam","Clash"],"picked":"Shrug It Off","floor":1},{"not_picked":["Shrug It Off","True Grit"],"picked":"Whirlwind","floor":3},{"not_picked":["Thunderclap","Flex"],"picked":"Armaments","floor":4},{"not_picked":["Burning Pact","Sentinel"],"picked":"Thunderclap","floor":6},{"not_picked":["Brutality","Warcry"],"picked":"Battle Trance","floor":7},{"not_picked":["Searing Blow","Wild Strike"],"picked":"Iron Wave","floor":12},{"not_picked":["Pommel Strike","Sever Soul"],"picked":"Ghostly Armor","floor":14},{"not_picked":["Brutality","Exhume"],"picked":"Immolate","floor":16},{"not_picked":["Cleave+1","Thunderclap"],"picked":"Warcry","floor":18},{"not_picked":["Sword Boomerang+1","Rupture"],"picked":"Uppercut","floor":20},{"not_picked":["Cleave","Clash","Dual Wield"],"picked":"SKIP","floor":24},{"not_picked":["Clothesline","Barricade"],"picked":"Inflame+1","floor":27},{"not_picked":["Rampage","Pommel Strike+1"],"picked":"Flame Barrier","floor":28},{"not_picked":["Flex","Pommel Strike"],"picked":"Heavy Blade","floor":30},{"not_picked":["Flex+1","Clash"],"picked":"Disarm+1","floor":31},{"not_picked":["Bludgeon","Brutality"],"picked":"Juggernaut","floor":33},{"not_picked":["Reckless Charge+1","Rupture+1"],"picked":"Shrug It Off+1","floor":35},{"not_picked":["Wild Strike","Uppercut+1"],"picked":"Heavy Blade+1","floor":37},{"not_picked":["Infernal Blade+1","Fire Breathing"],"picked":"Iron Wave+1","floor":39},{"not_picked":["Armaments+1","Pommel Strike+1"],"picked":"Warcry+1","floor":40},{"not_picked":["Bloodletting+1","Pommel Strike"],"picked":"Sword Boomerang+1","floor":42},{"not_picked":["Flex+1","Pommel Strike"],"picked":"Demon Form","floor":45},{"not_picked":["Wild Strike+1","Twin Strike"],"picked":"Barricade","floor":46},{"not_picked":["Pommel Strike+1","Heavy Blade+1","Body Slam"],"picked":"SKIP","floor":47},{"not_picked":["Reckless Charge+1","Blood for Blood"],"picked":"Headbutt+1","floor":54}],"player_experience":3666101,"relics_obtained":[{"floor":6,"key":"PreservedInsect"},{"floor":9,"key":"Mummified Hand"},{"floor":27,"key":"Shuriken"},{"floor":30,"key":"Toxic Egg 2"},{"floor":37,"key":"Du-Vu Doll"},{"floor":40,"key":"Happy Flower"},{"floor":42,"key":"Darkstone Periapt"},{"floor":43,"key":"Red Skull"},{"floor":46,"key":"War Paint"},{"floor":54,"key":"Pear"}],"event_choices":[{"damage_healed":0,"gold_gain":0,"player_choice":"Upgraded","damage_taken":0,"max_hp_gain":0,"max_hp_loss":0,"event_name":"Upgrade Shrine","floor":2,"gold_loss":0,"cards_upgraded":["Bash"]},{"damage_healed":0,"gold_gain":0,"player_choice":"Success","damage_taken":25,"relics_obtained":["Charon\u0027s Ashes"],"max_hp_gain":0,"max_hp_loss":0,"event_name":"Scrap Ooze","floor":5,"gold_loss":0},{"damage_healed":0,"gold_gain":0,"player_choice":"1 cards matched","damage_taken":0,"max_hp_gain":0,"max_hp_loss":0,"event_name":"Match and Keep!","floor":10,"gold_loss":0,"cards_obtained":["Jack Of All Trades"]},{"damage_healed":0,"gold_gain":0,"player_choice":"Joined the Cult","damage_taken":6,"max_hp_gain":0,"max_hp_loss":0,"event_name":"Nest","floor":22,"gold_loss":0,"cards_obtained":["RitualDagger"]},{"damage_healed":0,"gold_gain":0,"player_choice":"Fight","damage_taken":0,"max_hp_gain":0,"max_hp_loss":0,"event_name":"MindBloom","floor":37,"gold_loss":0},{"cards_removed":["Defend_R"],"damage_healed":0,"gold_gain":0,"player_choice":"Removed Skill","damage_taken":0,"max_hp_gain":0,"max_hp_loss":0,"event_name":"Falling","floor":38,"gold_loss":0},{"damage_healed":0,"gold_gain":0,"cards_transformed":["Strike_R"],"player_choice":"Transformed","damage_taken":0,"max_hp_gain":0,"max_hp_loss":0,"event_name":"Transmorgrifier","floor":44,"gold_loss":0,"cards_obtained":["Double Tap"]}],"is_beta":true,"boss_relics":[{"not_picked":["Snecko Eye","White Beast Statue"],"picked":"Cursed Key"},{"not_picked":["Sozu","Lizard Tail"],"picked":"Runic Dome"}],"items_purged_floors":[19,36],"is_endless":false,"potions_floor_spawned":[3,7,12,20,24,28,31,39,42,45],"ascension_level":1}