{"gold_per_floor":[210,210,228,58,58,85,85,112,112,112,128,141,316,343,343,446,446,460,20,0,75,86,113,113,133,156,156,171,171,171,191,191,191],"floor_reached":33,"playtime":2424,"items_purged":["Strike_R","Doubt"],"score":323,"play_id":"e4b99eda-85e1-4c0e-a586-0fe572087bbe","local_time":"20181101104922","is_ascension_mode":true,"campfire_choices":[{"data":"Disarm","floor":7,"key":"SMITH"},{"data":"Armaments","floor":10,"key":"SMITH"},{"data":"Battle Trance","floor":15,"key":"SMITH"},{"floor":24,"key":"REST"},{"floor":27,"key":"REST"},{"floor":29,"key":"REST"},{"floor":32,"key":"REST"}],"neow_cost":"NONE","seed_source_timestamp":623268896880619,"circlet_count":0,"master_deck":["Strike_R","Strike_R","Defend_R","Defend_R","Defend_R","Defend_R","Bash","Battle Trance+1","Anger","Headbutt","Power Through","Disarm+1","Armaments+1","Second Wind","Ghostly Armor","Barricade","Spot Weakness","True Grit","Finesse","Combust","Battle Trance","Headbutt","True Grit","Feel No Pain+1"],"relics":["Burning Blood","Ginger","Lantern","Ornamental Fan","Red Skull","White Beast Statue","Oddly Smooth Stone","Peace Pipe"],"potions_floor_usage":[6,6,8,18,23,23,28,31,33,33],"damage_taken":[{"damage":2,"enemies":"2 Louse","floor":1,"turns":3},{"damage":6,"enemies":"Cultist","floor":3,"turns":4},{"damage":0,"enemies":"3 Sentries","floor":6,"turns":9},{"damage":13,"enemies":"Gremlin Nob","floor":8,"turns":4},{"damage":0,"enemies":"Small Slimes","floor":11,"turns":3},{"damage":10,"enemies":"Exordium Thugs","floor":12,"turns":4},{"damage":6,"enemies":"3 Sentries","floor":14,"turns":9},{"damage":9,"enemies":"Hexaghost","floor":16,"turns":10},{"damage":14,"enemies":"2 Thieves","floor":18,"turns":5},{"damage":0,"enemies":"Shell Parasite","floor":22,"turns":7},{"damage":59,"enemies":"Slavers","floor":23,"turns":6},{"damage":40,"enemies":"Chosen and Byrds","floor":25,"turns":9},{"damage":9,"enemies":"3 Cultists","floor":28,"turns":7},{"damage":28,"enemies":"Sentry and Sphere","floor":31,"turns":9},{"damage":62,"enemies":"Collector","floor":33,"turns":10}],"seed_played":"-2229393368530270937","potions_obtained":[{"floor":1,"key":"Energy Potion"},{"floor":3,"key":"EssenceOfSteel"},{"floor":5,"key":"Strength Potion"},{"floor":5,"key":"Fire Potion"},{"floor":6,"key":"SteroidPotion"},{"floor":14,"key":"BloodPotion"},{"floor":16,"key":"Swift Potion"},{"floor":18,"key":"Explosive Potion"},{"floor":23,"key":"PowerPotion"},{"floor":25,"key":"Fire Potion"},{"floor":28,"key":"Swift Potion"},{"floor":31,"key":"SmokeBomb"}],"is_trial":false,"path_per_floor":["M","?","M","$","?","E","R","E","T","R","M","M","?","E","R","B",null,"M","$","?","?","M","E","R","M","T","R","M","R","?","M","R","B"],"character_chosen":"IRONCLAD","items_purchased":["Headbutt","Power Through","True Grit","Oddly Smooth Stone","Finesse","Combust"],"campfire_rested":4,"item_purchase_floors":[4,4,19,19,19,19],"current_hp_per_floor":[80,80,80,80,80,80,80,73,73,73,79,75,75,75,75,72,80,80,80,80,72,78,25,49,15,15,39,36,60,60,38,62,0],"gold":191,"neow_bonus":"HUNDRED_GOLD","is_prod":false,"is_daily":false,"chose_seed":false,"campfire_upgraded":3,"win_rate":0,"timestamp":1541083762,"path_taken":["M","?","?","$","?","E","R","E","T","R","?","M","?","E","R","BOSS","M","$","?","?","M","E","R","M","T","R","?","R","?","M","R","BOSS"],"build_version":"2018-10-31v2","purchased_purges":2,"victory":false,"max_hp_per_floor":[80,80,80,80,80,80,80,80,80,80,80,80,80,80,80,80,80,80,80,80,80,80,80,80,80,80,80,80,80,80,80,80,80],"card_choices":[{"not_picked":["Rage","Thunderclap"],"picked":"Battle Trance","floor":1},{"not_picked":["Sever Soul","Dual Wield"],"picked":"Anger","floor":3},{"not_picked":["Shrug It Off","Metallicize"],"picked":"Disarm","floor":6},{"not_picked":["Perfected Strike","Cleave"],"picked":"Armaments","floor":8},{"not_picked":["Corruption","Fire Breathing","Disarm"],"picked":"SKIP","floor":11},{"not_picked":["Clash","Exhume"],"picked":"Second Wind","floor":12},{"not_picked":["Perfected Strike","Power Through"],"picked":"Ghostly Armor","floor":14},{"not_picked":["Brutality","Dark Embrace"],"picked":"Barricade","floor":16},{"not_picked":["Uppercut","Iron Wave"],"picked":"Spot Weakness","floor":18},{"not_picked":["Dropkick","Sword Boomerang","Heavy Blade+1"],"picked":"SKIP","floor":22},{"not_picked":["Dark Embrace","Disarm+1","Hemokinesis"],"picked":"SKIP","floor":23},{"not_picked":["Second Wind","Rampage"],"picked":"Battle Trance","floor":25},{"not_picked":["Intimidate+1","True Grit"],"picked":"Headbutt","floor":28},{"not_picked":["Perfected Strike+1","Corruption+1"],"picked":"Feel No Pain+1","floor":31}],"player_experience":3243802,"relics_obtained":[{"floor":6,"key":"Ginger"},{"floor":8,"key":"Lantern"},{"floor":9,"key":"Ornamental Fan"},{"floor":14,"key":"Red Skull"},{"floor":23,"key":"Peace Pipe"}],"event_choices":[{"cards_removed":["Strike_R"],"damage_healed":0,"gold_gain":0,"player_choice":"Purged","damage_taken":0,"max_hp_gain":0,"max_hp_loss":0,"event_name":"Purifier","floor":2,"gold_loss":0},{"damage_healed":0,"gold_gain":0,"player_choice":"Got Potions","damage_taken":0,"max_hp_gain":0,"max_hp_loss":0,"event_name":"Lab","floor":5,"gold_loss":0},{"damage_healed":0,"gold_gain":175,"player_choice":"AGREE","damage_taken":0,"max_hp_gain":0,"max_hp_loss":0,"event_name":"Liars Game","floor":13,"gold_loss":0,"cards_obtained":["Doubt"]},{"damage_healed":0,"gold_gain":0,"player_choice":"Paid Fearfully","damage_taken":0,"max_hp_gain":0,"max_hp_loss":0,"event_name":"Masked Bandits","floor":20,"gold_loss":20},{"damage_healed":0,"gold_gain":75,"player_choice":"Touch","damage_taken":8,"max_hp_gain":0,"max_hp_loss":0,"event_name":"FaceTrader","floor":21,"gold_loss":0},{"damage_healed":0,"gold_gain":0,"cards_transformed":["Strike_R"],"player_choice":"Transformed","damage_taken":0,"max_hp_gain":0,"max_hp_loss":0,"event_name":"Transmorgrifier","floor":30,"gold_loss":0,"cards_obtained":["True Grit"]}],"is_beta":true,"boss_relics":[{"not_picked":["Philosopher\u0027s Stone","Calling Bell"],"picked":"White Beast Statue"}],"items_purged_floors":[4,19],"is_endless":false,"potions_floor_spawned":[1,3,6,14,16,18,22,23,25,28,31],"killed_by":"Collector","ascension_level":1}