{"gold_per_floor":[111,111,131,146,162,162,189,189,216,251,251,263,277,291,291,291],"floor_reached":16,"playtime":717,"items_purged":[],"score":188,"play_id":"761f952e-f7a2-486d-a377-5f2e7a6fccc1","local_time":"20190218004522","is_ascension_mode":true,"campfire_choices":[{"data":"Dagger Spray","floor":6,"key":"SMITH"},{"floor":8,"key":"REST"},{"data":"Neutralize","floor":11,"key":"SMITH"},{"data":"Leg Sweep","floor":15,"key":"SMITH"}],"neow_cost":"NONE","seed_source_timestamp":226845513635700,"circlet_count":0,"master_deck":["Defend_G","Defend_G","Defend_G","Defend_G","Defend_G","Strike_G","Strike_G","Strike_G","Strike_G","Strike_G","Survivor","Neutralize+1","Die Die Die","Dagger Spray+1","Backstab","Dodge and Roll","Die Die Die","Catalyst","Leg Sweep+1","PiercingWail"],"relics":["Ring of the Snake","Centennial Puzzle","Strawberry","Lantern"],"potions_floor_usage":[16],"damage_taken":[{"damage":1,"enemies":"Cultist","floor":1,"turns":3},{"damage":1,"enemies":"2 Louse","floor":3,"turns":2},{"damage":0,"enemies":"Small Slimes","floor":4,"turns":1},{"damage":0,"enemies":"Gremlin Gang","floor":5,"turns":1},{"damage":34,"enemies":"Gremlin Nob","floor":7,"turns":5},{"damage":0,"enemies":"3 Sentries","floor":10,"turns":3},{"damage":0,"enemies":"3 Louse","floor":12,"turns":1},{"damage":0,"enemies":"2 Fungi Beasts","floor":13,"turns":2},{"damage":0,"enemies":"Exordium Thugs","floor":14,"turns":2},{"damage":58,"enemies":"Hexaghost","floor":16,"turns":16}],"seed_played":"4313173538585817585","potions_obtained":[{"floor":3,"key":"SteroidPotion"},{"floor":4,"key":"SkillPotion"},{"floor":10,"key":"LiquidBronze"},{"floor":12,"key":"PowerPotion"}],"is_trial":false,"path_per_floor":["M","$","M","M","M","R","E","R","T","E","R","M","M","M","R","B"],"character_chosen":"THE_SILENT","items_purchased":[],"campfire_rested":1,"item_purchase_floors":[],"current_hp_per_floor":[62,62,61,61,61,61,27,48,55,55,55,55,55,55,55,0],"gold":291,"neow_bonus":"ONE_RANDOM_RARE_CARD","is_prod":false,"is_daily":false,"chose_seed":false,"campfire_upgraded":3,"win_rate":0,"timestamp":1550447122,"path_taken":["M","?","M","M","M","R","E","R","T","E","R","M","M","M","R","BOSS"],"build_version":"2019-01-23","purchased_purges":0,"victory":false,"max_hp_per_floor":[70,70,70,70,70,70,70,70,77,77,77,77,77,77,77,77],"card_choices":[{"not_picked":["Dodge and Roll","Heel Hook"],"picked":"Dagger Spray","floor":1},{"not_picked":["Outmaneuver","Underhanded Strike"],"picked":"Backstab","floor":3},{"not_picked":["Predator","Quick Slash","Riddle With Holes"],"picked":"SKIP","floor":4},{"not_picked":["Terror","Deflect"],"picked":"Dodge and Roll","floor":5},{"not_picked":["Prepared","Underhanded Strike"],"picked":"Die Die Die","floor":7},{"not_picked":["Escape Plan","Phantasmal Killer"],"picked":"Catalyst","floor":10},{"not_picked":["Backflip","Blade Dance"],"picked":"Leg Sweep","floor":12},{"not_picked":["Underhanded Strike","Quick Slash","Sucker Punch"],"picked":"SKIP","floor":13},{"not_picked":["Quick Slash","Outmaneuver"],"picked":"PiercingWail","floor":14}],"player_experience":214931,"relics_obtained":[{"floor":7,"key":"Centennial Puzzle"},{"floor":9,"key":"Strawberry"},{"floor":10,"key":"Lantern"}],"event_choices":[],"is_beta":false,"boss_relics":[],"items_purged_floors":[],"is_endless":false,"potions_floor_spawned":[3,4,10,12,14],"killed_by":"Hexaghost","ascension_level":7}