{"gold_per_floor":[113,113,113,124,137,169,187,204,204,204,304,304,323,348,348,348],"floor_reached":16,"playtime":686,"items_purged":[],"score":112,"play_id":"0c031296-6cd2-418f-ba7e-fb5e3c706555","local_time":"20181204194138","is_ascension_mode":false,"campfire_choices":[{"floor":10,"key":"REST"},{"data":"Zap","floor":12,"key":"SMITH"},{"floor":15,"key":"REST"}],"neow_cost":"NONE","seed_source_timestamp":1435536456087,"circlet_count":0,"master_deck":["Strike_B","Strike_B","Strike_B","Defend_B","Defend_B","Defend_B","Defend_B","Zap+1","Dualcast","Gash","Beam Cell","Skim","Electrodynamics","Hologram","Self Repair","Go for the Eyes"],"relics":["Cracked Core","NeowsBlessing","Vajra","Gremlin Horn","Bottled Flame","Kunai"],"potions_floor_usage":[16,16,16],"damage_taken":[{"damage":0,"enemies":"Cultist","floor":1,"turns":1},{"damage":0,"enemies":"Jaw Worm","floor":4,"turns":1},{"damage":0,"enemies":"Small Slimes","floor":5,"turns":1},{"damage":33,"enemies":"3 Sentries","floor":6,"turns":9},{"damage":18,"enemies":"Red Slaver","floor":7,"turns":4},{"damage":13,"enemies":"Large Slime","floor":8,"turns":3},{"damage":1,"enemies":"3 Louse","floor":13,"turns":4},{"damage":24,"enemies":"Gremlin Nob","floor":14,"turns":4},{"damage":37,"enemies":"The Guardian","floor":16,"turns":6}],"seed_played":"595783347133716491","potions_obtained":[{"floor":4,"key":"EssenceOfSteel"},{"floor":6,"key":"SteroidPotion"},{"floor":7,"key":"Strength Potion"}],"is_trial":false,"path_per_floor":["M","?","T","M","M","E","M","M","T","R","?","R","M","E","R","B"],"character_chosen":"DEFECT","items_purchased":[],"campfire_rested":2,"item_purchase_floors":[],"current_hp_per_floor":[75,68,68,68,68,35,17,4,4,26,26,26,32,15,37,0],"gold":348,"neow_bonus":"THREE_ENEMY_KILL","is_prod":false,"is_daily":false,"chose_seed":false,"campfire_upgraded":1,"win_rate":0.0,"timestamp":1543974098,"path_taken":["M","?","?","M","M","E","M","M","T","R","?","R","?","E","R","BOSS"],"build_version":"2018-11-15","purchased_purges":0,"victory":false,"max_hp_per_floor":[75,75,75,75,75,75,75,75,75,75,75,75,75,75,75,75],"card_choices":[{"not_picked":["Streamline","Stack"],"picked":"Gash","floor":1},{"not_picked":["Stack","Compile Driver"],"picked":"Beam Cell","floor":4},{"not_picked":["Self Repair","Cold Snap"],"picked":"Skim","floor":5},{"not_picked":["Coolheaded","Hello World"],"picked":"Electrodynamics","floor":6},{"not_picked":["Turbo","Chill"],"picked":"Hologram","floor":7},{"not_picked":["Compile Driver","Sweeping Beam"],"picked":"Self Repair","floor":8},{"not_picked":["Loop","Redo","Barrage"],"picked":"SKIP","floor":13},{"not_picked":["Blizzard","Meteor Strike"],"picked":"Go for the Eyes","floor":14}],"player_experience":286992,"relics_obtained":[{"floor":3,"key":"Vajra"},{"floor":6,"key":"Gremlin Horn"},{"floor":9,"key":"Bottled Flame"},{"floor":14,"key":"Kunai"}],"event_choices":[{"cards_removed":["Strike_B"],"damage_healed":0,"gold_gain":0,"player_choice":"Card Removal","damage_taken":7,"max_hp_gain":0,"max_hp_loss":0,"event_name":"Golden Wing","floor":2,"gold_loss":0},{"damage_healed":0,"gold_gain":100,"player_choice":"Pray","damage_taken":0,"max_hp_gain":0,"max_hp_loss":0,"event_name":"Golden Shrine","floor":11,"gold_loss":0}],"is_beta":false,"boss_relics":[],"items_purged_floors":[],"is_endless":false,"potions_floor_spawned":[4,6,7],"killed_by":"The Guardian","ascension_level":0}