{"gold_per_floor":[116,116,116,116,131,156,172,204,204,204,204,222,222,222,222,327,327,346,346,357,357,272,302,337,353,380,380,400,400,414,438,438,536,536,550,94,194,194,240,240,274,35,35,70,89,123,141,176,176,176,176,176,21,55,55],"floor_reached":56,"playtime":3035,"items_purged":["Regret"],"score":1604,"play_id":"cfdc00c1-25ad-4799-a23b-8dd80be49563","local_time":"20181214043911","is_ascension_mode":true,"campfire_choices":[{"data":"Hologram","floor":10,"key":"SMITH"},{"floor":13,"key":"DIG"},{"floor":15,"key":"DIG"},{"floor":23,"key":"DIG"},{"floor":27,"key":"DIG"},{"floor":29,"key":"DIG"},{"floor":32,"key":"DIG"},{"floor":40,"key":"REST"},{"floor":49,"key":"RECALL"},{"data":"Reinforced Body","floor":52,"key":"SMITH"}],"neow_cost":"NONE","seed_source_timestamp":121322337376443,"circlet_count":0,"master_deck":["Strike_B","Strike_B+1","Strike_B","Strike_B","Defend_B+1","Defend_B","Defend_B","Defend_B","Zap+1","Dualcast","Hologram+1","Rip and Tear","Cold Snap","Buffer+1","Cold Snap","Electrodynamics+1","Reinforced Body+1","Storm+1","Capacitor+1","Leap","Leap","Capacitor+1","Biased Cognition+1","Consume+1","Conserve Battery","Undo+1","BootSequence","Go for the Eyes","Coolheaded+1","Tempest+1","Tempest","Lockon"],"relics":["Cracked Core","NeowsBlessing","Torii","Shovel","Frozen Egg 2","Dead Branch","Letter Opener","Oddly Smooth Stone","Gremlin Horn","Runic Dome","NlothsMask","Bag of Preparation","Tiny Chest","Calipers","Happy Flower","Vajra","Bag of Marbles","Lizard Tail","Turnip","FossilizedHelix","Ginger","Gambling Chip","Pantograph","Bottled Tornado","StoneCalendar","Anchor","Strawberry","Bronze Scales","Orichalcum"],"potions_floor_usage":[16,16,20,33,33,55,55,55],"damage_taken":[{"damage":0,"enemies":"2 Louse","floor":1,"turns":1},{"damage":0,"enemies":"Cultist","floor":5,"turns":1},{"damage":0,"enemies":"Lagavulin","floor":6,"turns":1},{"damage":6,"enemies":"Jaw Worm","floor":7,"turns":2},{"damage":14,"enemies":"Gremlin Nob","floor":8,"turns":4},{"damage":0,"enemies":"Blue Slaver","floor":12,"turns":3},{"damage":31,"enemies":"The Guardian","floor":16,"turns":11},{"damage":0,"enemies":"Chosen","floor":18,"turns":5},{"damage":4,"enemies":"3 Byrds","floor":20,"turns":2},{"damage":3,"enemies":"Gremlin Leader","floor":24,"turns":6},{"damage":0,"enemies":"Snecko","floor":25,"turns":3},{"damage":1,"enemies":"Cultist and Chosen","floor":28,"turns":5},{"damage":0,"enemies":"Shelled Parasite and Fungi","floor":30,"turns":3},{"damage":30,"enemies":"Champ","floor":33,"turns":13},{"damage":0,"enemies":"3 Shapes","floor":35,"turns":3},{"damage":0,"enemies":"Mind Bloom Boss Battle","floor":37,"turns":3},{"damage":33,"enemies":"2 Orb Walkers","floor":39,"turns":4},{"damage":0,"enemies":"Giant Head","floor":41,"turns":10},{"damage":0,"enemies":"Nemesis","floor":44,"turns":7},{"damage":0,"enemies":"Orb Walker","floor":45,"turns":3},{"damage":0,"enemies":"Giant Head","floor":46,"turns":10},{"damage":0,"enemies":"Writhing Mass","floor":47,"turns":4},{"damage":0,"enemies":"Reptomancer","floor":48,"turns":4},{"damage":27,"enemies":"Awakened One","floor":50,"turns":14},{"damage":8,"enemies":"Shield and Spear","floor":54,"turns":6},{"damage":0,"enemies":"The Heart","floor":55,"turns":9}],"seed_played":"3075866477007229091","potions_obtained":[{"floor":1,"key":"FairyPotion"},{"floor":7,"key":"Energy Potion"},{"floor":8,"key":"Swift Potion"},{"floor":12,"key":"Block Potion"},{"floor":16,"key":"FearPotion"},{"floor":24,"key":"Weak Potion"},{"floor":28,"key":"Weak Potion"},{"floor":41,"key":"Energy Potion"},{"floor":46,"key":"LiquidBronze"}],"is_trial":false,"path_per_floor":["M","?","?","?","M","E","M","E","T","R","T","M","R","?","R","B",null,"M","?","M","?","?","R","E","M","T","R","M","R","M","T","R","B",null,"M","$","?","?","?","R","E","$","T","E","M","E","M","E","R","B",null,"R","$","E","B",null],"character_chosen":"DEFECT","items_purchased":["FocusPotion","Turnip","Pantograph","Bronze Scales"],"campfire_rested":1,"item_purchase_floors":[36,36,42,53],"current_hp_per_floor":[75,75,60,60,60,60,54,40,40,40,40,40,40,40,40,9,75,75,75,71,71,71,71,68,68,68,68,67,67,67,67,67,37,75,75,75,75,75,42,64,64,64,64,64,64,64,64,71,71,55,82,82,82,74,82],"gold":55,"neow_bonus":"THREE_ENEMY_KILL","is_prod":false,"is_daily":false,"chose_seed":false,"campfire_upgraded":2,"win_rate":0,"timestamp":1544780351,"path_taken":["M","?","?","?","M","E","?","E","T","R","?","M","R","?","R","BOSS","M","?","?","?","?","R","E","M","T","R","M","R","M","?","R","BOSS","M","$","?","?","?","R","E","?","T","E","?","E","M","E","R","BOSS","R","$","E","BOSS"],"build_version":"2018-12-13","purchased_purges":1,"victory":true,"max_hp_per_floor":[75,75,75,75,75,75,75,75,75,75,75,75,75,75,75,75,75,75,75,75,75,75,75,75,75,75,75,75,75,75,75,75,75,75,75,75,75,75,75,75,75,75,75,75,75,75,75,82,82,82,82,82,82,82,82],"card_choices":[{"not_picked":["Recycle","Stack"],"picked":"Ball Lightning","floor":1},{"not_picked":["Darkness","Rip and Tear"],"picked":"Hologram","floor":5},{"not_picked":["Blizzard","Chaos"],"picked":"Rip and Tear","floor":6},{"not_picked":["Leap","Steam"],"picked":"Cold Snap","floor":7},{"not_picked":["Skim","FTL"],"picked":"Buffer","floor":8},{"not_picked":["Redo","Barrage"],"picked":"Cold Snap","floor":12},{"not_picked":["Fission","Hyperbeam"],"picked":"Electrodynamics+1","floor":16},{"not_picked":["Skim","Static Discharge+1"],"picked":"Reinforced Body","floor":18},{"not_picked":["Cold Snap","Gash+1","Barrage"],"picked":"SKIP","floor":20},{"not_picked":["Leap","Coolheaded"],"picked":"Capacitor+1","floor":24},{"not_picked":["Compile Driver","Coolheaded"],"picked":"Leap","floor":25},{"not_picked":["Blizzard","Cold Snap"],"picked":"Leap","floor":28},{"not_picked":["Lockon+1","Steam Power"],"picked":"Capacitor+1","floor":30},{"not_picked":["Buffer+1","Meteor Strike"],"picked":"Biased Cognition+1","floor":33},{"not_picked":["Cold Snap+1","Go for the Eyes+1"],"picked":"Consume+1","floor":35},{"not_picked":["Sweeping Beam+1","Turbo+1"],"picked":"Conserve Battery","floor":37},{"not_picked":["Cold Snap+1","Hologram+1"],"picked":"Undo+1","floor":39},{"not_picked":["Gash","Aggregate+1","Amplify"],"picked":"SKIP","floor":41},{"not_picked":["Barrage","Gash+1"],"picked":"BootSequence","floor":44},{"not_picked":["Sweeping Beam","Streamline"],"picked":"Go for the Eyes","floor":45},{"not_picked":["BootSequence","Turbo+1"],"picked":"Coolheaded+1","floor":46},{"not_picked":["Turbo+1","Static Discharge+1"],"picked":"Tempest+1","floor":47},{"not_picked":["Stack","Cold Snap"],"picked":"Tempest","floor":48},{"not_picked":["Reprogram+1","Gash"],"picked":"Lockon","floor":54}],"player_experience":3801950,"relics_obtained":[{"floor":6,"key":"Shovel"},{"floor":8,"key":"Frozen Egg 2"},{"floor":9,"key":"Dead Branch"},{"floor":11,"key":"Letter Opener"},{"floor":13,"key":"Oddly Smooth Stone"},{"floor":15,"key":"Gremlin Horn"},{"floor":23,"key":"Tiny Chest"},{"floor":24,"key":"Calipers"},{"floor":27,"key":"Happy Flower"},{"floor":29,"key":"Vajra"},{"floor":32,"key":"Bag of Marbles"},{"floor":37,"key":"FossilizedHelix"},{"floor":39,"key":"Ginger"},{"floor":41,"key":"Gambling Chip"},{"floor":43,"key":"Bottled Tornado"},{"floor":44,"key":"StoneCalendar"},{"floor":46,"key":"Anchor"},{"floor":48,"key":"Strawberry"},{"floor":54,"key":"Orichalcum"}],"event_choices":[{"damage_healed":0,"gold_gain":0,"player_choice":"Box","damage_taken":0,"relics_obtained":["Torii"],"max_hp_gain":0,"max_hp_loss":0,"event_name":"Big Fish","floor":2,"gold_loss":0,"cards_obtained":["Regret"]},{"damage_healed":0,"gold_gain":0,"player_choice":"Entered Light","damage_taken":15,"max_hp_gain":0,"max_hp_loss":0,"event_name":"Shining Light","floor":3,"gold_loss":0,"cards_upgraded":["Strike_B","Defend_B"]},{"damage_healed":0,"gold_gain":0,"player_choice":"Upgraded","damage_taken":0,"max_hp_gain":0,"max_hp_loss":0,"event_name":"Upgrade Shrine","floor":4,"gold_loss":0,"cards_upgraded":["Zap"]},{"damage_healed":0,"gold_gain":0,"player_choice":"Ignored","damage_taken":0,"max_hp_gain":0,"max_hp_loss":0,"event_name":"Liars Game","floor":14,"gold_loss":0},{"damage_healed":0,"gold_gain":0,"player_choice":"Trade","damage_taken":0,"relics_obtained":["NlothsMask"],"max_hp_gain":0,"max_hp_loss":0,"event_name":"FaceTrader","floor":19,"gold_loss":0},{"damage_healed":0,"gold_gain":0,"player_choice":"Read","damage_taken":0,"max_hp_gain":0,"max_hp_loss":0,"event_name":"The Library","floor":21,"gold_loss":0,"cards_obtained":["Storm"]},{"damage_healed":0,"gold_gain":0,"player_choice":"Obtained Relic","damage_taken":0,"relics_obtained":["Bag of Preparation"],"max_hp_gain":0,"max_hp_loss":0,"event_name":"Addict","floor":22,"gold_loss":85},{"damage_healed":0,"gold_gain":0,"player_choice":"Fight","damage_taken":0,"max_hp_gain":0,"max_hp_loss":0,"event_name":"MindBloom","floor":37,"gold_loss":0},{"cards_removed":["Ball Lightning"],"damage_healed":0,"gold_gain":0,"player_choice":"Removed Attack","damage_taken":0,"max_hp_gain":0,"max_hp_loss":0,"event_name":"Falling","floor":38,"gold_loss":0},{"damage_healed":0,"gold_gain":0,"player_choice":"Fight","damage_taken":0,"max_hp_gain":0,"max_hp_loss":0,"event_name":"Mysterious Sphere","floor":39,"gold_loss":0}],"is_beta":true,"boss_relics":[{"not_picked":["Inserter","Nuclear Battery"],"picked":"Runic Dome"},{"not_picked":["White Beast Statue","Calling Bell"],"picked":"Lizard Tail"}],"items_purged_floors":[36],"is_endless":false,"potions_floor_spawned":[1,7,8,12,16,24,28,41,45,46,48],"ascension_level":1}