{"gold_per_floor":[119,119,194,207,19,53,69,69,69,103,122,138,166,35,35,130,130,144,179,195,195,207,238,238,19,44,77,93,127,2,32,32,130,130,148,370,383,396,396,430,450,481,493,505,528,565,577,639,651,663,675,687,28,60,60],"floor_reached":56,"playtime":3446,"items_purged":["Strike_G","Strike_G"],"score":1671,"play_id":"5504d4da-0e27-48d6-a8ec-908f328eac77","local_time":"20190218045446","is_ascension_mode":true,"campfire_choices":[{"data":"Noxious Fumes","floor":8,"key":"SMITH"},{"data":"Bouncing Flask","floor":15,"key":"SMITH"},{"data":"Deadly Poison","floor":24,"key":"SMITH"},{"data":"Adrenaline","floor":32,"key":"SMITH"},{"floor":44,"key":"RECALL"},{"data":"Dodge and Roll","floor":47,"key":"SMITH"},{"data":"Leg Sweep","floor":49,"key":"SMITH"},{"data":"Survivor","floor":52,"key":"SMITH"}],"neow_cost":"NONE","seed_source_timestamp":5503352363110895,"circlet_count":0,"master_deck":["Defend_G","Defend_G","Defend_G","Defend_G","Defend_G","Strike_G","Strike_G","Survivor+1","Neutralize+1","Poisoned Stab","Deadly Poison+1","Noxious Fumes+1","Deadly Poison","Acrobatics","Flying Knee","Bouncing Flask+1","Footwork+1","Backflip","Adrenaline+1","Backflip","Deflect+1","Dash","Crippling Poison","Footwork+1","Backflip","Tools of the Trade+1","Noxious Fumes+1","PiercingWail","Footwork+1","Backflip","Corpse Explosion","PiercingWail","Dash+1","Dodge and Roll+1","Leg Sweep+1","Catalyst+1","Well Laid Plans+1","Tactician+1","Masterful Stab+1","Backflip+1","Leg Sweep"],"relics":["Ring of the Serpent","Pantograph","Bird Faced Urn","Bottled Tornado","Anchor","Frozen Egg 2","Runic Dome","Red Mask","Blue Candle","Oddly Smooth Stone","Orichalcum","Lantern","Ninja Scroll","Art of War","MawBank","Happy Flower","Thread and Needle","Mummified Hand","Snake Skull","TwistedFunnel","Centennial Puzzle"],"potions_floor_usage":[6,10,19,48,55],"damage_taken":[{"damage":0,"enemies":"Small Slimes","floor":1,"turns":4},{"damage":0,"enemies":"2 Louse","floor":4,"turns":4},{"damage":8,"enemies":"Lagavulin","floor":6,"turns":6},{"damage":0,"enemies":"Jaw Worm","floor":7,"turns":3},{"damage":13,"enemies":"3 Sentries","floor":10,"turns":7},{"damage":1,"enemies":"Red Slaver","floor":11,"turns":3},{"damage":2,"enemies":"Looter","floor":12,"turns":3},{"damage":8,"enemies":"Lagavulin","floor":13,"turns":6},{"damage":31,"enemies":"Hexaghost","floor":16,"turns":7},{"damage":0,"enemies":"Shell Parasite","floor":18,"turns":4},{"damage":13,"enemies":"Masked Bandits","floor":19,"turns":5},{"damage":0,"enemies":"Spheric Guardian","floor":20,"turns":2},{"damage":0,"enemies":"Cultist and Chosen","floor":22,"turns":7},{"damage":0,"enemies":"Book of Stabbing","floor":23,"turns":6},{"damage":0,"enemies":"Gremlin Leader","floor":27,"turns":8},{"damage":0,"enemies":"3 Cultists","floor":28,"turns":5},{"damage":3,"enemies":"Slavers","floor":29,"turns":5},{"damage":0,"enemies":"Book of Stabbing","floor":31,"turns":6},{"damage":0,"enemies":"Automaton","floor":33,"turns":8},{"damage":21,"enemies":"3 Darklings","floor":35,"turns":4},{"damage":0,"enemies":"Orb Walker","floor":37,"turns":4},{"damage":0,"enemies":"Spire Growth","floor":38,"turns":5},{"damage":0,"enemies":"Nemesis","floor":40,"turns":7},{"damage":4,"enemies":"Jaw Worm Horde","floor":41,"turns":3},{"damage":7,"enemies":"Reptomancer","floor":42,"turns":7},{"damage":0,"enemies":"3 Darklings","floor":45,"turns":2},{"damage":2,"enemies":"Giant Head","floor":46,"turns":7},{"damage":0,"enemies":"2 Orb Walkers","floor":48,"turns":3},{"damage":0,"enemies":"Donu and Deca","floor":50,"turns":6},{"damage":0,"enemies":"Shield and Spear","floor":54,"turns":5},{"damage":5,"enemies":"The Heart","floor":55,"turns":8}],"seed_played":"1742473024720596721","potions_obtained":[{"floor":1,"key":"Swift Potion"},{"floor":7,"key":"Poison Potion"},{"floor":11,"key":"SpeedPotion"},{"floor":18,"key":"Block Potion"},{"floor":19,"key":"FairyPotion"},{"floor":22,"key":"Strength Potion"},{"floor":31,"key":"Poison Potion"},{"floor":35,"key":"GhostInAJar"},{"floor":40,"key":"GhostInAJar"}],"is_trial":false,"path_per_floor":["M","?","?","M","$","E","M","R","T","E","M","M","E","$","R","B",null,"M","?","M","?","M","E","R","$","T","E","M","E","$","E","R","B",null,"M","?","M","M","?","E","M","E","T","R","M","E","R","?","R","B",null,"R","$","E","B",null],"character_chosen":"THE_SILENT","items_purchased":["Noxious Fumes","Regen Potion","Footwork+1","Backflip","Footwork+1","Backflip","Footwork+1","Backflip","Mummified Hand","Snake Skull","TwistedFunnel","Leg Sweep"],"campfire_rested":0,"item_purchase_floors":[5,5,14,14,25,25,30,30,53,53,53,53],"current_hp_per_floor":[70,67,56,56,56,63,65,65,65,54,55,55,49,49,49,41,70,70,59,61,61,65,69,69,69,69,70,70,67,67,70,70,70,70,57,57,69,70,70,70,70,65,65,65,70,70,70,70,70,70,70,70,70,70,70],"gold":60,"neow_bonus":"UPGRADE_CARD","is_prod":false,"is_daily":false,"chose_seed":false,"campfire_upgraded":7,"win_rate":0,"timestamp":1550483686,"path_taken":["M","?","?","?","?","E","M","R","T","E","M","M","E","$","R","BOSS","M","?","M","?","?","E","R","$","T","E","M","E","$","E","R","BOSS","M","?","M","M","?","E","M","E","T","R","M","E","R","?","R","BOSS","R","$","E","BOSS"],"build_version":"2019-02-06","purchased_purges":2,"victory":true,"max_hp_per_floor":[70,70,70,70,70,70,70,70,70,70,70,70,70,70,70,70,70,70,70,70,70,70,70,70,70,70,70,70,70,70,70,70,70,70,70,70,70,70,70,70,70,70,70,70,70,70,70,70,70,70,70,70,70,70,70],"card_choices":[{"not_picked":["Concentrate","Outmaneuver"],"picked":"Poisoned Stab","floor":1},{"not_picked":["Deflect","Escape Plan"],"picked":"Deadly Poison","floor":4},{"not_picked":["Acrobatics","Cloak And Dagger"],"picked":"Deadly Poison","floor":6},{"not_picked":["Slice","Blade Dance"],"picked":"Acrobatics","floor":7},{"not_picked":["Concentrate","Setup","Phantasmal Killer"],"picked":"SKIP","floor":10},{"not_picked":["Dagger Throw","Acrobatics","Poisoned Stab"],"picked":"SKIP","floor":11},{"not_picked":["Flechettes","Heel Hook"],"picked":"Flying Knee","floor":12},{"not_picked":["Prepared","Accuracy"],"picked":"Bouncing Flask","floor":13},{"not_picked":["Malaise","Storm of Steel"],"picked":"Adrenaline","floor":16},{"not_picked":["Sucker Punch","Tactician+1"],"picked":"Backflip","floor":18},{"not_picked":["Sucker Punch+1","Bouncing Flask+1"],"picked":"Deflect+1","floor":19},{"not_picked":["Flechettes","Prepared"],"picked":"Dash","floor":20},{"not_picked":["Deadly Poison","Bane","Flechettes"],"picked":"SKIP","floor":22},{"not_picked":["Deflect","Skewer"],"picked":"Crippling Poison","floor":23},{"not_picked":["Underhanded Strike","Dodge and Roll+1"],"picked":"Tools of the Trade+1","floor":27},{"not_picked":["Heel Hook+1","Bouncing Flask"],"picked":"Noxious Fumes+1","floor":28},{"not_picked":["Finisher","Riddle With Holes"],"picked":"PiercingWail","floor":29},{"not_picked":["Slice+1","Underhanded Strike","Quick Slash"],"picked":"SKIP","floor":31},{"not_picked":["Storm of Steel","Malaise"],"picked":"Corpse Explosion","floor":33},{"not_picked":["Riddle With Holes+1","Poisoned Stab"],"picked":"PiercingWail","floor":35},{"not_picked":["Sucker Punch","Riddle With Holes"],"picked":"Dash+1","floor":37},{"not_picked":["Tactician","Poisoned Stab"],"picked":"Dodge and Roll","floor":38},{"not_picked":["Flechettes","Glass Knife"],"picked":"Leg Sweep","floor":40},{"not_picked":["Blur","Deadly Poison"],"picked":"Catalyst+1","floor":41},{"not_picked":["Outmaneuver","Eviscerate+1"],"picked":"Well Laid Plans+1","floor":42},{"not_picked":["Dodge and Roll+1","Heel Hook+1"],"picked":"Tactician+1","floor":45},{"not_picked":["PiercingWail+1","Flying Knee"],"picked":"Masterful Stab+1","floor":46},{"not_picked":["Dagger Spray+1","Dodge and Roll"],"picked":"Backflip+1","floor":48},{"not_picked":["Skewer+1","Finisher","Heel Hook"],"picked":"SKIP","floor":54}],"player_experience":4574170,"relics_obtained":[{"floor":6,"key":"Bird Faced Urn"},{"floor":9,"key":"Bottled Tornado"},{"floor":10,"key":"Anchor"},{"floor":13,"key":"Frozen Egg 2"},{"floor":19,"key":"Red Mask"},{"floor":23,"key":"Blue Candle"},{"floor":26,"key":"Oddly Smooth Stone"},{"floor":27,"key":"Orichalcum"},{"floor":29,"key":"Lantern"},{"floor":31,"key":"Ninja Scroll"},{"floor":40,"key":"Art of War"},{"floor":42,"key":"MawBank"},{"floor":46,"key":"Happy Flower"},{"floor":48,"key":"Thread and Needle"},{"floor":54,"key":"Centennial Puzzle"}],"event_choices":[{"damage_healed":0,"gold_gain":0,"player_choice":"Success","damage_taken":3,"relics_obtained":["Pantograph"],"max_hp_gain":0,"max_hp_loss":0,"event_name":"Scrap Ooze","floor":2,"gold_loss":0},{"damage_healed":0,"gold_gain":75,"player_choice":"Gather Gold","damage_taken":11,"max_hp_gain":0,"max_hp_loss":0,"event_name":"World of Goop","floor":3,"gold_loss":0},{"damage_healed":0,"gold_gain":0,"player_choice":"Fought Bandits","damage_taken":0,"max_hp_gain":0,"max_hp_loss":0,"event_name":"Masked Bandits","floor":19,"gold_loss":0},{"damage_healed":0,"gold_gain":0,"player_choice":"Ignored","damage_taken":0,"max_hp_gain":0,"max_hp_loss":0,"event_name":"N\u0027loth","floor":21,"gold_loss":0},{"damage_healed":0,"gold_gain":222,"player_choice":"Wore Mask","damage_taken":0,"max_hp_gain":0,"max_hp_loss":0,"event_name":"Tomb of Lord Red Mask","floor":36,"gold_loss":0},{"cards_removed":["Strike_G"],"damage_healed":0,"gold_gain":0,"player_choice":"Removed Attack","damage_taken":0,"max_hp_gain":0,"max_hp_loss":0,"event_name":"Falling","floor":39,"gold_loss":0},{"damage_healed":0,"gold_gain":0,"player_choice":"Fight","damage_taken":0,"max_hp_gain":0,"max_hp_loss":0,"event_name":"Mysterious Sphere","floor":48,"gold_loss":0}],"is_beta":true,"boss_relics":[{"not_picked":["Empty Cage","Calling Bell"],"picked":"Runic Dome"},{"not_picked":["White Beast Statue","HoveringKite"],"picked":"Ring of the Serpent"}],"items_purged_floors":[5,25],"is_endless":false,"potions_floor_spawned":[1,7,11,18,19,22,29,31,33,35,40,42,46],"ascension_level":1}