{"gold_per_floor":[116,135,410,425,39,65,65,97,122,157,157,34,34,53,53,156,156,167,187,198,113,15,15,48,48,48,48,59,85,85,85,85,185,185,202,55,73,73,173,173,201,201,224,255,165,180,190,207,207,207,207,207,32,64,64],"floor_reached":56,"playtime":3572,"items_purged":["Regret","Defend_R","Strike_R"],"score":1629,"play_id":"dacabec6-d55f-4caa-bdf2-e6944896e7bf","local_time":"20181123140817","is_ascension_mode":true,"campfire_choices":[{"data":"Evolve","floor":7,"key":"SMITH"},{"data":"Bash","floor":11,"key":"SMITH"},{"data":"True Grit","floor":13,"key":"SMITH"},{"data":"Body Slam","floor":15,"key":"SMITH"},{"data":"Barricade","floor":23,"key":"SMITH"},{"data":"Armaments","floor":25,"key":"SMITH"},{"data":"True Grit","floor":27,"key":"SMITH"},{"data":"Shrug It Off","floor":32,"key":"SMITH"},{"data":"Impervious","floor":40,"key":"SMITH"},{"data":"Clothesline","floor":42,"key":"SMITH"},{"floor":49,"key":"RECALL"},{"data":"Iron Wave","floor":52,"key":"SMITH"}],"neow_cost":"NONE","seed_source_timestamp":2537656475185818,"circlet_count":0,"master_deck":["Strike_R","Defend_R","Defend_R","Defend_R","Bash+1","Clothesline+1","Evolve+1","Wild Strike","Iron Wave+1","Shrug It Off+1","Warcry","True Grit+1","Body Slam+1","Barricade+1","Feel No Pain+1","Seeing Red+1","True Grit+1","Armaments+1","Body Slam+1","Metallicize+1","Impervious+1","Metallicize+1","Double Tap+1","Uppercut+1","Warcry+1","Flame Barrier","Power Through"],"relics":["Burning Blood","Thread and Needle","Pen Nib","Potion Belt","Happy Flower","Orichalcum","Empty Cage","Champion Belt","Art of War","Frozen Egg 2","Pear","Velvet Choker","Bag of Preparation","Ice Cream","Matryoshka","Blood Vial","Kunai","Dodecahedron"],"potions_floor_usage":[8,20,20,24,24,54,55,55,55,55,55],"damage_taken":[{"damage":5,"enemies":"Cultist","floor":1,"turns":4},{"damage":0,"enemies":"Small Slimes","floor":2,"turns":3},{"damage":10,"enemies":"Jaw Worm","floor":4,"turns":4},{"damage":22,"enemies":"Gremlin Nob","floor":6,"turns":5},{"damage":11,"enemies":"Lagavulin","floor":8,"turns":6},{"damage":5,"enemies":"3 Sentries","floor":10,"turns":9},{"damage":0,"enemies":"Exordium Wildlife","floor":14,"turns":5},{"damage":0,"enemies":"Slime Boss","floor":16,"turns":8},{"damage":0,"enemies":"Chosen","floor":18,"turns":6},{"damage":0,"enemies":"Shell Parasite","floor":19,"turns":5},{"damage":9,"enemies":"3 Cultists","floor":20,"turns":8},{"damage":0,"enemies":"Book of Stabbing","floor":24,"turns":6},{"damage":0,"enemies":"Cultist and Chosen","floor":28,"turns":5},{"damage":9,"enemies":"Gremlin Leader","floor":29,"turns":6},{"damage":9,"enemies":"Colosseum Slavers","floor":30,"turns":7},{"damage":21,"enemies":"Collector","floor":33,"turns":10},{"damage":0,"enemies":"Orb Walker","floor":35,"turns":5},{"damage":7,"enemies":"3 Darklings","floor":37,"turns":7},{"damage":0,"enemies":"Mind Bloom Boss Battle","floor":39,"turns":7},{"damage":0,"enemies":"Nemesis","floor":41,"turns":5},{"damage":0,"enemies":"Giant Head","floor":44,"turns":8},{"damage":0,"enemies":"Maw","floor":46,"turns":6},{"damage":0,"enemies":"Transient","floor":47,"turns":5},{"damage":0,"enemies":"Sphere and 2 Shapes","floor":48,"turns":7},{"damage":0,"enemies":"Time Eater","floor":50,"turns":9},{"damage":1,"enemies":"Shield and Spear","floor":54,"turns":5},{"damage":0,"enemies":"The Heart","floor":55,"turns":11}],"seed_played":"-4380901213439352781","potions_obtained":[{"floor":1,"key":"LiquidBronze"},{"floor":2,"key":"Dexterity Potion"},{"floor":6,"key":"Explosive Potion"},{"floor":8,"key":"EssenceOfSteel"},{"floor":10,"key":"FearPotion"},{"floor":18,"key":"Swift Potion"},{"floor":20,"key":"Dexterity Potion"},{"floor":28,"key":"SpeedPotion"},{"floor":29,"key":"SpeedPotion"},{"floor":35,"key":"Energy Potion"},{"floor":54,"key":"SpeedPotion"}],"is_trial":false,"path_per_floor":["M","M","?","M","$","E","R","E","T","E","R","$","R","M","R","B",null,"M","M","M","?","$","R","E","R","T","R","M","E","?","?","R","B",null,"M","$","M","$","?","R","E","R","T","E","?","M","M","M","R","B",null,"R","$","E","B",null],"character_chosen":"IRONCLAD","items_purchased":["Thread and Needle","Iron Wave","True Grit","Armaments","PowerPotion","Bag of Preparation","Swift Potion"],"campfire_rested":0,"item_purchase_floors":[5,5,12,22,22,36,53],"current_hp_per_floor":[80,80,80,76,76,60,60,55,55,56,56,56,56,62,62,68,80,80,80,77,77,77,77,80,80,80,80,80,87,84,84,84,69,90,90,90,89,89,90,90,90,90,90,90,90,90,90,90,90,90,90,90,90,90,90],"gold":64,"neow_bonus":"THREE_CARDS","is_prod":false,"is_daily":false,"chose_seed":false,"campfire_upgraded":11,"win_rate":0,"timestamp":1543000097,"path_taken":["M","?","?","M","$","E","R","E","T","E","R","$","R","M","R","BOSS","M","?","M","?","?","R","E","R","T","R","M","E","?","?","R","BOSS","M","$","M","$","?","R","E","R","T","E","?","?","M","M","R","BOSS","R","$","E","BOSS"],"build_version":"2018-11-15","purchased_purges":3,"victory":true,"max_hp_per_floor":[80,80,80,80,80,80,80,80,80,80,80,80,80,80,80,80,80,80,80,80,80,80,80,80,80,80,80,80,90,90,90,90,90,90,90,90,90,90,90,90,90,90,90,90,90,90,90,90,90,90,90,90,90,90,90],"card_choices":[{"not_picked":["Thunderclap","Reckless Charge"],"picked":"Clothesline","floor":0},{"not_picked":["Reckless Charge","Cleave"],"picked":"Evolve","floor":1},{"not_picked":["Armaments","Thunderclap"],"picked":"Wild Strike","floor":2},{"not_picked":["Cleave","Warcry","Blood for Blood"],"picked":"SKIP","floor":4},{"not_picked":["Whirlwind","Dropkick"],"picked":"Shrug It Off","floor":6},{"not_picked":["Dark Embrace","Corruption","Entrench"],"picked":"SKIP","floor":8},{"not_picked":["Hemokinesis","Feel No Pain"],"picked":"Warcry","floor":10},{"not_picked":["Clothesline","Entrench"],"picked":"Body Slam","floor":14},{"not_picked":["Berserk","Feed"],"picked":"Barricade","floor":16},{"not_picked":["Flex+1","Carnage"],"picked":"Feel No Pain+1","floor":18},{"not_picked":["True Grit","Anger"],"picked":"Seeing Red+1","floor":19},{"not_picked":["Anger+1","Thunderclap"],"picked":"True Grit","floor":20},{"not_picked":["Shockwave","Clash"],"picked":"Body Slam+1","floor":24},{"not_picked":["Wild Strike+1","Perfected Strike"],"picked":"Metallicize+1","floor":28},{"not_picked":["Bludgeon","Carnage","Rampage+1"],"picked":"SKIP","floor":29},{"not_picked":["Immolate","Feed"],"picked":"Impervious","floor":33},{"not_picked":["Twin Strike","Disarm"],"picked":"Metallicize+1","floor":35},{"not_picked":["Havoc+1","Thunderclap+1","Wild Strike+1"],"picked":"SKIP","floor":37},{"not_picked":["Havoc","Pommel Strike"],"picked":"Double Tap","floor":41},{"not_picked":["Double Tap","Headbutt+1"],"picked":"Uppercut+1","floor":44},{"not_picked":["Clothesline+1","Anger"],"picked":"Warcry+1","floor":46},{"not_picked":["Rampage","Feel No Pain+1","Infernal Blade+1"],"picked":"SKIP","floor":47},{"not_picked":["Wild Strike+1","Iron Wave"],"picked":"Flame Barrier","floor":48},{"not_picked":["Feel No Pain+1","Clash+1"],"picked":"Power Through","floor":54}],"player_experience":3517649,"relics_obtained":[{"floor":6,"key":"Pen Nib"},{"floor":8,"key":"Potion Belt"},{"floor":9,"key":"Happy Flower"},{"floor":10,"key":"Orichalcum"},{"floor":24,"key":"Art of War"},{"floor":26,"key":"Frozen Egg 2"},{"floor":29,"key":"Pear"},{"floor":39,"key":"Ice Cream"},{"floor":41,"key":"Matryoshka"},{"floor":43,"key":"Blood Vial"},{"floor":44,"key":"Kunai"},{"floor":54,"key":"Dodecahedron"}],"event_choices":[{"damage_healed":0,"gold_gain":275,"player_choice":"Desecrate","damage_taken":0,"max_hp_gain":0,"max_hp_loss":0,"event_name":"Golden Shrine","floor":3,"gold_loss":0,"cards_obtained":["Regret"]},{"damage_healed":0,"gold_gain":0,"player_choice":"Obtained Relic","damage_taken":0,"relics_obtained":["Champion Belt"],"max_hp_gain":0,"max_hp_loss":0,"event_name":"Addict","floor":21,"gold_loss":85},{"damage_healed":0,"gold_gain":0,"player_choice":"Fight","damage_taken":0,"max_hp_gain":0,"max_hp_loss":0,"event_name":"Colosseum","floor":30,"gold_loss":0},{"damage_healed":0,"gold_gain":0,"player_choice":"Fled From Nobs","damage_taken":0,"max_hp_gain":0,"max_hp_loss":0,"event_name":"Colosseum","floor":30,"gold_loss":0},{"damage_healed":0,"gold_gain":0,"player_choice":"Ignored","damage_taken":0,"max_hp_gain":0,"max_hp_loss":0,"event_name":"Vampires","floor":31,"gold_loss":0},{"damage_healed":0,"gold_gain":0,"player_choice":"Fight","damage_taken":0,"max_hp_gain":0,"max_hp_loss":0,"event_name":"MindBloom","floor":39,"gold_loss":0},{"cards_removed":["Strike_R"],"damage_healed":0,"gold_gain":0,"player_choice":"Upgrade and Remove","damage_taken":0,"max_hp_gain":0,"max_hp_loss":0,"event_name":"Designer","floor":45,"gold_loss":90,"cards_upgraded":["Double Tap"]}],"is_beta":true,"boss_relics":[{"not_picked":["Black Star","Orrery"],"picked":"Empty Cage"},{"not_picked":["Eternal Feather","Black Blood"],"picked":"Velvet Choker"}],"items_purged_floors":[5,12,53],"is_endless":false,"potions_floor_spawned":[1,2,6,8,10,18,20,28,29,35,39,41,47,48,54],"ascension_level":1}