{"gold_per_floor":[114,114,133,143,44,76,76,105,129,129,158,174,174,190,190,269,269,282,282,282,282,13,38,38,38,87,87,101,21,21],"floor_reached":30,"playtime":1631,"items_purged":["Decay","Strike_R"],"score":732,"play_id":"24afd8b4-68eb-4b68-894c-0ccd8b871a12","local_time":"20190207105521","is_ascension_mode":true,"campfire_choices":[{"floor":7.0,"key":"REST"},{"floor":10.0,"key":"REST"},{"data":"Uppercut","floor":13,"key":"SMITH"},{"data":"Armaments","floor":15,"key":"SMITH"},{"floor":24,"key":"REST"},{"floor":27,"key":"REST"}],"neow_cost":"NONE","seed_source_timestamp":2424253678539489,"circlet_count":0,"master_deck":["AscendersBane","Strike_R","Strike_R","Defend_R","Defend_R","Defend_R+1","Defend_R+1","Bash","Madness","Iron Wave","Headbutt","Spot Weakness","Thunderclap","Perfected Strike","Uppercut+1","Reckless Charge","Combust","Armaments+1","Demon Form","Writhe","Shrug It Off","Disarm","Metallicize","Anger","True Grit","Impervious"],"special_seed":0,"relics":["Burning Blood","Bag of Preparation","Potion Belt","PreservedInsect","War Paint","Empty Cage","Pantograph","Red Skull","Art of War","Lantern"],"potions_floor_usage":[16,23,23,30],"damage_taken":[{"damage":3.0,"enemies":"2 Louse","floor":1.0,"turns":3.0},{"damage":8.0,"enemies":"Cultist","floor":3.0,"turns":3.0},{"damage":17.0,"enemies":"Small Slimes","floor":4.0,"turns":3.0},{"damage":30.0,"enemies":"Gremlin Nob","floor":6.0,"turns":4.0},{"damage":30.0,"enemies":"Lagavulin","floor":8.0,"turns":6.0},{"damage":10,"enemies":"3 Sentries","floor":11,"turns":5},{"damage":6,"enemies":"Exordium Wildlife","floor":12,"turns":4},{"damage":1,"enemies":"Blue Slaver","floor":14,"turns":3},{"damage":40,"enemies":"Hexaghost","floor":16,"turns":9},{"damage":24,"enemies":"3 Byrds","floor":18,"turns":7},{"damage":48,"enemies":"Book of Stabbing","floor":23,"turns":5},{"damage":25,"enemies":"2 Thieves","floor":25,"turns":4},{"damage":36,"enemies":"Snake Plant","floor":28,"turns":5},{"damage":19,"enemies":"Cultist and Chosen","floor":30,"turns":3}],"seed_played":"7314571505463284749","potions_obtained":[{"floor":1.0,"key":"PowerPotion"},{"floor":6.0,"key":"Fire Potion"},{"floor":11,"key":"Energy Potion"},{"floor":18,"key":"Regen Potion"},{"floor":28,"key":"Block Potion"}],"is_trial":false,"path_per_floor":["M","?","M","M","$","E","R","E","T","R","E","M","R","M","R","B",null,"M","?","?","T","$","E","R","M","T","R","M","$","M"],"character_chosen":"IRONCLAD","items_purchased":["Thunderclap","Shrug It Off","Disarm","PowerPotion","Impervious"],"campfire_rested":4,"item_purchase_floors":[5,22,22,22,29],"current_hp_per_floor":[71,71,69,58,58,34,56,32,32,54,50,50,50,55,55,21,62,44,44,44,44,44,16,38,19,19,41,11,11,0],"gold":21,"neow_bonus":"RANDOM_COLORLESS","is_prod":false,"is_daily":false,"chose_seed":false,"campfire_upgraded":2,"win_rate":0,"timestamp":1549554921,"path_taken":["M","?","M","M","$","E","R","E","T","R","E","?","R","M","R","BOSS","M","?","?","?","$","E","R","?","T","R","M","$","M"],"build_version":"2019-01-23","purchased_purges":2,"victory":false,"max_hp_per_floor":[75,75,75,75,75,75,75,75,75,75,75,75,75,75,75,75,75,75,75,75,75,75,75,75,75,75,75,75,75,75],"card_choices":[{"not_picked":["Heavy Blade","Evolve"],"picked":"Iron Wave","floor":1.0},{"not_picked":["Havoc","Flex"],"picked":"Headbutt","floor":3.0},{"not_picked":["Body Slam","Wild Strike"],"picked":"Spot Weakness","floor":4.0},{"not_picked":["Shrug It Off","Warcry"],"picked":"Perfected Strike","floor":6.0},{"not_picked":["Warcry","Fire Breathing"],"picked":"Uppercut","floor":8.0},{"not_picked":["Pummel","Sever Soul"],"picked":"Reckless Charge","floor":11},{"not_picked":["Reckless Charge","Body Slam"],"picked":"Combust","floor":12},{"not_picked":["Searing Blow","Limit Break"],"picked":"Armaments","floor":14},{"not_picked":["Barricade","Dark Embrace"],"picked":"Demon Form","floor":16},{"not_picked":["Cleave","Combust","Twin Strike"],"picked":"SKIP","floor":18},{"not_picked":["Flex","Pommel Strike"],"picked":"Metallicize","floor":23},{"not_picked":["Clothesline","Twin Strike"],"picked":"Anger","floor":25},{"not_picked":["Blood for Blood","Cleave"],"picked":"True Grit","floor":28}],"player_experience":886973,"relics_obtained":[{"floor":6.0,"key":"Bag of Preparation"},{"floor":8.0,"key":"Potion Belt"},{"floor":9.0,"key":"PreservedInsect"},{"floor":11,"key":"War Paint"},{"floor":21,"key":"Red Skull"},{"floor":23,"key":"Art of War"},{"floor":26,"key":"Lantern"}],"event_choices":[{"damage_healed":0.0,"max_hp_gain":0.0,"max_hp_loss":0.0,"gold_gain":0.0,"event_name":"Wheel of Change","player_choice":"Cursed","floor":2.0,"gold_loss":0.0,"damage_taken":0.0,"cards_obtained":["Decay"]},{"damage_healed":0,"gold_gain":0,"player_choice":"Opened","damage_taken":0,"relics_obtained":["Pantograph"],"max_hp_gain":0,"max_hp_loss":0,"event_name":"The Mausoleum","floor":19,"gold_loss":0,"cards_obtained":["Writhe"]},{"damage_healed":0,"gold_gain":0,"player_choice":"Ignored","damage_taken":0,"max_hp_gain":0,"max_hp_loss":0,"event_name":"Vampires","floor":20,"gold_loss":0}],"is_beta":false,"boss_relics":[{"not_picked":["Busted Crown","Calling Bell"],"picked":"Empty Cage"}],"items_purged_floors":[5,22],"is_endless":false,"potions_floor_spawned":[1,6,11,18,28],"killed_by":"Cultist and Chosen","ascension_level":20}