{"gold_per_floor":[12,27,47,67,83,115,115,115,115,4,4,34,89,104,104,209,209,229,229,242,277,277,309,309,334,357,357,376,376,407,9,9,113,113,128,140,160,170,184,215,235,235,235,235,235,261,238,238,238,238,238,238,31,59,59],"floor_reached":56,"playtime":4216,"items_purged":["Strike_G","Strike_G","Strike_G"],"score":1697,"play_id":"207003c8-5d92-4453-a0df-875287dcd4f3","local_time":"20181223094338","is_ascension_mode":true,"campfire_choices":[{"floor":8,"key":"REST"},{"data":"Catalyst","floor":11,"key":"SMITH"},{"data":"Leg Sweep","floor":15,"key":"SMITH"},{"floor":24,"key":"REST"},{"data":"Noxious Fumes","floor":27,"key":"SMITH"},{"data":"After Image","floor":29,"key":"SMITH"},{"data":"Outmaneuver","floor":32,"key":"SMITH"},{"data":"Sucker Punch","floor":42,"key":"SMITH"},{"floor":44,"key":"RECALL"},{"data":"Madness","floor":49,"key":"SMITH"},{"data":"Madness","floor":52,"key":"SMITH"}],"neow_cost":"NO_GOLD","seed_source_timestamp":595839718859944,"circlet_count":0,"master_deck":["Defend_G","Defend_G","Defend_G+1","Defend_G","Defend_G","Survivor+1","Neutralize+1","Corpse Explosion","Deadly Poison","Backstab","Catalyst+1","Backflip","Deadly Poison+1","Glass Knife","Leg Sweep+1","Outmaneuver+1","Deadly Poison","After Image+1","Catalyst+1","Dash","Deflect","Noxious Fumes+1","Escape Plan","Finesse","After Image","Distraction+1","Deflect+1","Sucker Punch+1","Cloak And Dagger+1","Cloak And Dagger+1","Venomology","Prepared","Madness+1","Madness+1","Dark Shackles","Envenom"],"relics":["Ring of the Snake","Gremlin Horn","Sundial","Singing Bowl","Kunai","Runic Pyramid","Red Mask","Unceasing Top","Matryoshka","War Paint","Regal Pillow","Lantern","ClockworkSouvenir","Empty Cage","Pen Nib","Ancient Tea Set","Bag of Preparation","Happy Flower"],"potions_floor_usage":[12,16,21,23,25,33,39,50,54,55],"damage_taken":[{"damage":1,"enemies":"Jaw Worm","floor":1,"turns":5},{"damage":0,"enemies":"2 Louse","floor":2,"turns":2},{"damage":1,"enemies":"Cultist","floor":3,"turns":3},{"damage":0,"enemies":"Exordium Wildlife","floor":4,"turns":4},{"damage":4,"enemies":"Looter","floor":5,"turns":3},{"damage":23,"enemies":"Lagavulin","floor":6,"turns":5},{"damage":0,"enemies":"3 Sentries","floor":12,"turns":3},{"damage":8,"enemies":"Lagavulin Event","floor":13,"turns":5},{"damage":0,"enemies":"2 Fungi Beasts","floor":14,"turns":1},{"damage":30,"enemies":"Slime Boss","floor":16,"turns":4},{"damage":5,"enemies":"Chosen","floor":18,"turns":4},{"damage":0,"enemies":"Shell Parasite","floor":20,"turns":3},{"damage":0,"enemies":"Masked Bandits","floor":21,"turns":2},{"damage":16,"enemies":"Gremlin Leader","floor":23,"turns":7},{"damage":6,"enemies":"Slavers","floor":25,"turns":4},{"damage":1,"enemies":"3 Cultists","floor":28,"turns":3},{"damage":0,"enemies":"Gremlin Leader","floor":30,"turns":3},{"damage":0,"enemies":"Automaton","floor":33,"turns":8},{"damage":0,"enemies":"3 Shapes","floor":35,"turns":4},{"damage":0,"enemies":"3 Darklings","floor":36,"turns":4},{"damage":0,"enemies":"Transient","floor":37,"turns":5},{"damage":0,"enemies":"Writhing Mass","floor":38,"turns":4},{"damage":0,"enemies":"Jaw Worm Horde","floor":39,"turns":4},{"damage":0,"enemies":"Giant Head","floor":40,"turns":6},{"damage":0,"enemies":"Transient","floor":41,"turns":5},{"damage":0,"enemies":"Reptomancer","floor":46,"turns":7},{"damage":0,"enemies":"Donu and Deca","floor":50,"turns":8},{"damage":0,"enemies":"Shield and Spear","floor":54,"turns":7},{"damage":0,"enemies":"The Heart","floor":55,"turns":8}],"seed_played":"1372609435045512464","potions_obtained":[{"floor":3,"key":"Fire Potion"},{"floor":6,"key":"EssenceOfSteel"},{"floor":12,"key":"LiquidBronze"},{"floor":13,"key":"Swift Potion"},{"floor":14,"key":"Ancient Potion"},{"floor":20,"key":"Block Potion"},{"floor":23,"key":"Energy Potion"},{"floor":25,"key":"PowerPotion"},{"floor":28,"key":"Dexterity Potion"},{"floor":33,"key":"SkillPotion"},{"floor":39,"key":"GhostInAJar"},{"floor":41,"key":"LiquidBronze"}],"is_trial":false,"path_per_floor":["M","M","M","M","M","E","?","R","T","$","R","E","?","M","R","B",null,"M","?","M","?","?","E","R","E","T","R","M","R","E","$","R","B",null,"M","M","M","M","M","E","M","R","T","R","?","E","$","?","R","B",null,"R","$","E","B",null],"character_chosen":"THE_SILENT","items_purchased":["Leg Sweep","ClockworkSouvenir","Finesse","Prepared","Dark Shackles"],"campfire_rested":2,"item_purchase_floors":[10,31,31,47,53],"current_hp_per_floor":[69,69,68,68,64,41,27,48,48,48,48,50,42,42,42,12,72,67,67,67,67,54,40,63,57,57,57,58,58,58,58,58,58,81,81,81,83,83,85,85,85,85,85,85,85,85,85,74,74,74,85,85,85,85,85],"gold":59,"neow_bonus":"THREE_RARE_CARDS","is_prod":false,"is_daily":false,"chose_seed":false,"campfire_upgraded":8,"win_rate":0,"timestamp":1545576218,"path_taken":["M","M","M","M","M","E","?","R","T","$","R","E","?","M","R","BOSS","M","?","M","?","?","E","R","E","T","R","M","R","E","$","R","BOSS","M","M","M","M","M","E","M","R","T","R","?","E","?","?","R","BOSS","R","$","E","BOSS"],"build_version":"2018-12-20","purchased_purges":3,"victory":true,"max_hp_per_floor":[70,70,70,70,70,70,70,70,70,70,70,72,72,72,72,72,72,72,72,72,72,77,79,79,79,79,79,81,81,81,81,81,81,81,81,81,83,83,85,85,85,85,85,85,85,85,85,85,85,85,85,85,85,85,85],"card_choices":[{"not_picked":["Bullet Time","Die Die Die"],"picked":"Corpse Explosion","floor":0},{"not_picked":["Dagger Spray","Bane"],"picked":"Deadly Poison","floor":1},{"not_picked":["Prepared","Dagger Throw"],"picked":"Backstab","floor":2},{"not_picked":["Crippling Poison","Slice"],"picked":"Catalyst","floor":3},{"not_picked":["Slice","Cloak And Dagger"],"picked":"Backflip","floor":4},{"not_picked":["Eviscerate","Escape Plan"],"picked":"Deadly Poison","floor":5},{"not_picked":["Heel Hook","Skewer"],"picked":"Glass Knife","floor":6},{"not_picked":["Blade Dance","Heel Hook","Underhanded Strike"],"picked":"Singing Bowl","floor":12},{"not_picked":["Eviscerate","Heel Hook"],"picked":"Outmaneuver","floor":13},{"not_picked":["Accuracy","Bane"],"picked":"Deadly Poison","floor":14},{"not_picked":["A Thousand Cuts","Doppelganger"],"picked":"After Image","floor":16},{"not_picked":["Cloak And Dagger","Outmaneuver"],"picked":"Catalyst+1","floor":18},{"not_picked":["Backflip","Flechettes"],"picked":"Dash","floor":20},{"not_picked":["Backflip","Choke"],"picked":"Deflect","floor":21},{"not_picked":["Envenom","Catalyst","Well Laid Plans"],"picked":"Singing Bowl","floor":23},{"not_picked":["Riddle With Holes","Night Terror"],"picked":"Noxious Fumes","floor":25},{"not_picked":["Quick Slash","Prepared","Poisoned Stab"],"picked":"Singing Bowl","floor":28},{"not_picked":["Deadly Poison+1","Dagger Spray"],"picked":"Escape Plan","floor":30},{"not_picked":["Night Terror","Venomology"],"picked":"After Image","floor":33},{"not_picked":["Blade Dance","Dagger Throw+1"],"picked":"Distraction+1","floor":35},{"not_picked":["Noxious Fumes","Expertise+1"],"picked":"Deflect+1","floor":36},{"not_picked":["Bane","Flying Knee","Backflip"],"picked":"Singing Bowl","floor":37},{"not_picked":["Quick Slash","Backflip"],"picked":"Sucker Punch","floor":38},{"not_picked":["Masterful Stab+1","Dagger Spray+1","Skewer"],"picked":"Singing Bowl","floor":39},{"not_picked":["Dash","Storm of Steel"],"picked":"Cloak And Dagger+1","floor":40},{"not_picked":["Skewer+1","Noxious Fumes"],"picked":"Cloak And Dagger+1","floor":41},{"not_picked":["Deadly Poison","Dodge and Roll+1"],"picked":"Venomology","floor":46},{"not_picked":["Predator","Backflip"],"picked":"Envenom","floor":54}],"player_experience":3883582,"relics_obtained":[{"floor":6,"key":"Gremlin Horn"},{"floor":9,"key":"Sundial"},{"floor":12,"key":"Singing Bowl"},{"floor":13,"key":"Kunai"},{"floor":21,"key":"Red Mask"},{"floor":23,"key":"Unceasing Top"},{"floor":25,"key":"Matryoshka"},{"floor":26,"key":"War Paint"},{"floor":26,"key":"Regal Pillow"},{"floor":30,"key":"Lantern"},{"floor":40,"key":"Pen Nib"},{"floor":43,"key":"Ancient Tea Set"},{"floor":46,"key":"Bag of Preparation"},{"floor":54,"key":"Happy Flower"}],"event_choices":[{"damage_healed":0,"gold_gain":0,"player_choice":"Entered Light","damage_taken":14,"max_hp_gain":0,"max_hp_loss":0,"event_name":"Shining Light","floor":7,"gold_loss":0,"cards_upgraded":["Neutralize","Survivor"]},{"damage_healed":0,"gold_gain":0,"player_choice":"Searched \u00271\u0027 times","damage_taken":0,"max_hp_gain":0,"max_hp_loss":0,"event_name":"Dead Adventurer","floor":13,"gold_loss":0},{"damage_healed":0,"gold_gain":0,"player_choice":"Ignored","damage_taken":0,"max_hp_gain":0,"max_hp_loss":0,"event_name":"Vampires","floor":19,"gold_loss":0},{"damage_healed":0,"gold_gain":0,"player_choice":"Fought Bandits","damage_taken":0,"max_hp_gain":0,"max_hp_loss":0,"event_name":"Masked Bandits","floor":21,"gold_loss":0},{"damage_healed":0,"gold_gain":0,"player_choice":"Shed Blood","damage_taken":18,"max_hp_gain":5,"max_hp_loss":0,"event_name":"Forgotten Altar","floor":22,"gold_loss":0},{"damage_healed":0,"gold_gain":0,"player_choice":"Ignored","damage_taken":0,"max_hp_gain":0,"max_hp_loss":0,"event_name":"SecretPortal","floor":45,"gold_loss":0},{"damage_healed":0,"gold_gain":0,"player_choice":"Embrace Madness","damage_taken":11,"max_hp_gain":0,"max_hp_loss":0,"event_name":"Winding Halls","floor":48,"gold_loss":0,"cards_obtained":["Madness","Madness"]}],"is_beta":true,"boss_relics":[{"not_picked":["White Beast Statue","Coffee Dripper"],"picked":"Runic Pyramid"},{"not_picked":["Tiny House","WristBlade"],"picked":"Empty Cage"}],"items_purged_floors":[10,31,53],"is_endless":false,"potions_floor_spawned":[3,6,12,13,14,20,23,25,28,33,35,39,41,46],"ascension_level":1}