{"gold_per_floor":[119,119,44,62,32,32,62,77,124,156,156,174,186,200,200,200],"floor_reached":16,"playtime":436,"items_purged":["Defend_R"],"score":158,"play_id":"99b90824-229e-4877-9df4-25a4d6a0e1a1","local_time":"20190209021415","is_ascension_mode":true,"campfire_choices":[{"data":"Rampage","floor":6,"key":"SMITH"},{"data":"Blood for Blood","floor":11,"key":"SMITH"},{"data":"Flame Barrier","floor":15,"key":"SMITH"}],"neow_cost":"NONE","seed_source_timestamp":23772123148574,"circlet_count":0,"master_deck":["Strike_R","Strike_R","Strike_R","Strike_R","Strike_R","Defend_R","Defend_R","Bash","Blood for Blood+1","Rampage+1","Warcry","Flame Barrier+1"],"relics":["Burning Blood","NeowsBlessing","Pen Nib","Potion Belt","Blood Vial"],"potions_floor_usage":[16,16,16],"damage_taken":[{"damage":0,"enemies":"2 Louse","floor":1,"turns":1},{"damage":0,"enemies":"Cultist","floor":4,"turns":1},{"damage":0,"enemies":"Lagavulin","floor":7,"turns":1},{"damage":15,"enemies":"Small Slimes","floor":8,"turns":3},{"damage":40,"enemies":"3 Sentries","floor":10,"turns":6},{"damage":6,"enemies":"Red Slaver","floor":12,"turns":3},{"damage":15,"enemies":"Lots of Slimes","floor":13,"turns":3},{"damage":9,"enemies":"Blue Slaver","floor":14,"turns":3},{"damage":47,"enemies":"The Guardian","floor":16,"turns":6}],"seed_played":"7087294242939129687","potions_obtained":[{"floor":1,"key":"Poison Potion"},{"floor":5,"key":"SneckoOil"},{"floor":5,"key":"SneckoOil"},{"floor":10,"key":"BloodPotion"}],"is_trial":false,"path_per_floor":["M","?","$","M","?","R","E","M","T","E","R","M","M","M","R","B"],"character_chosen":"IRONCLAD","items_purchased":[],"campfire_rested":0,"item_purchase_floors":[],"current_hp_per_floor":[80,80,80,80,80,80,80,71,71,37,37,39,32,31,31,0],"gold":200,"neow_bonus":"THREE_ENEMY_KILL","is_prod":false,"is_daily":false,"chose_seed":false,"campfire_upgraded":3,"win_rate":0,"timestamp":1549707255,"path_taken":["M","?","$","?","?","R","E","M","T","E","R","M","?","?","R","BOSS"],"build_version":"2019-01-23","purchased_purges":1,"victory":false,"max_hp_per_floor":[80,80,80,80,80,80,80,80,80,80,80,80,80,80,80,80],"card_choices":[{"not_picked":["Fire Breathing","Uppercut"],"picked":"Blood for Blood","floor":1},{"not_picked":["Body Slam","True Grit","Clothesline"],"picked":"SKIP","floor":4},{"not_picked":["Juggernaut","Entrench","Wild Strike"],"picked":"SKIP","floor":7},{"not_picked":["Anger","Wild Strike"],"picked":"Warcry","floor":8},{"not_picked":["Shockwave","Perfected Strike"],"picked":"Flame Barrier","floor":10},{"not_picked":["Feel No Pain","Brutality","Warcry"],"picked":"SKIP","floor":12},{"not_picked":["Cleave","Seeing Red","Havoc"],"picked":"SKIP","floor":13},{"not_picked":["Carnage","Heavy Blade","Twin Strike"],"picked":"SKIP","floor":14}],"player_experience":145118,"relics_obtained":[{"floor":7,"key":"Pen Nib"},{"floor":9,"key":"Potion Belt"},{"floor":10,"key":"Blood Vial"}],"event_choices":[{"damage_healed":0,"gold_gain":0,"cards_transformed":["Defend_R"],"player_choice":"Transformed","damage_taken":0,"max_hp_gain":0,"max_hp_loss":0,"event_name":"Transmorgrifier","floor":2,"gold_loss":0,"cards_obtained":["Rampage"]},{"damage_healed":0,"gold_gain":0,"player_choice":"Bought 2 Potions","damage_taken":0,"max_hp_gain":0,"max_hp_loss":0,"event_name":"The Woman in Blue","floor":5,"gold_loss":0}],"is_beta":false,"boss_relics":[],"items_purged_floors":[3],"is_endless":false,"potions_floor_spawned":[1,10],"killed_by":"The Guardian","ascension_level":3}