{"gold_per_floor":[112,129,279,279,293,293,218,237,237,237,254,284,284,297,297,373,373,385,385,397,412,412],"floor_reached":22,"playtime":702,"items_purged":[],"score":376,"play_id":"cbbbb60f-346d-4cce-b69c-056d74047931","local_time":"20190219120124","is_ascension_mode":true,"campfire_choices":[{"data":"Noxious Fumes","floor":6.0,"key":"SMITH"},{"data":"Neutralize","floor":10.0,"key":"SMITH"},{"data":"Neutralize","floor":15.0,"key":"SMITH"}],"neow_cost":"NONE","seed_source_timestamp":483016667568048,"circlet_count":0,"master_deck":["AscendersBane","Defend_G","Defend_G","Defend_G","Defend_G","Defend_G","Strike_G","Strike_G","Strike_G","Strike_G","Survivor","Neutralize+1","Noxious Fumes+1","Dagger Throw","Corpse Explosion","Neutralize+1","Dodge and Roll","Bane","Flying Knee","Footwork","Burst","Deadly Poison","Dash","PiercingWail"],"special_seed":0,"relics":["Ring of the Snake","Prayer Wheel","Dead Branch","Busted Crown"],"potions_floor_usage":[],"damage_taken":[{"damage":1.0,"enemies":"Cultist","floor":1.0,"turns":5.0},{"damage":0.0,"enemies":"Jaw Worm","floor":2.0,"turns":5.0},{"damage":0.0,"enemies":"2 Louse","floor":5.0,"turns":1.0},{"damage":0.0,"enemies":"Looter","floor":8.0,"turns":4.0},{"damage":6.0,"enemies":"3 Louse","floor":11.0,"turns":3.0},{"damage":19.0,"enemies":"3 Sentries","floor":12.0,"turns":4.0},{"damage":2.0,"enemies":"Red Slaver","floor":14.0,"turns":4.0},{"damage":9.0,"enemies":"Slime Boss","floor":16.0,"turns":7.0},{"damage":28.0,"enemies":"Chosen","floor":18.0,"turns":6.0},{"damage":0.0,"enemies":"3 Byrds","floor":20.0,"turns":2.0},{"damage":9.0,"enemies":"Snake Plant","floor":21.0,"turns":5.0},{"damage":26,"enemies":"Shelled Parasite and Fungi","floor":22,"turns":6}],"seed_played":"2557159953008394116","potions_obtained":[{"floor":1.0,"key":"Strength Potion"},{"floor":2.0,"key":"SteroidPotion"},{"floor":14.0,"key":"SteroidPotion"}],"is_trial":false,"path_per_floor":["M","M","?","?","M","R","?","M","T","R","M","E","?","M","R","B",null,"M","?","M","M","M"],"character_chosen":"THE_SILENT","items_purchased":[],"campfire_rested":0,"item_purchase_floors":[],"current_hp_per_floor":[64,64,64,64,64,64,64,64,64,64,58,39,39,37,37,28,61,33,33,33,24,0],"gold":412,"neow_bonus":"TEN_PERCENT_HP_BONUS","is_prod":false,"is_daily":false,"chose_seed":false,"campfire_upgraded":3,"win_rate":0,"timestamp":1550545284,"path_taken":["M","M","?","?","?","R","?","M","T","R","M","E","?","M","R","BOSS","M","?","M","?","M"],"build_version":"2019-01-23","purchased_purges":0,"victory":false,"max_hp_per_floor":[72,72,72,72,72,72,72,72,72,72,72,72,72,72,72,72,72,72,72,72,72,72],"card_choices":[{"not_picked":["Acrobatics","Poisoned Stab"],"picked":"Noxious Fumes","floor":1.0},{"not_picked":["Terror","Distraction"],"picked":"Dagger Throw","floor":2.0},{"not_picked":["Underhanded Strike","Backflip"],"picked":"Dodge and Roll","floor":5.0},{"not_picked":["Dagger Spray","Slice"],"picked":"Bane","floor":8.0},{"not_picked":["Slice","Doppelganger"],"picked":"Flying Knee","floor":11.0},{"not_picked":["Blade Dance","Infinite Blades","Quick Slash"],"picked":"SKIP","floor":11.0},{"not_picked":["Quick Slash","Reflex","Dodge and Roll"],"picked":"SKIP","floor":12.0},{"not_picked":["Bane","Endless Agony"],"picked":"Footwork","floor":14.0},{"not_picked":["Underhanded Strike","Masterful Stab","Poisoned Stab"],"picked":"SKIP","floor":14.0},{"not_picked":["Bullet Time","Venomology"],"picked":"Burst","floor":16.0},{"not_picked":[],"picked":"Deadly Poison","floor":18.0},{"not_picked":[],"picked":"Dash","floor":18.0},{"not_picked":["Slice+1"],"picked":"SKIP","floor":20.0},{"not_picked":["Backflip"],"picked":"SKIP","floor":20.0},{"not_picked":[],"picked":"PiercingWail","floor":21.0},{"not_picked":["Blade Dance"],"picked":"SKIP","floor":21.0}],"player_experience":1135630,"relics_obtained":[{"floor":9.0,"key":"Prayer Wheel"},{"floor":12.0,"key":"Dead Branch"}],"event_choices":[{"damage_healed":0.0,"max_hp_gain":0.0,"max_hp_loss":0.0,"gold_gain":150.0,"event_name":"Liars Game","player_choice":"AGREE","floor":3.0,"gold_loss":0.0,"damage_taken":0.0,"cards_obtained":["Doubt"]},{"damage_healed":0.0,"max_hp_gain":0.0,"max_hp_loss":0.0,"gold_gain":0.0,"event_name":"Match and Keep!","player_choice":"2 cards matched","floor":4.0,"gold_loss":0.0,"damage_taken":0.0,"cards_obtained":["Corpse Explosion","Neutralize"]},{"cards_removed":["Strike_G"],"damage_healed":0.0,"max_hp_gain":0.0,"max_hp_loss":0.0,"gold_gain":0.0,"event_name":"The Cleric","player_choice":"Card Removal","floor":7.0,"gold_loss":75.0,"damage_taken":0.0},{"cards_removed":["Doubt"],"damage_healed":0.0,"max_hp_gain":0.0,"max_hp_loss":0.0,"gold_gain":0.0,"event_name":"Living Wall","player_choice":"Forget","floor":13.0,"gold_loss":0.0,"damage_taken":0.0},{"damage_healed":0.0,"max_hp_gain":0.0,"max_hp_loss":0.0,"gold_gain":0.0,"event_name":"Match and Keep!","player_choice":"0 cards matched","floor":19.0,"gold_loss":0.0,"damage_taken":0.0,"cards_obtained":[]}],"is_beta":false,"boss_relics":[{"not_picked":["Tiny House","Eternal Feather"],"picked":"Busted Crown"}],"items_purged_floors":[],"is_endless":false,"potions_floor_spawned":[1,2,8,14],"killed_by":"Shelled Parasite and Fungi","ascension_level":20}