{"gold_per_floor":[128,157,184,36,36,68,68,132,214,214,242,242,242,269,269,343,343,359,406,426,426,24,24,58,58,58,86,96,96,108,141,141,213,213,225,239,239,239,27,27,56,68,119,130,153,172,172,186,186,186,186],"floor_reached":52,"playtime":2908,"items_purged":["Strike_B","Strike_B"],"score":2057,"play_id":"e5a49d73-eeb0-4dff-8db2-34df4ef34f7f","local_time":"20190202184601","is_ascension_mode":true,"campfire_choices":[{"data":"Zap","floor":7.0,"key":"SMITH"},{"data":"Loop","floor":10.0,"key":"SMITH"},{"floor":13.0,"key":"REST"},{"floor":15.0,"key":"REST"},{"data":"Apotheosis","floor":23.0,"key":"SMITH"},{"floor":25.0,"key":"REST"},{"floor":29.0,"key":"REST"},{"floor":32.0,"key":"REST"},{"data":"Fission","floor":40.0,"key":"SMITH"},{"floor":47.0,"key":"REST"},{"floor":49,"key":"REST"}],"neow_cost":"NONE","seed_source_timestamp":0,"circlet_count":0,"master_deck":["AscendersBane","Defend_B","Defend_B","Defend_B","Defend_B","Zap+1","Dualcast","FTL","Ball Lightning","Compile Driver","Cold Snap","Loop+1","Loop","Defragment","Echo Form","Chill","Double Energy","FTL","Apotheosis+1","Capacitor","Capacitor","Fission+1","Coolheaded","Dark Shackles","Dark Shackles","Cold Snap","Barrage","FTL+1","Barrage"],"special_seed":0,"relics":["Cracked Core","MawBank","DataDisk","Dead Branch","Tiny Chest","Mercury Hourglass","The Courier","Vajra","Nuclear Battery","Blood Vial","Sling","StoneCalendar","Symbiotic Virus","Lantern","Matryoshka","Black Star","Strawberry","Omamori","Art of War","Potion Belt","Pen Nib","Bag of Preparation","Regal Pillow"],"potions_floor_usage":[51],"damage_taken":[{"damage":0.0,"enemies":"Cultist","floor":1.0,"turns":3.0},{"damage":3.0,"enemies":"2 Louse","floor":2.0,"turns":2.0},{"damage":5.0,"enemies":"Small Slimes","floor":3.0,"turns":3.0},{"damage":11.0,"enemies":"Gremlin Nob","floor":6.0,"turns":3.0},{"damage":14.0,"enemies":"Lagavulin","floor":8.0,"turns":5.0},{"damage":7.0,"enemies":"3 Sentries","floor":11.0,"turns":4.0},{"damage":24.0,"enemies":"Lagavulin","floor":14.0,"turns":4.0},{"damage":33.0,"enemies":"The Guardian","floor":16.0,"turns":7.0},{"damage":3.0,"enemies":"3 Byrds","floor":18.0,"turns":3.0},{"damage":0.0,"enemies":"Chosen","floor":20.0,"turns":3.0},{"damage":24.0,"enemies":"Slavers","floor":24.0,"turns":5.0},{"damage":18.0,"enemies":"Book of Stabbing","floor":27.0,"turns":3.0},{"damage":0.0,"enemies":"Snecko","floor":28.0,"turns":2.0},{"damage":0.0,"enemies":"Centurion and Healer","floor":30.0,"turns":4.0},{"damage":23.0,"enemies":"Gremlin Leader","floor":31.0,"turns":5.0},{"damage":0.0,"enemies":"Automaton","floor":33.0,"turns":6.0},{"damage":7.0,"enemies":"3 Shapes","floor":35.0,"turns":4.0},{"damage":4.0,"enemies":"3 Darklings","floor":36.0,"turns":5.0},{"damage":8.0,"enemies":"Giant Head","floor":41.0,"turns":5.0},{"damage":21.0,"enemies":"Transient","floor":42.0,"turns":6.0},{"damage":0.0,"enemies":"Sphere and 2 Shapes","floor":44.0,"turns":4.0},{"damage":0.0,"enemies":"4 Shapes","floor":46.0,"turns":3.0},{"damage":19,"enemies":"Spire Growth","floor":48,"turns":4},{"damage":23,"enemies":"Donu and Deca","floor":50,"turns":8},{"damage":45,"enemies":"Awakened One","floor":51,"turns":15}],"seed_played":"-3261140609530763623","potions_obtained":[{"floor":1.0,"key":"Fire Potion"},{"floor":3.0,"key":"FairyPotion"},{"floor":8.0,"key":"Regen Potion"},{"floor":11.0,"key":"FocusPotion"},{"floor":16.0,"key":"FocusPotion"},{"floor":24.0,"key":"Ancient Potion"},{"floor":30.0,"key":"Block Potion"},{"floor":36.0,"key":"Fire Potion"},{"floor":42.0,"key":"Dexterity Potion"}],"is_trial":false,"path_per_floor":["M","M","M","$","?","E","R","E","T","R","E","?","R","E","R","B",null,"M","T","M","?","$","R","E","R","T","E","M","R","M","E","R","B",null,"M","M","?","?","$","R","E","M","T","M","T","M","R","M","R","B","B",null],"character_chosen":"DEFECT","items_purchased":["DataDisk","Sling","Apotheosis","Strawberry"],"campfire_rested":7,"item_purchase_floors":[4,22,22,39],"current_hp_per_floor":[64,61,56,56,56,45,45,31,31,31,36,26,47,23,44,11,56,53,53,55,55,55,55,33,54,54,38,40,61,63,42,63,65,70,64,62,52,52,59,59,53,34,34,36,36,38,76,59,78,55,12],"gold":186,"neow_bonus":"RANDOM_COMMON_RELIC","is_prod":false,"is_daily":false,"chose_seed":false,"campfire_upgraded":4,"win_rate":0,"timestamp":1549151161,"path_taken":["M","M","?","$","?","E","R","E","T","R","E","?","R","E","R","BOSS","M","?","?","?","$","R","E","R","T","E","M","R","M","E","R","BOSS","M","M","?","?","$","R","E","M","T","M","?","M","R","M","R","BOSS","BOSS"],"build_version":"2019-01-23","purchased_purges":2,"victory":true,"max_hp_per_floor":[71,71,71,71,71,71,71,71,71,71,71,71,71,71,71,71,71,71,71,71,71,71,71,71,71,71,71,71,71,71,71,71,71,71,71,71,71,71,78,78,78,78,78,78,78,78,78,78,78,78,78],"card_choices":[{"not_picked":["Fusion","Sweeping Beam"],"picked":"FTL","floor":1.0},{"not_picked":["Rebound","Rip and Tear"],"picked":"Ball Lightning","floor":2.0},{"not_picked":["Leap","Thunder Strike"],"picked":"Compile Driver","floor":3.0},{"not_picked":["Leap","Stack"],"picked":"Cold Snap","floor":6.0},{"not_picked":["Static Discharge","Rebound"],"picked":"Loop","floor":8.0},{"not_picked":["Redo","Sunder"],"picked":"Loop","floor":11.0},{"not_picked":["FTL","Go for the Eyes"],"picked":"Defragment","floor":14.0},{"not_picked":["Thunder Strike","Multi-Cast"],"picked":"Echo Form","floor":16.0},{"not_picked":["Ball Lightning","Turbo"],"picked":"Chill","floor":18.0},{"not_picked":["Rebound","Chaos","Beam Cell"],"picked":"SKIP","floor":20.0},{"not_picked":["Cold Snap","Gash"],"picked":"Capacitor","floor":24.0},{"not_picked":["Stack","Rebound","Leap"],"picked":"SKIP","floor":27.0},{"not_picked":["Doom and Gloom","Cold Snap"],"picked":"Capacitor","floor":28.0},{"not_picked":["Gash","Darkness","Steam Power+1"],"picked":"SKIP","floor":30.0},{"not_picked":["Beam Cell","Chaos","Reboot"],"picked":"SKIP","floor":31.0},{"not_picked":["Reboot","Core Surge"],"picked":"Fission","floor":33.0},{"not_picked":["Stack","Leap"],"picked":"Coolheaded","floor":35.0},{"not_picked":["Go for the Eyes","Stack","Steam+1"],"picked":"SKIP","floor":36.0},{"not_picked":["Swift Strike","Enlightenment"],"picked":"Dark Shackles","floor":37.0},{"not_picked":["Transmutation","PanicButton"],"picked":"Dark Shackles","floor":37.0},{"not_picked":["Secret Weapon","Panacea"],"picked":"Dark Shackles","floor":37.0},{"not_picked":["Steam Power","Doom and Gloom","Blizzard"],"picked":"SKIP","floor":41.0},{"not_picked":["Double Energy","Go for the Eyes"],"picked":"Cold Snap","floor":42.0},{"not_picked":["Skim+1","Go for the Eyes"],"picked":"Barrage","floor":44.0},{"not_picked":["Rebound","Stack+1"],"picked":"FTL+1","floor":46.0},{"not_picked":["Turbo","Chill"],"picked":"Barrage","floor":48}],"player_experience":862458,"relics_obtained":[{"floor":6.0,"key":"Dead Branch"},{"floor":8.0,"key":"Tiny Chest"},{"floor":9.0,"key":"Mercury Hourglass"},{"floor":11.0,"key":"The Courier"},{"floor":14.0,"key":"Vajra"},{"floor":19.0,"key":"Blood Vial"},{"floor":24.0,"key":"StoneCalendar"},{"floor":26.0,"key":"Symbiotic Virus"},{"floor":27.0,"key":"Lantern"},{"floor":31.0,"key":"Matryoshka"},{"floor":41.0,"key":"Omamori"},{"floor":41.0,"key":"Art of War"},{"floor":43.0,"key":"Potion Belt"},{"floor":43.0,"key":"Pen Nib"},{"floor":45.0,"key":"Bag of Preparation"},{"floor":45.0,"key":"Regal Pillow"}],"event_choices":[{"damage_healed":0.0,"max_hp_gain":0.0,"max_hp_loss":0.0,"gold_gain":0.0,"event_name":"Golden Idol","player_choice":"Ignored","floor":5.0,"gold_loss":0.0,"damage_taken":0.0},{"damage_healed":0.0,"max_hp_gain":0.0,"max_hp_loss":0.0,"gold_gain":0.0,"event_name":"Wheel of Change","player_choice":"Damaged","floor":12.0,"gold_loss":0.0,"damage_taken":10.0},{"damage_healed":0.0,"max_hp_gain":0.0,"max_hp_loss":0.0,"gold_gain":0.0,"cards_transformed":["Strike_B","Strike_B"],"event_name":"Drug Dealer","player_choice":"Became Test Subject","floor":21.0,"gold_loss":0.0,"damage_taken":0.0,"cards_obtained":["Double Energy","FTL"]},{"damage_healed":0.0,"max_hp_gain":0.0,"max_hp_loss":0.0,"gold_gain":0.0,"event_name":"SensoryStone","player_choice":"Memory 3","floor":37.0,"gold_loss":0.0,"damage_taken":10.0},{"cards_removed":["Dark Shackles"],"damage_healed":0.0,"max_hp_gain":0.0,"max_hp_loss":0.0,"gold_gain":0.0,"event_name":"Falling","player_choice":"Removed Skill","floor":38.0,"gold_loss":0.0,"damage_taken":0.0}],"is_beta":false,"boss_relics":[{"not_picked":["Inserter","Orrery"],"picked":"Nuclear Battery"},{"not_picked":["Runic Dome","Pandora\u0027s Box"],"picked":"Black Star"}],"items_purged_floors":[22,39],"is_endless":false,"potions_floor_spawned":[1,3,8,11,16,20,24,30,36,42],"ascension_level":20}