{"gold_per_floor":[112,62,62,74,88,88,151,183,210,220,255,269,269,296,296,396,396,407,407,407,425,1,27,27,54,133,149,72,91,121,134,134,238,238,251,251],"floor_reached":36,"playtime":2870,"items_purged":["Strike_G+1"],"score":496,"play_id":"82521541-6a31-472d-9869-4e75d9d00296","local_time":"20190215112445","is_ascension_mode":true,"campfire_choices":[{"data":"Dagger Spray","floor":6,"key":"SMITH"},{"floor":15,"key":"REST"},{"floor":32,"key":"REST"}],"neow_cost":"NONE","seed_source_timestamp":3263043614651,"circlet_count":0,"master_deck":["Defend_G+1","Defend_G+1","Defend_G+1","Defend_G+1","Defend_G+1","Strike_G+1","Survivor","Neutralize","Dagger Spray+1","Footwork","Dagger Throw","Footwork","Cloak And Dagger","Deadly Poison","Leg Sweep","Burst","PiercingWail","Deadly Poison+1","Well Laid Plans","Crippling Poison","Noxious Fumes","Bullet Time"],"relics":["Ring of the Snake","PreservedInsect","Orichalcum","Boot","Vajra","Dodecahedron","Pen Nib","WingedGreaves","WristBlade","Gambling Chip","Bag of Marbles","Strawberry","Pantograph","Bottled Tornado","Empty Cage"],"potions_floor_usage":[7,8,16,16,30,31,33],"damage_taken":[{"damage":1,"enemies":"Small Slimes","floor":1,"turns":5},{"damage":0,"enemies":"2 Louse","floor":4,"turns":2},{"damage":1,"enemies":"Jaw Worm","floor":5,"turns":5},{"damage":24,"enemies":"Lagavulin Event","floor":7,"turns":5},{"damage":0,"enemies":"Gremlin Nob","floor":8,"turns":3},{"damage":3,"enemies":"Gremlin Gang","floor":10,"turns":3},{"damage":0,"enemies":"Lagavulin","floor":11,"turns":9},{"damage":0,"enemies":"3 Louse","floor":12,"turns":1},{"damage":4,"enemies":"3 Sentries","floor":14,"turns":6},{"damage":19,"enemies":"Slime Boss","floor":16,"turns":16},{"damage":13,"enemies":"Spheric Guardian","floor":18,"turns":7},{"damage":3,"enemies":"3 Byrds","floor":21,"turns":6},{"damage":17,"enemies":"Book of Stabbing","floor":23,"turns":7},{"damage":0,"enemies":"Centurion and Healer","floor":27,"turns":8},{"damage":0,"enemies":"Snecko","floor":29,"turns":6},{"damage":22,"enemies":"Slavers","floor":30,"turns":9},{"damage":16,"enemies":"Sentry and Sphere","floor":31,"turns":6},{"damage":36,"enemies":"Collector","floor":33,"turns":15},{"damage":2,"enemies":"Orb Walker","floor":35,"turns":5},{"damage":45,"enemies":"2 Orb Walkers","floor":36,"turns":4}],"seed_played":"3512256727127743072","potions_obtained":[{"floor":1,"key":"Swift Potion"},{"floor":4,"key":"FearPotion"},{"floor":5,"key":"Dexterity Potion"},{"floor":7,"key":"SteroidPotion"},{"floor":12,"key":"Swift Potion"},{"floor":16,"key":"SkillPotion"},{"floor":21,"key":"GamblersBrew"},{"floor":29,"key":"SkillPotion"}],"is_trial":false,"path_per_floor":["M","?","?","M","M","R","?","E","T","M","E","M","T","E","R","B",null,"M","?","?","M","$","E","?","T","T","M","$","M","E","M","R","B",null,"M","?"],"character_chosen":"THE_SILENT","items_purchased":["Well Laid Plans","Gambling Chip","Noxious Fumes"],"campfire_rested":2,"item_purchase_floors":[22,22,28],"current_hp_per_floor":[69,69,57,57,56,56,32,32,32,29,29,29,29,25,46,27,70,57,57,57,54,54,37,37,44,44,44,44,44,22,6,29,18,77,75,30],"gold":251,"neow_bonus":"THREE_CARDS","is_prod":false,"is_daily":false,"chose_seed":false,"campfire_upgraded":1,"win_rate":0,"timestamp":1550226285,"path_taken":["M","?","?","M","M","R","?","E","T","M","E","M","?","E","R","BOSS","M","?","?","M","$","E","?","?","T","?","$","?","E","M","R","BOSS","M","?"],"build_version":"2019-01-23","purchased_purges":1,"victory":false,"max_hp_per_floor":[70,70,70,70,70,70,70,70,70,70,70,70,70,70,70,70,70,70,70,70,70,70,70,70,77,77,77,77,77,77,77,77,77,77,77,77],"card_choices":[{"not_picked":["Deadly Poison","All Out Attack"],"picked":"Dagger Spray","floor":0},{"not_picked":["Bouncing Flask","Calculated Gamble"],"picked":"Footwork","floor":1},{"not_picked":["Acrobatics","Setup"],"picked":"Dagger Throw","floor":4},{"not_picked":["Underhanded Strike","Predator","Backflip"],"picked":"SKIP","floor":5},{"not_picked":["Outmaneuver","Setup","Dagger Spray"],"picked":"SKIP","floor":8},{"not_picked":["Blade Dance","Quick Slash"],"picked":"Footwork","floor":10},{"not_picked":["Slice","Dodge and Roll"],"picked":"Cloak And Dagger","floor":11},{"not_picked":["Finisher","Distraction"],"picked":"Deadly Poison","floor":12},{"not_picked":["Acrobatics","Poisoned Stab"],"picked":"Leg Sweep","floor":14},{"not_picked":["Night Terror","Storm of Steel"],"picked":"Burst","floor":16},{"not_picked":["Dagger Throw+1","Cloak And Dagger","Choke"],"picked":"SKIP","floor":18},{"not_picked":["Expertise","Terror+1"],"picked":"Deadly Poison+1","floor":21},{"not_picked":["Eviscerate+1","Heel Hook"],"picked":"Crippling Poison","floor":23},{"not_picked":["Blade Dance","Cloak And Dagger","Outmaneuver"],"picked":"SKIP","floor":27},{"not_picked":["Underhanded Strike","Deadly Poison","Prepared"],"picked":"SKIP","floor":29},{"not_picked":["Finisher","Deadly Poison","Poisoned Stab"],"picked":"SKIP","floor":30},{"not_picked":["Quick Slash","Flying Knee","Blade Dance"],"picked":"SKIP","floor":31},{"not_picked":["Corpse Explosion","Phantasmal Killer"],"picked":"Bullet Time","floor":33},{"not_picked":["Deadly Poison+1","Deflect+1","Masterful Stab"],"picked":"SKIP","floor":35}],"player_experience":169708,"relics_obtained":[{"floor":8,"key":"Boot"},{"floor":9,"key":"Vajra"},{"floor":11,"key":"Dodecahedron"},{"floor":13,"key":"Pen Nib"},{"floor":14,"key":"WingedGreaves"},{"floor":23,"key":"Bag of Marbles"},{"floor":25,"key":"Strawberry"},{"floor":26,"key":"Pantograph"},{"floor":30,"key":"Bottled Tornado"}],"event_choices":[{"cards_removed":["Strike_G"],"damage_healed":0,"gold_gain":0,"player_choice":"Card Removal","damage_taken":0,"max_hp_gain":0,"max_hp_loss":0,"event_name":"The Cleric","floor":2,"gold_loss":50},{"damage_healed":0,"gold_gain":0,"player_choice":"Success","damage_taken":12,"relics_obtained":["PreservedInsect"],"max_hp_gain":0,"max_hp_loss":0,"event_name":"Scrap Ooze","floor":3,"gold_loss":0},{"damage_healed":0,"gold_gain":0,"player_choice":"Searched \u00273\u0027 times","damage_taken":0,"relics_obtained":["Orichalcum"],"max_hp_gain":0,"max_hp_loss":0,"event_name":"Dead Adventurer","floor":7,"gold_loss":0},{"damage_healed":0,"gold_gain":0,"player_choice":"Read","damage_taken":0,"max_hp_gain":0,"max_hp_loss":0,"event_name":"The Library","floor":19,"gold_loss":0,"cards_obtained":["PiercingWail"]},{"damage_healed":0,"gold_gain":0,"player_choice":"Simplicity","damage_taken":0,"max_hp_gain":0,"max_hp_loss":0,"event_name":"Back to Basics","floor":20,"gold_loss":0,"cards_upgraded":["Defend_G","Defend_G","Defend_G","Defend_G","Defend_G","Strike_G","Strike_G","Strike_G","Strike_G"]},{"damage_healed":0,"gold_gain":0,"player_choice":"Ignored","damage_taken":0,"max_hp_gain":0,"max_hp_loss":0,"event_name":"Vampires","floor":24,"gold_loss":0},{"damage_healed":0,"gold_gain":0,"player_choice":"Fight","damage_taken":0,"max_hp_gain":0,"max_hp_loss":0,"event_name":"Mysterious Sphere","floor":36,"gold_loss":0}],"is_beta":false,"boss_relics":[{"not_picked":["Snecko Eye","Pandora\u0027s Box"],"picked":"WristBlade"},{"not_picked":["Black Star","Tiny House"],"picked":"Empty Cage"}],"items_purged_floors":[22],"is_endless":false,"potions_floor_spawned":[1,4,5,7,12,16,21,29],"killed_by":"2 Orb Walkers","ascension_level":1}