{"gold_per_floor":[112,112,112,112,125,158,158,183,251,285,285,304,330,342,342,438,438,452,486,498,498,39,39],"floor_reached":23,"playtime":1626,"items_purged":["Strike_R"],"score":290,"play_id":"d87ec29a-7ed1-4b1d-b574-4d1a677dce1a","local_time":"20190221233510","is_ascension_mode":true,"campfire_choices":[{"data":"Rage","floor":7,"key":"SMITH"},{"floor":15,"key":"REST"}],"neow_cost":"NONE","seed_source_timestamp":583410913562745,"circlet_count":0,"master_deck":["Strike_R","Strike_R","Strike_R+1","Defend_R","Defend_R","Defend_R","Defend_R","Bash+1","Headbutt","Rage+1","Intimidate","Armaments","Evolve","Disarm","Reaper","True Grit+1"],"relics":["Black Blood","NeowsBlessing","Blood Vial","Pantograph","Paper Frog","Nunchaku","Bottled Flame","Singing Bowl","Red Mask","Prayer Wheel"],"potions_floor_usage":[19,19,20,23,23],"damage_taken":[{"damage":0,"enemies":"2 Louse","floor":1,"turns":1},{"damage":0,"enemies":"Small Slimes","floor":5,"turns":1},{"damage":0,"enemies":"3 Sentries","floor":6,"turns":2},{"damage":32,"enemies":"Gremlin Nob","floor":8,"turns":4},{"damage":20,"enemies":"3 Sentries","floor":10,"turns":6},{"damage":9,"enemies":"Jaw Worm","floor":12,"turns":4},{"damage":16,"enemies":"Gremlin Nob","floor":13,"turns":3},{"damage":16,"enemies":"Gremlin Gang","floor":14,"turns":6},{"damage":54,"enemies":"Hexaghost","floor":16,"turns":12},{"damage":24,"enemies":"Shell Parasite","floor":18,"turns":8},{"damage":31,"enemies":"Masked Bandits","floor":19,"turns":6},{"damage":47,"enemies":"3 Byrds","floor":20,"turns":9},{"damage":40,"enemies":"Gremlin Leader","floor":23,"turns":5}],"seed_played":"7236343277956299543","potions_obtained":[{"floor":5,"key":"Ancient Potion"},{"floor":8,"key":"Swift Potion"},{"floor":16,"key":"Explosive Potion"},{"floor":20,"key":"Energy Potion"}],"is_trial":false,"path_per_floor":["M","?","?","?","M","E","R","E","T","E","T","M","E","M","R","B",null,"M","?","M","?","$","E"],"character_chosen":"IRONCLAD","items_purchased":["Prayer Wheel","EssenceOfSteel"],"campfire_rested":1,"item_purchase_floors":[22,22],"current_hp_per_floor":[80,85,68,68,74,80,80,56,56,44,44,43,35,29,55,34,87,77,60,34,34,34,0],"gold":39,"neow_bonus":"THREE_ENEMY_KILL","is_prod":false,"is_daily":false,"chose_seed":false,"campfire_upgraded":1,"win_rate":0,"timestamp":1550788510,"path_taken":["M","?","?","?","M","E","R","E","T","E","?","M","E","M","R","BOSS","M","?","M","?","$","E"],"build_version":"2019-01-23","purchased_purges":1,"victory":false,"max_hp_per_floor":[80,85,85,85,85,85,85,85,85,85,85,85,85,87,87,87,87,89,91,91,91,91,91],"card_choices":[{"not_picked":["Sword Boomerang","Warcry"],"picked":"Headbutt","floor":1},{"not_picked":["Wild Strike","Clothesline"],"picked":"Rage","floor":5},{"not_picked":["Heavy Blade","Rupture"],"picked":"Intimidate","floor":6},{"not_picked":["Wild Strike","Brutality","Heavy Blade"],"picked":"SKIP","floor":8},{"not_picked":["Thunderclap","Perfected Strike"],"picked":"Armaments","floor":10},{"not_picked":["Flame Barrier","Feel No Pain"],"picked":"Evolve","floor":12},{"not_picked":["Twin Strike","Clothesline"],"picked":"Disarm","floor":13},{"not_picked":["Pommel Strike","Fire Breathing","Havoc"],"picked":"Singing Bowl","floor":14},{"not_picked":["Double Tap","Offering"],"picked":"Reaper","floor":16},{"not_picked":["Twin Strike","Pommel Strike","Body Slam"],"picked":"Singing Bowl","floor":18},{"not_picked":["Anger","Headbutt","Pommel Strike+1"],"picked":"Singing Bowl","floor":19},{"not_picked":["Dual Wield","Rampage"],"picked":"True Grit+1","floor":20}],"player_experience":330007,"relics_obtained":[{"floor":6,"key":"Blood Vial"},{"floor":8,"key":"Pantograph"},{"floor":9,"key":"Paper Frog"},{"floor":10,"key":"Nunchaku"},{"floor":11,"key":"Bottled Flame"},{"floor":13,"key":"Singing Bowl"},{"floor":19,"key":"Red Mask"}],"event_choices":[{"damage_healed":0,"gold_gain":0,"player_choice":"Donut","damage_taken":0,"max_hp_gain":5,"max_hp_loss":0,"event_name":"Big Fish","floor":2,"gold_loss":0},{"damage_healed":0,"gold_gain":0,"player_choice":"Entered Light","damage_taken":17,"max_hp_gain":0,"max_hp_loss":0,"event_name":"Shining Light","floor":3,"gold_loss":0,"cards_upgraded":["Bash","Strike_R"]},{"damage_healed":0,"gold_gain":0,"player_choice":"Ignored","damage_taken":0,"max_hp_gain":0,"max_hp_loss":0,"event_name":"Liars Game","floor":4,"gold_loss":0},{"damage_healed":0,"gold_gain":0,"player_choice":"Fought Bandits","damage_taken":0,"max_hp_gain":0,"max_hp_loss":0,"event_name":"Masked Bandits","floor":19,"gold_loss":0},{"cards_removed":["Strike_R"],"damage_healed":0,"gold_gain":0,"player_choice":"Purged","damage_taken":0,"max_hp_gain":0,"max_hp_loss":0,"event_name":"Purifier","floor":21,"gold_loss":0}],"is_beta":false,"boss_relics":[{"not_picked":["Snecko Eye","Runic Cube"],"picked":"Black Blood"}],"items_purged_floors":[22],"is_endless":false,"potions_floor_spawned":[5,8,16,20],"killed_by":"Gremlin Leader","ascension_level":4}