{"gold_per_floor":[114,125,43,63,83,117,117,151,151,151],"floor_reached":10,"playtime":501,"items_purged":[],"score":94,"play_id":"ac4152e4-19eb-479a-a36c-5d2506e51ad1","local_time":"20190218123558","is_ascension_mode":true,"campfire_choices":[{"data":"Perfected Strike","floor":7,"key":"SMITH"}],"neow_cost":"NONE","seed_source_timestamp":218337327864896,"circlet_count":0,"master_deck":["Strike_R","Strike_R","Strike_R","Strike_R","Strike_R","Defend_R","Defend_R","Defend_R","Bash","Shockwave","Perfected Strike+1","Dramatic Entrance","Rampage","Spot Weakness","Juggernaut","Infernal Blade"],"relics":["Burning Blood","Oddly Smooth Stone","Mummified Hand","Pear"],"potions_floor_usage":[10,10],"damage_taken":[{"damage":3,"enemies":"Cultist","floor":1,"turns":4},{"damage":14,"enemies":"2 Louse","floor":2,"turns":3},{"damage":0,"enemies":"Small Slimes","floor":4,"turns":2},{"damage":13,"enemies":"Blue Slaver","floor":5,"turns":2},{"damage":41,"enemies":"Lagavulin","floor":6,"turns":6},{"damage":28,"enemies":"3 Sentries","floor":8,"turns":6},{"damage":24,"enemies":"Gremlin Nob","floor":10,"turns":3}],"seed_played":"-8027049819290305491","potions_obtained":[{"floor":2,"key":"Swift Potion"},{"floor":6,"key":"SpeedPotion"},{"floor":8,"key":"Swift Potion"}],"is_trial":false,"path_per_floor":["M","M","$","M","M","E","R","E","T","E"],"character_chosen":"IRONCLAD","items_purchased":["Dramatic Entrance"],"campfire_rested":0,"item_purchase_floors":[3],"current_hp_per_floor":[80,72,72,78,71,36,36,14,24,0],"gold":151,"neow_bonus":"TRANSFORM_CARD","is_prod":false,"is_daily":false,"chose_seed":false,"campfire_upgraded":1,"win_rate":0,"timestamp":1550522158,"path_taken":["M","M","$","?","M","E","R","E","T","E"],"build_version":"2019-01-23","purchased_purges":0,"victory":false,"max_hp_per_floor":[80,80,80,80,80,80,80,80,90,90],"card_choices":[{"not_picked":["Anger","Warcry"],"picked":"Perfected Strike","floor":1},{"not_picked":["Body Slam","Fire Breathing","Disarm"],"picked":"SKIP","floor":2},{"not_picked":["Sword Boomerang","Anger"],"picked":"Rampage","floor":4},{"not_picked":["Pummel","Anger"],"picked":"Spot Weakness","floor":5},{"not_picked":["Flex","Fire Breathing"],"picked":"Juggernaut","floor":6},{"not_picked":["Clash","Disarm"],"picked":"Infernal Blade","floor":8}],"player_experience":178029,"relics_obtained":[{"floor":6,"key":"Oddly Smooth Stone"},{"floor":8,"key":"Mummified Hand"},{"floor":9,"key":"Pear"}],"event_choices":[],"is_beta":false,"boss_relics":[],"items_purged_floors":[],"is_endless":false,"potions_floor_spawned":[2,6,8],"killed_by":"Gremlin Nob","ascension_level":4}