{"gold_per_floor":[109,122,122,122,141,141,171,171,171,171,201,201,219,235,235,308,308,318,318,329,28,28,28,60,60,86,114,133,83,93,93],"floor_reached":31,"playtime":1068,"items_purged":["Strike_B","Defend_B"],"score":601,"play_id":"7ec005e2-19c5-4f55-9140-8225a5ff5353","local_time":"20190116141615","is_ascension_mode":true,"campfire_choices":[{"data":"Zap","floor":6.0,"key":"SMITH"},{"data":"Steam","floor":8.0,"key":"SMITH"},{"data":"Zap","floor":15.0,"key":"SMITH"},{"floor":23.0,"key":"REST"},{"floor":25.0,"key":"REST"}],"neow_cost":"NONE","seed_source_timestamp":0,"circlet_count":0,"master_deck":["AscendersBane","Defend_B","Defend_B","Defend_B","Zap+1","Dualcast","Steam+1","Ball Lightning","Ball Lightning","Electrodynamics","Loop+1","Conserve Battery","Zap+1","Redo","Electrodynamics+1","Thunder Strike","Leap","Capacitor+1","Redo+1","Self Repair+1","Reinforced Body","Static Discharge+1"],"special_seed":0,"relics":["Cracked Core","Darkstone Periapt","Frozen Egg 2","Happy Flower","Sozu","ClockworkSouvenir","The Courier","Smiling Mask","Shuriken"],"potions_floor_usage":[31],"damage_taken":[{"damage":8.0,"enemies":"Small Slimes","floor":1.0,"turns":4.0},{"damage":0.0,"enemies":"Jaw Worm","floor":2.0,"turns":3.0},{"damage":0.0,"enemies":"Cultist","floor":5.0,"turns":3.0},{"damage":30.0,"enemies":"Gremlin Nob","floor":7.0,"turns":4.0},{"damage":0.0,"enemies":"3 Sentries","floor":11.0,"turns":2.0},{"damage":0.0,"enemies":"Looter","floor":13.0,"turns":2.0},{"damage":0.0,"enemies":"Gremlin Gang","floor":14.0,"turns":2.0},{"damage":13.0,"enemies":"Slime Boss","floor":16.0,"turns":5.0},{"damage":16.0,"enemies":"Shell Parasite","floor":18.0,"turns":2.0},{"damage":19.0,"enemies":"Spheric Guardian","floor":20.0,"turns":4.0},{"damage":34.0,"enemies":"Book of Stabbing","floor":24.0,"turns":4.0},{"damage":18.0,"enemies":"Gremlin Leader","floor":27.0,"turns":4.0},{"damage":10.0,"enemies":"Snake Plant","floor":28.0,"turns":4.0},{"damage":19.0,"enemies":"Cultist and Chosen","floor":30.0,"turns":5.0},{"damage":22,"enemies":"Slavers","floor":31,"turns":1}],"seed_played":"1074116323454547967","potions_obtained":[{"floor":5.0,"key":"Fire Potion"},{"floor":7.0,"key":"Weak Potion"},{"floor":14.0,"key":"Explosive Potion"},{"floor":16.0,"key":"Explosive Potion"}],"is_trial":false,"path_per_floor":["M","M","?","?","M","R","E","R","T","?","E","?","M","M","R","B",null,"M","?","M","$","?","R","E","R","T","E","M","$","M","E"],"character_chosen":"DEFECT","items_purchased":["ClockworkSouvenir"],"campfire_rested":2,"item_purchase_floors":[21],"current_hp_per_floor":[63,63,68,68,68,68,38,38,38,31,31,31,31,31,31,18,67,51,51,32,32,32,56,22,46,46,38,28,28,19,0],"gold":93,"neow_bonus":"TEN_PERCENT_HP_BONUS","is_prod":false,"is_daily":false,"chose_seed":false,"campfire_upgraded":3,"win_rate":0,"timestamp":1547615775,"path_taken":["M","M","?","?","?","R","E","R","T","?","E","?","?","M","R","BOSS","M","?","M","?","?","R","E","R","T","E","M","$","M","E"],"build_version":"2019-01-10","purchased_purges":2,"victory":false,"max_hp_per_floor":[78,78,83,83,83,83,83,83,83,83,83,83,83,83,83,83,83,83,83,83,83,83,83,83,83,83,83,83,83,83,83],"card_choices":[{"not_picked":["Rebound","Reprogram"],"picked":"Steam","floor":1.0},{"not_picked":["Go for the Eyes","Force Field"],"picked":"Ball Lightning","floor":2.0},{"not_picked":["Sweeping Beam","Cold Snap"],"picked":"Ball Lightning","floor":5.0},{"not_picked":["Compile Driver","Storm"],"picked":"Electrodynamics","floor":7.0},{"not_picked":["Redo","Stack"],"picked":"Loop+1","floor":11.0},{"not_picked":["Loop+1","Scrape"],"picked":"Redo","floor":13.0},{"not_picked":["Steam","Beam Cell"],"picked":"Electrodynamics+1","floor":14.0},{"not_picked":["Fission","Electrodynamics+1"],"picked":"Thunder Strike","floor":16.0},{"not_picked":["Cold Snap","Beam Cell"],"picked":"Leap","floor":18.0},{"not_picked":["Rebound","Barrage"],"picked":"Redo+1","floor":20.0},{"not_picked":["Turbo","Gash"],"picked":"Self Repair+1","floor":24.0},{"not_picked":["Coolheaded","Beam Cell"],"picked":"Reinforced Body","floor":27.0},{"not_picked":["Gash","Cold Snap","Go for the Eyes+1"],"picked":"SKIP","floor":28.0},{"not_picked":["Fusion","Skim"],"picked":"Static Discharge+1","floor":30.0}],"player_experience":1038844,"relics_obtained":[{"floor":7.0,"key":"Darkstone Periapt"},{"floor":9.0,"key":"Frozen Egg 2"},{"floor":11.0,"key":"Happy Flower"},{"floor":24.0,"key":"The Courier"},{"floor":26.0,"key":"Smiling Mask"},{"floor":27.0,"key":"Shuriken"}],"event_choices":[{"damage_healed":0.0,"max_hp_gain":5.0,"max_hp_loss":0.0,"gold_gain":0.0,"event_name":"Big Fish","player_choice":"Donut","floor":3.0,"gold_loss":0.0,"damage_taken":0.0},{"cards_removed":["Strike_B"],"damage_healed":0.0,"max_hp_gain":0.0,"max_hp_loss":0.0,"gold_gain":0.0,"event_name":"Purifier","player_choice":"Purged","floor":4.0,"gold_loss":0.0,"damage_taken":0.0},{"cards_removed":["Strike_B"],"damage_healed":0.0,"max_hp_gain":0.0,"max_hp_loss":0.0,"gold_gain":0.0,"event_name":"Golden Wing","player_choice":"Card Removal","floor":10.0,"gold_loss":0.0,"damage_taken":7.0},{"damage_healed":0.0,"max_hp_gain":0.0,"max_hp_loss":0.0,"gold_gain":0.0,"event_name":"Match and Keep!","player_choice":"2 cards matched","floor":12.0,"gold_loss":0.0,"damage_taken":0.0,"cards_obtained":["Conserve Battery","Zap"]},{"damage_healed":0.0,"max_hp_gain":0.0,"max_hp_loss":0.0,"gold_gain":0.0,"cards_transformed":["Strike_B"],"event_name":"Transmorgrifier","player_choice":"Transformed","floor":19.0,"gold_loss":0.0,"damage_taken":0.0,"cards_obtained":["Capacitor"]},{"damage_healed":0.0,"max_hp_gain":0.0,"max_hp_loss":0.0,"gold_gain":0.0,"event_name":"Beggar","player_choice":"Ignored","floor":22.0,"gold_loss":0.0,"damage_taken":0.0}],"is_beta":false,"boss_relics":[{"not_picked":["Runic Dome","Calling Bell"],"picked":"Sozu"}],"items_purged_floors":[21,29],"is_endless":false,"potions_floor_spawned":[5,7,14,16,24,27],"killed_by":"Slavers","ascension_level":19}