{"gold_per_floor":[117,133,208,208,219,219,494,508,508,508,518,518,543,561,561,661,661],"floor_reached":17,"playtime":804,"items_purged":[],"score":196,"play_id":"50acc573-32ee-4214-9d16-99028f0c9fff","local_time":"20190215005735","is_ascension_mode":true,"campfire_choices":[{"data":"Go for the Eyes","floor":6.0,"key":"SMITH"},{"data":"Zap","floor":10,"key":"SMITH"},{"floor":12,"key":"REST"},{"floor":15,"key":"REST"}],"neow_cost":"NONE","seed_source_timestamp":1403050849317200,"circlet_count":0,"master_deck":["Zap+1","Dualcast","Genetic Algorithm","Go for the Eyes+1","Darkness","Regret","Aggregate","Ball Lightning","Ball Lightning","Conserve Battery","Fission","Hello World","Aggregate","Turbo","Creative AI","Hello World","Ball Lightning","Compile Driver","Lockon"],"special_seed":0,"relics":["Cracked Core","NeowsBlessing","Cables","Juzu Bracelet","Matryoshka","Pandora\u0027s Box"],"potions_floor_usage":[13,14,16],"damage_taken":[{"damage":0.0,"enemies":"2 Louse","floor":1.0,"turns":1.0},{"damage":0.0,"enemies":"Jaw Worm","floor":2.0,"turns":1.0},{"damage":0.0,"enemies":"Small Slimes","floor":5.0,"turns":1.0},{"damage":20,"enemies":"Exordium Thugs","floor":8,"turns":4},{"damage":7,"enemies":"Looter","floor":11,"turns":4},{"damage":34,"enemies":"Lagavulin","floor":13,"turns":6},{"damage":15,"enemies":"Lots of Slimes","floor":14,"turns":3},{"damage":21,"enemies":"Hexaghost","floor":16,"turns":8}],"seed_played":"7390662350402287423","potions_obtained":[{"floor":1.0,"key":"SkillPotion"},{"floor":2.0,"key":"Poison Potion"},{"floor":5.0,"key":"PowerPotion"},{"floor":13,"key":"LiquidBronze"}],"is_trial":false,"path_per_floor":["M","M","?","?","M","R","?","M","T","R","M","R","E","M","R","B",null],"character_chosen":"DEFECT","items_purchased":[],"campfire_rested":2,"item_purchase_floors":[],"current_hp_per_floor":[75,75,64,57,57,57,57,37,37,37,30,52,18,3,25,4,57],"gold":661,"neow_bonus":"THREE_ENEMY_KILL","is_prod":false,"is_daily":false,"chose_seed":false,"campfire_upgraded":2,"win_rate":0,"timestamp":1550188655,"path_taken":["M","M","?","?","M","R","?","?","T","R","M","R","E","M","R","BOSS"],"build_version":"2019-01-23","purchased_purges":0,"victory":false,"max_hp_per_floor":[75,75,75,75,75,75,75,75,75,75,75,75,75,75,75,75,75],"card_choices":[{"not_picked":["Rip and Tear","Chill"],"picked":"Genetic Algorithm","floor":1.0},{"not_picked":["Rip and Tear","Scrape"],"picked":"Go for the Eyes","floor":2.0},{"not_picked":["Steam Power","Double Energy"],"picked":"Darkness","floor":5.0},{"not_picked":["Steam","Sweeping Beam"],"picked":"Aggregate","floor":8},{"not_picked":["Gash","Compile Driver"],"picked":"Ball Lightning","floor":11},{"not_picked":["Rip and Tear","Hello World"],"picked":"Ball Lightning","floor":13},{"not_picked":["Go for the Eyes","Steam"],"picked":"Conserve Battery","floor":14},{"not_picked":["Rainbow","Machine Learning"],"picked":"Fission","floor":16}],"player_experience":169636,"relics_obtained":[{"floor":9,"key":"Juzu Bracelet"},{"floor":13,"key":"Matryoshka"}],"event_choices":[{"damage_healed":0.0,"max_hp_gain":0.0,"max_hp_loss":0.0,"gold_gain":75.0,"event_name":"World of Goop","player_choice":"Gather Gold","floor":3.0,"gold_loss":0.0,"damage_taken":11.0},{"damage_healed":0.0,"max_hp_gain":0.0,"max_hp_loss":0.0,"gold_gain":0.0,"event_name":"Scrap Ooze","player_choice":"Success","floor":4.0,"gold_loss":0.0,"damage_taken":7.0,"relics_obtained":["Cables"]},{"damage_healed":0.0,"max_hp_gain":0.0,"max_hp_loss":0.0,"gold_gain":275.0,"event_name":"Golden Shrine","player_choice":"Desecrate","floor":7.0,"gold_loss":0.0,"damage_taken":0.0,"cards_obtained":["Regret"]}],"is_beta":false,"boss_relics":[{"not_picked":["Fusion Hammer","Astrolabe"],"picked":"Pandora\u0027s Box"}],"items_purged_floors":[],"is_endless":false,"potions_floor_spawned":[1,2,5,13],"ascension_level":5}