{"gold_per_floor":[112,262,262,275,287,347,347,360,383,383,383,383,458,487,487,561,561,572,532,545,564,564],"floor_reached":22,"playtime":703,"items_purged":[],"score":438,"play_id":"7e0725fc-c421-4da1-a39d-c033689e1e97","local_time":"20190125155007","is_ascension_mode":true,"campfire_choices":[{"data":"Sunder","floor":10,"key":"SMITH"},{"data":"Zap","floor":12,"key":"SMITH"},{"data":"Hologram","floor":15,"key":"SMITH"}],"neow_cost":"NONE","seed_source_timestamp":0,"circlet_count":0,"master_deck":["AscendersBane","Strike_B","Strike_B","Strike_B","Strike_B","Defend_B","Defend_B","Defend_B","Defend_B","Zap+1","Dualcast","Ball Lightning","Conserve Battery","Redo","Machine Learning","Sunder+1","Hologram+1","Buffer","Defragment","Defragment","Stack+1"],"special_seed":0,"relics":["Cracked Core","Tiny Chest","Potion Belt","StoneCalendar","Orichalcum","Black Star"],"potions_floor_usage":[14,16,20,21,22],"damage_taken":[{"damage":0.0,"enemies":"Small Slimes","floor":1.0,"turns":3.0},{"damage":1.0,"enemies":"2 Louse","floor":4.0,"turns":3.0},{"damage":7.0,"enemies":"Jaw Worm","floor":5.0,"turns":3.0},{"damage":18.0,"enemies":"Lagavulin","floor":6.0,"turns":7.0},{"damage":11,"enemies":"Exordium Thugs","floor":8,"turns":4},{"damage":0,"enemies":"3 Sentries","floor":14,"turns":5},{"damage":28,"enemies":"The Guardian","floor":16,"turns":10},{"damage":24,"enemies":"2 Thieves","floor":18,"turns":4},{"damage":15,"enemies":"3 Byrds","floor":20,"turns":5},{"damage":29,"enemies":"Cultist and Chosen","floor":21,"turns":6},{"damage":12,"enemies":"Snake Plant","floor":22,"turns":1}],"seed_played":"-158474584513886606","potions_obtained":[{"floor":4.0,"key":"Regen Potion"},{"floor":5.0,"key":"SkillPotion"},{"floor":8,"key":"Weak Potion"},{"floor":14,"key":"Energy Potion"},{"floor":19,"key":"AttackPotion"},{"floor":19,"key":"FairyPotion"},{"floor":19,"key":"Weak Potion"},{"floor":20,"key":"SteroidPotion"},{"floor":21,"key":"Explosive Potion"}],"is_trial":false,"path_per_floor":["M","?","?","M","M","E","?","M","T","R","T","R","?","E","R","B",null,"M","?","M","M","M"],"character_chosen":"DEFECT","items_purchased":[],"campfire_rested":0,"item_purchase_floors":[],"current_hp_per_floor":[71,71,64,63,56,53,53,42,42,42,42,42,31,31,31,3,59,35,35,20,7,0],"gold":564,"neow_bonus":"TEN_PERCENT_HP_BONUS","is_prod":false,"is_daily":false,"chose_seed":false,"campfire_upgraded":3,"win_rate":0,"timestamp":1548399007,"path_taken":["M","?","?","M","M","E","?","?","T","R","?","R","?","E","R","BOSS","M","?","M","M","M"],"build_version":"2019-01-23","purchased_purges":0,"victory":false,"max_hp_per_floor":[78,78,78,78,78,78,78,78,78,78,78,78,78,78,78,78,78,78,78,78,78,78],"card_choices":[{"not_picked":["Redo","Go for the Eyes"],"picked":"Ball Lightning","floor":1.0},{"not_picked":["Hologram","Blizzard"],"picked":"Conserve Battery","floor":4.0},{"not_picked":["Go for the Eyes","Coolheaded"],"picked":"Redo","floor":5.0},{"not_picked":["Storm","Aggregate"],"picked":"Machine Learning","floor":6.0},{"not_picked":["Rip and Tear","Auto Shields"],"picked":"Sunder","floor":8},{"not_picked":["Rip and Tear","Reinforced Body"],"picked":"Hologram","floor":14},{"not_picked":["Electrodynamics","Creative AI"],"picked":"Buffer","floor":16},{"not_picked":["Melter","Fusion"],"picked":"Defragment","floor":18},{"not_picked":["Leap","Gash"],"picked":"Defragment","floor":20},{"not_picked":["Rebound","Double Energy"],"picked":"Stack+1","floor":21}],"player_experience":1069814,"relics_obtained":[{"floor":6.0,"key":"Tiny Chest"},{"floor":9,"key":"Potion Belt"},{"floor":11,"key":"StoneCalendar"},{"floor":14,"key":"Orichalcum"}],"event_choices":[{"damage_healed":0.0,"max_hp_gain":0.0,"max_hp_loss":0.0,"gold_gain":150.0,"event_name":"Liars Game","player_choice":"AGREE","floor":2.0,"gold_loss":0.0,"damage_taken":0.0,"cards_obtained":["Doubt"]},{"cards_removed":["Doubt"],"damage_healed":0.0,"max_hp_gain":0.0,"max_hp_loss":0.0,"gold_gain":0.0,"event_name":"Golden Wing","player_choice":"Card Removal","floor":3.0,"gold_loss":0.0,"damage_taken":7.0},{"damage_healed":0,"gold_gain":0,"player_choice":"Searched \u00270\u0027 times","damage_taken":0,"max_hp_gain":0,"max_hp_loss":0,"event_name":"Dead Adventurer","floor":7,"gold_loss":0},{"damage_healed":0,"gold_gain":75,"player_choice":"Gather Gold","damage_taken":11,"max_hp_gain":0,"max_hp_loss":0,"event_name":"World of Goop","floor":13,"gold_loss":0},{"damage_healed":0,"gold_gain":0,"player_choice":"Bought 3 Potions","damage_taken":0,"max_hp_gain":0,"max_hp_loss":0,"event_name":"The Woman in Blue","floor":19,"gold_loss":0}],"is_beta":false,"boss_relics":[{"not_picked":["Fusion Hammer","Coffee Dripper"],"picked":"Black Star"}],"items_purged_floors":[],"is_endless":false,"potions_floor_spawned":[4,5,8,14,20,21],"killed_by":"Snake Plant","ascension_level":20}