{"gold_per_floor":[109,109,109,119,119,119,294,294,347,366,385,131,151,5,5,108,108,123,123,123,123,123,123,143,143,143,157,157,157,167,195,195,296,346,362,415,179,179,191,7,7,22,22,34,54,68,99,112,112,112,112,112,8,43,43],"floor_reached":56,"playtime":4345,"items_purged":["Doubt","Writhe"],"score":1439,"play_id":"aa51a9b0-2738-4705-9dbe-b8ecf7ea3222","local_time":"20190125062323","is_ascension_mode":true,"campfire_choices":[{"data":"Neutralize","floor":6,"key":"SMITH"},{"data":"Predator","floor":8,"key":"SMITH"},{"data":"Noxious Fumes","floor":15,"key":"SMITH"},{"data":"Cloak And Dagger","floor":23,"key":"SMITH"},{"data":"Leg Sweep","floor":28,"key":"SMITH"},{"data":"Deadly Poison","floor":32,"key":"SMITH"},{"data":"Well Laid Plans","floor":41,"key":"SMITH"},{"floor":49,"key":"RECALL"},{"data":"Footwork","floor":52,"key":"SMITH"}],"neow_cost":"NONE","seed_source_timestamp":3434484355513050,"circlet_count":0,"master_deck":["Defend_G+1","Defend_G+1","Defend_G+1","Defend_G+1","Defend_G+1","Strike_G+1","Strike_G+1","Strike_G+1","Survivor+1","Neutralize+1","Crippling Poison","Predator+1","Deflect","Backstab","Deadly Poison+1","Noxious Fumes+1","Poisoned Stab","Master of Strategy","Corpse Explosion+1","Deadly Poison+1","Cloak And Dagger+1","Underhanded Strike","Prepared","Leg Sweep+1","Blur+1","PiercingWail+1","Malaise+1","Escape Plan+1","Sucker Punch+1","Cloak And Dagger+1","Madness+1","Master of Strategy+1","Discovery+1","Dark Shackles+1","Flying Knee","Well Laid Plans+1","Bouncing Flask+1","Footwork+1","Infinite Blades","Terror+1","Outmaneuver+1","Infinite Blades","Backflip+1","Accuracy","Finesse+1","PiercingWail+1","Leg Sweep+1"],"relics":["Ring of the Snake","NeowsBlessing","FaceOfCleric","Paper Crane","Tiny Chest","Membership Card","Coffee Dripper","Dead Branch","PreservedInsect","Toxic Egg 2","Anchor","Tiny House","Mango","MealTicket","Letter Opener","Bottled Flame","Lantern","Ornamental Fan"],"potions_floor_usage":[16,16,16,33,34,39,55,55,55],"damage_taken":[{"damage":0,"enemies":"Cultist","floor":1,"turns":1},{"damage":0,"enemies":"2 Louse","floor":4,"turns":1},{"damage":0,"enemies":"Jaw Worm","floor":10,"turns":1},{"damage":0,"enemies":"3 Louse","floor":11,"turns":3},{"damage":1,"enemies":"Exordium Wildlife","floor":13,"turns":4},{"damage":0,"enemies":"Slime Boss","floor":16,"turns":6},{"damage":13,"enemies":"2 Thieves","floor":18,"turns":4},{"damage":0,"enemies":"3 Byrds","floor":24,"turns":2},{"damage":0,"enemies":"3 Cultists","floor":27,"turns":3},{"damage":0,"enemies":"Chosen and Byrds","floor":30,"turns":5},{"damage":0,"enemies":"Book of Stabbing","floor":31,"turns":5},{"damage":6,"enemies":"Automaton","floor":33,"turns":9},{"damage":0,"enemies":"3 Shapes","floor":35,"turns":5},{"damage":35,"enemies":"2 Orb Walkers","floor":36,"turns":5},{"damage":0,"enemies":"Orb Walker","floor":39,"turns":4},{"damage":0,"enemies":"4 Shapes","floor":42,"turns":4},{"damage":0,"enemies":"Writhing Mass","floor":44,"turns":6},{"damage":0,"enemies":"Spire Growth","floor":45,"turns":4},{"damage":0,"enemies":"Sphere and 2 Shapes","floor":46,"turns":4},{"damage":0,"enemies":"Nemesis","floor":47,"turns":9},{"damage":0,"enemies":"Writhing Mass","floor":48,"turns":5},{"damage":0,"enemies":"Donu and Deca","floor":50,"turns":8},{"damage":6,"enemies":"Shield and Spear","floor":54,"turns":5},{"damage":17,"enemies":"The Heart","floor":55,"turns":9}],"seed_played":"1259114406974375124","potions_obtained":[{"floor":1,"key":"AttackPotion"},{"floor":10,"key":"Explosive Potion"},{"floor":13,"key":"Poison Potion"},{"floor":24,"key":"Block Potion"},{"floor":27,"key":"Energy Potion"},{"floor":31,"key":"Dexterity Potion"},{"floor":34,"key":"Fruit Juice"},{"floor":36,"key":"AttackPotion"},{"floor":42,"key":"Strength Potion"},{"floor":44,"key":"LiquidBronze"}],"is_trial":false,"path_per_floor":["M","?","?","M","T","R","?","R","T","M","M","$","M","$","R","B",null,"M","T","?","?","?","R","M","?","T","M","R","T","M","E","R","B",null,"M","?","$","?","M","$","R","M","T","M","M","M","E","M","R","B",null,"R","$","E","B",null],"character_chosen":"THE_SILENT","items_purchased":["Membership Card","Backstab","Noxious Fumes","Poisoned Stab","Master of Strategy","MealTicket","Madness+1","Regen Potion","Well Laid Plans","Bouncing Flask+1","Letter Opener","Accuracy","Finesse+1","PiercingWail+1"],"campfire_rested":0,"item_purchase_floors":[12,12,14,14,14,37,37,37,40,40,40,53,53,53],"current_hp_per_floor":[70,56,56,57,57,57,57,57,57,58,59,59,59,59,59,60,75,63,63,63,63,63,63,64,64,64,65,65,65,66,67,67,62,91,92,72,72,62,77,92,92,93,93,94,95,96,97,98,98,99,115,115,115,110,94],"gold":43,"neow_bonus":"THREE_ENEMY_KILL","is_prod":false,"is_daily":false,"chose_seed":false,"campfire_upgraded":8,"win_rate":0,"timestamp":1548415403,"path_taken":["M","?","?","?","?","R","?","R","T","M","M","?","M","$","R","BOSS","M","?","?","?","?","R","M","?","T","?","R","?","M","E","R","BOSS","M","?","$","?","M","$","R","M","T","M","M","?","E","M","R","BOSS","R","$","E","BOSS"],"build_version":"2019-01-23","purchased_purges":2,"victory":true,"max_hp_per_floor":[70,70,70,71,71,71,71,71,71,72,73,73,74,74,74,75,75,76,76,76,76,76,76,77,77,77,78,78,78,79,80,80,81,91,92,107,107,107,108,108,108,109,109,110,111,112,113,114,114,115,115,115,115,116,117],"card_choices":[{"not_picked":["Riddle With Holes","Skewer"],"picked":"Crippling Poison","floor":1},{"not_picked":["Slice","PiercingWail"],"picked":"Predator","floor":4},{"not_picked":["Dagger Throw","Caltrops","Choke"],"picked":"SKIP","floor":10},{"not_picked":["Dagger Throw","Underhanded Strike"],"picked":"Deflect","floor":11},{"not_picked":["Accuracy","Caltrops"],"picked":"Deadly Poison","floor":13},{"not_picked":["Glass Knife","After Image"],"picked":"Corpse Explosion","floor":16},{"not_picked":["Dodge and Roll","Noxious Fumes"],"picked":"Deadly Poison+1","floor":18},{"not_picked":["Backflip","Calculated Gamble"],"picked":"Leg Sweep","floor":24},{"not_picked":["Slice","Terror+1","Underhanded Strike"],"picked":"SKIP","floor":27},{"not_picked":["Slice","Bane"],"picked":"Blur+1","floor":30},{"not_picked":["Endless Agony","Sucker Punch"],"picked":"PiercingWail+1","floor":31},{"not_picked":["Burst+1","Venomology+1"],"picked":"Malaise+1","floor":33},{"not_picked":["Cloak And Dagger+1","Quick Slash"],"picked":"Escape Plan+1","floor":34},{"not_picked":["Bane+1","Expertise+1"],"picked":"Sucker Punch+1","floor":35},{"not_picked":["Dagger Throw+1","Bane+1"],"picked":"Cloak And Dagger+1","floor":36},{"not_picked":["Good Instincts+1","Magnetism"],"picked":"Master of Strategy+1","floor":38},{"not_picked":["Secret Technique+1","Transmutation+1"],"picked":"Discovery+1","floor":38},{"not_picked":["Swift Strike","Apotheosis+1"],"picked":"Dark Shackles+1","floor":38},{"not_picked":["Bane","Heel Hook"],"picked":"Flying Knee","floor":39},{"not_picked":["Cloak And Dagger+1","Glass Knife"],"picked":"Footwork","floor":42},{"not_picked":["Underhanded Strike","Sucker Punch+1"],"picked":"Infinite Blades","floor":44},{"not_picked":["PiercingWail+1","Deadly Poison+1"],"picked":"Terror+1","floor":45},{"not_picked":["Choke+1","Poisoned Stab"],"picked":"Outmaneuver+1","floor":46},{"not_picked":["Grand Finale","Prepared+1"],"picked":"Infinite Blades","floor":47},{"not_picked":["Sucker Punch","Flying Knee+1"],"picked":"Backflip+1","floor":48},{"not_picked":["Riddle With Holes+1","Dash"],"picked":"Leg Sweep+1","floor":54}],"player_experience":4197306,"relics_obtained":[{"floor":5,"key":"Paper Crane"},{"floor":9,"key":"Tiny Chest"},{"floor":19,"key":"Dead Branch"},{"floor":26,"key":"Toxic Egg 2"},{"floor":31,"key":"Anchor"},{"floor":36,"key":"Mango"},{"floor":43,"key":"Bottled Flame"},{"floor":47,"key":"Lantern"},{"floor":54,"key":"Ornamental Fan"}],"event_choices":[{"damage_healed":0,"gold_gain":0,"player_choice":"Entered Light","damage_taken":14,"max_hp_gain":0,"max_hp_loss":0,"event_name":"Shining Light","floor":2,"gold_loss":0,"cards_upgraded":["Defend_G","Survivor"]},{"damage_healed":0,"gold_gain":0,"player_choice":"Trade","damage_taken":0,"relics_obtained":["FaceOfCleric"],"max_hp_gain":0,"max_hp_loss":0,"event_name":"FaceTrader","floor":3,"gold_loss":0},{"damage_healed":0,"gold_gain":175,"player_choice":"AGREE","damage_taken":0,"max_hp_gain":0,"max_hp_loss":0,"event_name":"Liars Game","floor":7,"gold_loss":0,"cards_obtained":["Doubt"]},{"damage_healed":0,"gold_gain":0,"player_choice":"Read","damage_taken":0,"max_hp_gain":0,"max_hp_loss":0,"event_name":"The Library","floor":20,"gold_loss":0,"cards_obtained":["Cloak And Dagger"]},{"damage_healed":0,"gold_gain":0,"player_choice":"Simplicity","damage_taken":0,"max_hp_gain":0,"max_hp_loss":0,"event_name":"Back to Basics","floor":21,"gold_loss":0,"cards_upgraded":["Defend_G","Defend_G","Defend_G","Defend_G","Strike_G","Strike_G","Strike_G","Strike_G","Strike_G"]},{"damage_healed":0,"gold_gain":0,"cards_transformed":["Strike_G","Strike_G"],"player_choice":"Became Test Subject","damage_taken":0,"max_hp_gain":0,"max_hp_loss":0,"event_name":"Drug Dealer","floor":22,"gold_loss":0,"cards_obtained":["Underhanded Strike","Prepared"]},{"damage_healed":0,"gold_gain":0,"player_choice":"Opened","damage_taken":0,"relics_obtained":["PreservedInsect"],"max_hp_gain":0,"max_hp_loss":0,"event_name":"The Mausoleum","floor":25,"gold_loss":0,"cards_obtained":["Writhe"]},{"damage_healed":0,"gold_gain":0,"player_choice":"Fight","damage_taken":0,"max_hp_gain":0,"max_hp_loss":0,"event_name":"Mysterious Sphere","floor":36,"gold_loss":0},{"damage_healed":0,"gold_gain":0,"player_choice":"Memory 3","damage_taken":10,"max_hp_gain":0,"max_hp_loss":0,"event_name":"SensoryStone","floor":38,"gold_loss":0}],"is_beta":true,"boss_relics":[{"not_picked":["Fusion Hammer","Ectoplasm"],"picked":"Coffee Dripper"},{"not_picked":["Ring of the Serpent","Eternal Feather"],"picked":"Tiny House"}],"items_purged_floors":[12,37],"is_endless":false,"potions_floor_spawned":[1,10,13,24,27,31,36,42,44,47],"ascension_level":1}