{"gold_per_floor":[116,132,20,20,37,69,89,89,89,89,119,43,70,1,1,100,100,112,132,132,147,72,105,105,119,144,156,168,207,219,251,263,374,386,418,440,412,439,465,510,537,578,614,645,691,721,750,815,827,839,851,863,130,157,157],"floor_reached":56,"playtime":3815,"items_purged":["Strike_B","Gash"],"score":1722,"play_id":"933e78c8-bfe2-4240-aa43-7a6bb613f58b","local_time":"20181210232654","is_ascension_mode":true,"campfire_choices":[{"data":"Rainbow","floor":8,"key":"SMITH"},{"floor":10,"key":"REST"},{"data":"Zap","floor":15,"key":"SMITH"},{"data":"Sunder","floor":24,"key":"SMITH"},{"data":"Echo Form","floor":27,"key":"SMITH"},{"data":"Coolheaded","floor":32,"key":"SMITH"},{"floor":49,"key":"RECALL"},{"data":"Blizzard","floor":52,"key":"SMITH"}],"neow_cost":"TEN_PERCENT_HP_LOSS","seed_source_timestamp":1446733867214609,"circlet_count":0,"master_deck":["Strike_B+1","Strike_B+1","Defend_B+1","Defend_B+1","Defend_B+1","Zap+1","Dualcast","Echo Form+1","Melter","Reinforced Body","Steam","Cold Snap","Rainbow+1","Glacier","Conserve Battery","Coolheaded+1","Buffer+1","Chill","Electrodynamics+1","Reinforced Body","Sunder+1","Loop+1","Streamline","Loop+1","Glacier","Biased Cognition+1","Blizzard+1","Force Field","Conserve Battery+1","Rainbow","Reinforced Body","Sunder","Go for the Eyes+1","Conserve Battery+1","Compile Driver+1","Capacitor+1","Stack+1","White Noise+1","Go for the Eyes+1","Core Surge+1"],"relics":["Cracked Core","Frozen Egg 2","Bird Faced Urn","Turnip","Dodecahedron","Art of War","Snecko Eye","Prayer Wheel","MawBank","Ancient Tea Set","Coffee Dripper","FossilizedHelix","Mercury Hourglass","Molten Egg 2","Ginger","Gambling Chip","Blood Vial","Toy Ornithopter","Bronze Scales"],"potions_floor_usage":[7,29,55,55,55,55,55,55],"damage_taken":[{"damage":0,"enemies":"Cultist","floor":1,"turns":4},{"damage":2,"enemies":"2 Louse","floor":2,"turns":3},{"damage":2,"enemies":"Jaw Worm","floor":5,"turns":3},{"damage":29,"enemies":"Gremlin Nob","floor":6,"turns":5},{"damage":1,"enemies":"Gremlin Gang","floor":7,"turns":5},{"damage":18,"enemies":"Lagavulin","floor":11,"turns":7},{"damage":3,"enemies":"3 Sentries","floor":13,"turns":8},{"damage":0,"enemies":"Slime Boss","floor":16,"turns":7},{"damage":0,"enemies":"2 Thieves","floor":18,"turns":3},{"damage":0,"enemies":"Shell Parasite","floor":19,"turns":4},{"damage":0,"enemies":"Snecko","floor":21,"turns":5},{"damage":0,"enemies":"Gremlin Leader","floor":23,"turns":7},{"damage":13,"enemies":"Centurion and Healer","floor":25,"turns":7},{"damage":0,"enemies":"Slavers","floor":29,"turns":5},{"damage":0,"enemies":"3 Cultists","floor":31,"turns":3},{"damage":0,"enemies":"Collector","floor":33,"turns":11},{"damage":0,"enemies":"3 Shapes","floor":35,"turns":2},{"damage":0,"enemies":"3 Darklings","floor":36,"turns":5},{"damage":0,"enemies":"4 Shapes","floor":38,"turns":5},{"damage":0,"enemies":"Sphere and 2 Shapes","floor":39,"turns":4},{"damage":0,"enemies":"Reptomancer","floor":40,"turns":8},{"damage":0,"enemies":"Transient","floor":41,"turns":5},{"damage":0,"enemies":"Giant Head","floor":42,"turns":10},{"damage":0,"enemies":"3 Darklings","floor":44,"turns":3},{"damage":0,"enemies":"Reptomancer","floor":45,"turns":5},{"damage":0,"enemies":"Writhing Mass","floor":46,"turns":5},{"damage":0,"enemies":"Spire Growth","floor":47,"turns":4},{"damage":0,"enemies":"2 Orb Walkers","floor":48,"turns":3},{"damage":0,"enemies":"Donu and Deca","floor":50,"turns":10},{"damage":18,"enemies":"Shield and Spear","floor":54,"turns":8},{"damage":0,"enemies":"The Heart","floor":55,"turns":11}],"seed_played":"4969556832818386326","potions_obtained":[{"floor":1,"key":"AttackPotion"},{"floor":6,"key":"AttackPotion"},{"floor":16,"key":"FearPotion"},{"floor":19,"key":"FearPotion"},{"floor":23,"key":"Energy Potion"},{"floor":31,"key":"Poison Potion"},{"floor":35,"key":"LiquidBronze"},{"floor":37,"key":"PowerPotion"},{"floor":37,"key":"EntropicBrew"},{"floor":44,"key":"Weak Potion"}],"is_trial":false,"path_per_floor":["M","M","$","?","M","E","M","R","T","R","E","$","E","$","R","B",null,"M","M","?","M","?","E","R","M","T","R","?","E","?","M","R","B",null,"M","M","?","M","M","E","M","E","T","M","E","M","M","?","R","B",null,"R","$","E","B",null],"character_chosen":"DEFECT","items_purchased":["Reinforced Body","Conserve Battery","Coolheaded","Chill","Gambling Chip","Blood Vial","Toy Ornithopter"],"campfire_rested":1,"item_purchase_floors":[3,12,12,14,53,53,53],"current_hp_per_floor":[68,66,66,66,64,35,34,34,34,54,38,38,37,37,37,43,68,68,68,68,68,68,68,68,61,61,61,61,68,68,68,68,68,68,68,68,68,68,68,68,68,68,68,68,68,68,68,68,68,68,68,68,68,56,68],"gold":157,"neow_bonus":"THREE_RARE_CARDS","is_prod":false,"is_daily":false,"chose_seed":false,"campfire_upgraded":6,"win_rate":0,"timestamp":1544502414,"path_taken":["M","?","?","?","?","E","M","R","T","R","E","?","E","?","R","BOSS","M","M","?","?","?","E","R","M","T","R","?","E","?","M","R","BOSS","M","M","?","M","M","E","M","E","T","?","E","M","M","?","R","BOSS","R","$","E","BOSS"],"build_version":"2018-12-06","purchased_purges":2,"victory":true,"max_hp_per_floor":[68,68,68,68,68,68,68,68,68,68,68,68,68,68,68,68,68,68,68,68,68,68,68,68,68,68,68,68,68,68,68,68,68,68,68,68,68,68,68,68,68,68,68,68,68,68,68,68,68,68,68,68,68,68,68],"card_choices":[{"not_picked":["Meteor Strike","Rainbow"],"picked":"Echo Form","floor":0},{"not_picked":["Beam Cell","Sweeping Beam"],"picked":"Melter","floor":1},{"not_picked":["Stack","Streamline"],"picked":"Gash","floor":2},{"not_picked":["Turbo","Hologram"],"picked":"Steam","floor":5},{"not_picked":["Redo","Reinforced Body"],"picked":"Cold Snap","floor":6},{"not_picked":["Scrape","Darkness"],"picked":"Rainbow","floor":7},{"not_picked":["Lockon","Coolheaded"],"picked":"Glacier","floor":11},{"not_picked":["Reinforced Body","Fission"],"picked":"Buffer+1","floor":13},{"not_picked":["Biased Cognition+1","Fission"],"picked":"Electrodynamics+1","floor":16},{"not_picked":["Steam+1","Go for the Eyes","Rebound"],"picked":"SKIP","floor":18},{"not_picked":["Redo","Gash"],"picked":"Reinforced Body","floor":19},{"not_picked":["Glacier","Cold Snap+1"],"picked":"Sunder","floor":21},{"not_picked":["Darkness","Turbo"],"picked":"Loop+1","floor":23},{"not_picked":["Go for the Eyes","Cold Snap"],"picked":"Streamline","floor":25},{"not_picked":["Beam Cell","Conserve Battery","Steam Power+1"],"picked":"SKIP","floor":25},{"not_picked":["Conserve Battery","Coolheaded"],"picked":"Loop+1","floor":29},{"not_picked":["Chill","Redo","Barrage"],"picked":"SKIP","floor":31},{"not_picked":["Steam","Ball Lightning","Conserve Battery"],"picked":"SKIP","floor":31},{"not_picked":["Reboot","Multi-Cast"],"picked":"Biased Cognition+1","floor":33},{"not_picked":["Cold Snap","Barrage+1"],"picked":"Blizzard","floor":35},{"not_picked":["Gash","Fusion","Sweeping Beam+1"],"picked":"SKIP","floor":35},{"not_picked":["Skim","Chill+1"],"picked":"Force Field","floor":36},{"not_picked":["Stack","Gash+1"],"picked":"Conserve Battery+1","floor":36},{"not_picked":["Steam Power+1","Aggregate+1"],"picked":"Rainbow","floor":38},{"not_picked":["Go for the Eyes+1","Cold Snap"],"picked":"Reinforced Body","floor":38},{"not_picked":["Redo","Go for the Eyes","Coolheaded"],"picked":"SKIP","floor":39},{"not_picked":["Turbo+1","Scrape","Conserve Battery+1"],"picked":"SKIP","floor":39},{"not_picked":["Steam+1","Compile Driver+1"],"picked":"Sunder","floor":40},{"not_picked":["Seek","Recycle","Barrage+1"],"picked":"SKIP","floor":41},{"not_picked":["Darkness","Stack","Go for the Eyes"],"picked":"SKIP","floor":41},{"not_picked":["Leap+1","Sweeping Beam+1"],"picked":"Go for the Eyes+1","floor":42},{"not_picked":["Turbo","Hologram"],"picked":"Conserve Battery+1","floor":44},{"not_picked":["Streamline","Aggregate","Double Energy+1"],"picked":"SKIP","floor":44},{"not_picked":["Steam+1","Compile Driver+1","Hologram"],"picked":"SKIP","floor":45},{"not_picked":["Steam+1","Hologram"],"picked":"Compile Driver+1","floor":45},{"not_picked":["Multi-Cast","Double Energy"],"picked":"Capacitor+1","floor":46},{"not_picked":["Compile Driver+1","Coolheaded"],"picked":"Stack+1","floor":46},{"not_picked":["Ball Lightning+1","Steam+1"],"picked":"White Noise+1","floor":47},{"not_picked":["BootSequence+1","Rebound+1"],"picked":"Go for the Eyes+1","floor":47},{"not_picked":["Barrage+1","Streamline+1"],"picked":"Core Surge+1","floor":48},{"not_picked":["Gash+1","Hologram","Fusion"],"picked":"SKIP","floor":54}],"player_experience":3755147,"relics_obtained":[{"floor":6,"key":"Bird Faced Urn"},{"floor":9,"key":"Turnip"},{"floor":11,"key":"Dodecahedron"},{"floor":13,"key":"Art of War"},{"floor":23,"key":"Prayer Wheel"},{"floor":26,"key":"MawBank"},{"floor":29,"key":"Ancient Tea Set"},{"floor":40,"key":"FossilizedHelix"},{"floor":42,"key":"Mercury Hourglass"},{"floor":45,"key":"Molten Egg 2"},{"floor":48,"key":"Ginger"},{"floor":54,"key":"Bronze Scales"}],"event_choices":[{"damage_healed":0,"gold_gain":0,"player_choice":"Gave Potion","damage_taken":0,"relics_obtained":["Frozen Egg 2"],"max_hp_gain":0,"max_hp_loss":0,"event_name":"WeMeetAgain","floor":4,"gold_loss":0},{"cards_removed":["Defend_B"],"damage_healed":0,"gold_gain":0,"player_choice":"Card Removal","damage_taken":0,"max_hp_gain":0,"max_hp_loss":0,"event_name":"Wheel of Change","floor":20,"gold_loss":0},{"cards_removed":["Strike_B"],"damage_healed":0,"gold_gain":0,"player_choice":"Gave Gold","damage_taken":0,"max_hp_gain":0,"max_hp_loss":0,"event_name":"Beggar","floor":22,"gold_loss":75},{"damage_healed":0,"gold_gain":0,"player_choice":"Simplicity","damage_taken":0,"max_hp_gain":0,"max_hp_loss":0,"event_name":"Back to Basics","floor":28,"gold_loss":0,"cards_upgraded":["Strike_B","Strike_B","Defend_B","Defend_B","Defend_B"]},{"damage_healed":0,"gold_gain":0,"player_choice":"Read","damage_taken":0,"max_hp_gain":0,"max_hp_loss":0,"event_name":"The Library","floor":30,"gold_loss":0,"cards_obtained":["Glacier"]},{"damage_healed":0,"gold_gain":0,"player_choice":"Bought 3 Potions","damage_taken":0,"max_hp_gain":0,"max_hp_loss":0,"event_name":"The Woman in Blue","floor":37,"gold_loss":0},{"damage_healed":0,"gold_gain":0,"player_choice":"Fight","damage_taken":0,"max_hp_gain":0,"max_hp_loss":0,"event_name":"Mysterious Sphere","floor":48,"gold_loss":0}],"is_beta":true,"boss_relics":[{"not_picked":["Calling Bell","Orrery"],"picked":"Snecko Eye"},{"not_picked":["Cursed Key","Tiny House"],"picked":"Coffee Dripper"}],"items_purged_floors":[3,53],"is_endless":false,"potions_floor_spawned":[1,6,16,19,23,25,31,35,39,44,45,47,54],"ascension_level":1}