{"gold_per_floor":[116,127,202,90,90,121,186,230,230,230,244,54,54,69,69,190,190,205,205,57,78,78],"floor_reached":22,"playtime":1273,"items_purged":["Defend_G"],"score":221,"play_id":"e349c939-4bad-4d37-bd96-729e33457e44","local_time":"20190211213936","is_ascension_mode":true,"campfire_choices":[{"floor":10,"key":"REST"},{"data":"Poisoned Stab","floor":13,"key":"SMITH"},{"floor":15,"key":"REST"}],"neow_cost":"NONE","seed_source_timestamp":265660633308114,"circlet_count":0,"master_deck":["Defend_G","Defend_G","Defend_G","Strike_G","Strike_G","Strike_G","Strike_G","Strike_G","Survivor","Neutralize","Bullet Time","Dagger Throw","Poisoned Stab+1","Backstab","Poisoned Stab","Poisoned Stab","Endless Agony","Hello World","Tools of the Trade","Slice+1","Writhe","Sweeping Beam"],"relics":["Ring of the Snake","Golden Idol","Lantern","Regal Pillow","Bottled Flame","PrismaticShard","WristBlade","Bronze Scales","Snake Skull"],"potions_floor_usage":[6,16,22],"damage_taken":[{"damage":3,"enemies":"Jaw Worm","floor":1,"turns":4},{"damage":8,"enemies":"Small Slimes","floor":2,"turns":4},{"damage":7,"enemies":"Gremlin Nob","floor":6,"turns":3},{"damage":22,"enemies":"3 Sentries","floor":8,"turns":8},{"damage":0,"enemies":"2 Louse","floor":11,"turns":1},{"damage":0,"enemies":"Exordium Wildlife","floor":14,"turns":2},{"damage":45,"enemies":"The Guardian","floor":16,"turns":8},{"damage":6,"enemies":"3 Byrds","floor":18,"turns":5},{"damage":25,"enemies":"Shell Parasite","floor":21,"turns":3},{"damage":47,"enemies":"Centurion and Healer","floor":22,"turns":3}],"seed_played":"-5339439127885150588","potions_obtained":[{"floor":1,"key":"AttackPotion"},{"floor":6,"key":"SmokeBomb"},{"floor":8,"key":"LiquidBronze"},{"floor":11,"key":"Ancient Potion"},{"floor":21,"key":"Fire Potion"}],"is_trial":false,"path_per_floor":["M","M","?","$","?","E","?","E","T","R","M","$","R","M","R","B",null,"M","?","$","M","M"],"character_chosen":"THE_SILENT","items_purchased":["Backstab","PrismaticShard","Snake Skull"],"campfire_rested":2,"item_purchase_floors":[4,12,20],"current_hp_per_floor":[67,59,48,48,31,24,24,2,2,38,38,38,38,38,70,25,70,64,64,64,39,0],"gold":78,"neow_bonus":"TRANSFORM_CARD","is_prod":false,"is_daily":false,"chose_seed":false,"campfire_upgraded":1,"win_rate":0,"timestamp":1549949976,"path_taken":["M","M","?","$","?","E","?","E","T","R","M","$","R","M","R","BOSS","M","?","$","M","M"],"build_version":"2019-01-23","purchased_purges":1,"victory":false,"max_hp_per_floor":[70,70,70,70,70,70,70,70,70,70,70,70,70,70,70,70,70,70,70,70,70,70],"card_choices":[{"not_picked":["Calculated Gamble","Dodge and Roll"],"picked":"Dagger Throw","floor":1},{"not_picked":["Blade Dance","Sucker Punch"],"picked":"Poisoned Stab","floor":2},{"not_picked":["Calculated Gamble","Dodge and Roll"],"picked":"Poisoned Stab","floor":6},{"not_picked":["Sucker Punch","Night Terror"],"picked":"Poisoned Stab","floor":8},{"not_picked":["All Out Attack","PiercingWail"],"picked":"Endless Agony","floor":11},{"not_picked":["Reinforced Body","Dodge and Roll"],"picked":"Hello World","floor":14},{"not_picked":["Brutality","Unload"],"picked":"Tools of the Trade","floor":16},{"not_picked":["Perfected Strike+1","Melter"],"picked":"Slice+1","floor":18},{"not_picked":["Steam","Heatsinks"],"picked":"Sweeping Beam","floor":21}],"player_experience":157539,"relics_obtained":[{"floor":6,"key":"Lantern"},{"floor":8,"key":"Regal Pillow"},{"floor":9,"key":"Bottled Flame"}],"event_choices":[{"damage_healed":0,"gold_gain":75,"player_choice":"Gather Gold","damage_taken":11,"max_hp_gain":0,"max_hp_loss":0,"event_name":"World of Goop","floor":3,"gold_loss":0},{"damage_healed":0,"gold_gain":0,"player_choice":"Take Damage","damage_taken":17,"relics_obtained":["Golden Idol"],"max_hp_gain":0,"max_hp_loss":0,"event_name":"Golden Idol","floor":5,"gold_loss":0},{"damage_healed":0,"gold_gain":65,"player_choice":"Gained Gold","damage_taken":0,"max_hp_gain":0,"max_hp_loss":0,"event_name":"Golden Wing","floor":7,"gold_loss":0},{"damage_healed":0,"gold_gain":0,"player_choice":"Opened","damage_taken":0,"relics_obtained":["Bronze Scales"],"max_hp_gain":0,"max_hp_loss":0,"event_name":"The Mausoleum","floor":19,"gold_loss":0,"cards_obtained":["Writhe"]}],"is_beta":false,"boss_relics":[{"not_picked":["Snecko Eye","Ectoplasm"],"picked":"WristBlade"}],"items_purged_floors":[4],"is_endless":false,"potions_floor_spawned":[1,6,8,11,21],"killed_by":"Centurion and Healer","ascension_level":3}