{"gold_per_floor":[215,226,241,241,256,281,281,310,337,337,12,12,12,39,39,39],"floor_reached":16,"playtime":426,"items_purged":[],"score":236,"play_id":"ccef7178-f30e-4e90-8f21-6a44a34399c5","local_time":"20190211202657","is_ascension_mode":true,"campfire_choices":[{"data":"Clothesline","floor":7,"key":"SMITH"},{"floor":10,"key":"REST"},{"data":"Bash","floor":12,"key":"SMITH"},{"data":"Twin Strike","floor":15,"key":"SMITH"}],"neow_cost":"NONE","seed_source_timestamp":2805427840653339,"circlet_count":0,"master_deck":["AscendersBane","Strike_R","Strike_R","Strike_R","Strike_R","Strike_R","Defend_R","Defend_R","Defend_R","Defend_R","Bash+1","Thunderclap","Twin Strike+1","Impervious","Clothesline+1","Shrug It Off","Shockwave"],"relics":["Burning Blood","Pantograph","Red Skull","Blood Vial","Champion Belt","Bag of Marbles"],"potions_floor_usage":[6,6],"damage_taken":[{"damage":12,"enemies":"Jaw Worm","floor":1,"turns":3},{"damage":6,"enemies":"Cultist","floor":2,"turns":3},{"damage":5,"enemies":"2 Louse","floor":3,"turns":3},{"damage":11,"enemies":"Looter","floor":5,"turns":4},{"damage":15,"enemies":"Lagavulin","floor":6,"turns":5},{"damage":47,"enemies":"3 Sentries","floor":8,"turns":10},{"damage":30,"enemies":"Lagavulin","floor":14,"turns":4},{"damage":38,"enemies":"Hexaghost","floor":16,"turns":9}],"seed_played":"5790157448150068320","potions_obtained":[{"floor":2,"key":"Energy Potion"},{"floor":5,"key":"Strength Potion"}],"is_trial":false,"path_per_floor":["M","M","M","?","M","E","R","E","T","R","$","R","$","E","R","B"],"character_chosen":"IRONCLAD","items_purchased":["Champion Belt"],"campfire_rested":1,"item_purchase_floors":[11],"current_hp_per_floor":[62,62,63,63,58,49,49,8,8,30,30,30,30,8,8,0],"gold":39,"neow_bonus":"HUNDRED_GOLD","is_prod":false,"is_daily":false,"chose_seed":false,"campfire_upgraded":3,"win_rate":0,"timestamp":1549934817,"path_taken":["M","M","M","?","M","E","R","E","T","R","?","R","$","E","R","BOSS"],"build_version":"2019-01-23","purchased_purges":0,"victory":false,"max_hp_per_floor":[75,75,75,75,75,75,75,75,75,75,75,75,75,75,75,75],"card_choices":[{"not_picked":["Perfected Strike","Clash"],"picked":"Thunderclap","floor":1},{"not_picked":["Flex","Heavy Blade"],"picked":"Twin Strike","floor":2},{"not_picked":["Body Slam","Heavy Blade"],"picked":"Impervious","floor":3},{"not_picked":["Shrug It Off","Anger"],"picked":"Clothesline","floor":5},{"not_picked":["Iron Wave","Rage","Heavy Blade"],"picked":"SKIP","floor":6},{"not_picked":["Heavy Blade","Wild Strike"],"picked":"Shrug It Off","floor":8},{"not_picked":["Thunderclap","Cleave"],"picked":"Shockwave","floor":14}],"player_experience":926488,"relics_obtained":[{"floor":6,"key":"Pantograph"},{"floor":8,"key":"Red Skull"},{"floor":9,"key":"Blood Vial"},{"floor":14,"key":"Bag of Marbles"}],"event_choices":[{"damage_healed":0,"gold_gain":0,"player_choice":"Leave","damage_taken":0,"max_hp_gain":0,"max_hp_loss":0,"event_name":"The Cleric","floor":4,"gold_loss":0}],"is_beta":false,"boss_relics":[],"items_purged_floors":[],"is_endless":false,"potions_floor_spawned":[2,5],"killed_by":"Hexaghost","ascension_level":20}