{"gold_per_floor":[117,117,135,135,155,155,184,201,501,533,591,624,643,662,662,762,762,782,782,801,819,142,142,171,186,186,213,128,28,53,66,66,168,168,178,178,178,232,2,29,54,54,78,78,110,110,144,161,161,161,161,161,24,54,54],"floor_reached":56,"playtime":5057,"items_purged":["Pain","Strike_G"],"score":1761,"play_id":"9603b9c9-ad9b-43ef-a78e-52d361052e19","local_time":"20190212053945","is_ascension_mode":true,"campfire_choices":[{"data":"Dash","floor":6,"key":"SMITH"},{"data":"After Image","floor":15,"key":"SMITH"},{"data":"Footwork","floor":23,"key":"SMITH"},{"data":"Noxious Fumes","floor":32,"key":"SMITH"},{"floor":46,"key":"RECALL"},{"data":"Infinite Blades","floor":49,"key":"SMITH"},{"data":"Madness","floor":52,"key":"SMITH"}],"neow_cost":"TEN_PERCENT_HP_LOSS","seed_source_timestamp":4986114454845756,"circlet_count":0,"master_deck":["Defend_G","Defend_G","Defend_G","Defend_G","Defend_G","Strike_G","Strike_G","Strike_G","Strike_G+1","Survivor","Neutralize+1","Poisoned Stab","Cloak And Dagger","Dash+1","After Image+1","Poisoned Stab","Footwork+1","Well Laid Plans","Infinite Blades+1","Crippling Poison","Bouncing Flask","Venomology","Deflect","Dagger Spray+1","Caltrops+1","Calculated Gamble","Terror","Leg Sweep","Die Die Die","Outmaneuver","Noxious Fumes+1","Malaise","Flechettes","Madness","Madness+1","Backflip","Flying Knee","Night Terror","Heel Hook+1","Burst","Heel Hook+1","Blur","PiercingWail","Prepared+1"],"relics":["Ring of the Snake","FossilizedHelix","WarpedTongs","StoneCalendar","Old Coin","Ice Cream","Art of War","Potion Belt","Runic Pyramid","Toolbox","Singing Bowl","Question Card","Bronze Scales","Blue Candle","Juzu Bracelet","Centennial Puzzle","Coffee Dripper","WingedGreaves","PreservedInsect","Unceasing Top","Blood Vial","Pen Nib","Omamori","Letter Opener"],"potions_floor_usage":[7,16,16,19,19,19,20,24,30,30,35,35,38,38,38,38,41,45,45,45,45,47,50,50,54,55,55,55,55,55,55],"damage_taken":[{"damage":0,"enemies":"2 Louse","floor":1,"turns":4},{"damage":4,"enemies":"Cultist","floor":3,"turns":3},{"damage":2,"enemies":"Jaw Worm","floor":5,"turns":3},{"damage":11,"enemies":"Lagavulin","floor":7,"turns":8},{"damage":0,"enemies":"Looter","floor":8,"turns":3},{"damage":10,"enemies":"3 Sentries","floor":10,"turns":7},{"damage":1,"enemies":"3 Sentries","floor":11,"turns":7},{"damage":3,"enemies":"Lagavulin","floor":12,"turns":6},{"damage":4,"enemies":"Large Slime","floor":13,"turns":6},{"damage":0,"enemies":"2 Fungi Beasts","floor":14,"turns":5},{"damage":1,"enemies":"The Guardian","floor":16,"turns":9},{"damage":4,"enemies":"Chosen","floor":18,"turns":6},{"damage":14,"enemies":"Colosseum Slavers","floor":19,"turns":5},{"damage":1,"enemies":"Shell Parasite","floor":20,"turns":7},{"damage":11,"enemies":"Centurion and Healer","floor":21,"turns":7},{"damage":9,"enemies":"Slavers","floor":24,"turns":7},{"damage":0,"enemies":"Sentry and Sphere","floor":25,"turns":7},{"damage":0,"enemies":"Book of Stabbing","floor":27,"turns":6},{"damage":0,"enemies":"Gremlin Leader","floor":30,"turns":7},{"damage":0,"enemies":"3 Cultists","floor":31,"turns":6},{"damage":0,"enemies":"Automaton","floor":33,"turns":8},{"damage":0,"enemies":"3 Shapes","floor":35,"turns":2},{"damage":0,"enemies":"2 Orb Walkers","floor":38,"turns":4},{"damage":0,"enemies":"Nemesis","floor":40,"turns":7},{"damage":0,"enemies":"Reptomancer","floor":41,"turns":7},{"damage":0,"enemies":"Giant Head","floor":45,"turns":8},{"damage":0,"enemies":"Reptomancer","floor":47,"turns":4},{"damage":0,"enemies":"Orb Walker","floor":48,"turns":3},{"damage":0,"enemies":"Donu and Deca","floor":50,"turns":11},{"damage":15,"enemies":"Shield and Spear","floor":54,"turns":6},{"damage":42,"enemies":"The Heart","floor":55,"turns":10}],"seed_played":"-806649179319973274","potions_obtained":[{"floor":5,"key":"Regen Potion"},{"floor":7,"key":"Poison Potion"},{"floor":10,"key":"SkillPotion"},{"floor":11,"key":"PowerPotion"},{"floor":12,"key":"GhostInAJar"},{"floor":16,"key":"SpeedPotion"},{"floor":21,"key":"EntropicBrew"},{"floor":24,"key":"SpeedPotion"},{"floor":31,"key":"PowerPotion"},{"floor":41,"key":"Block Potion"},{"floor":47,"key":"SkillPotion"}],"is_trial":false,"path_per_floor":["M","?","M","?","M","R","E","M","T","E","?","E","M","M","R","B",null,"M","?","M","M","$","R","E","M","T","E","?","$","E","M","R","B",null,"M","?","?","?","$","E","E","?","T","$","E","R","E","M","R","B",null,"R","$","E","B",null],"character_chosen":"THE_SILENT","items_purchased":["Calculated Gamble","Terror","Toolbox","Singing Bowl","PreservedInsect","PowerPotion","Flying Knee","Energy Potion","Blur","PiercingWail"],"campfire_rested":0,"item_purchase_floors":[22,22,22,22,39,39,39,53,53,53],"current_hp_per_floor":[63,63,59,46,44,44,48,48,48,38,37,34,30,30,30,29,63,59,45,59,48,48,48,41,41,41,41,41,41,41,41,41,41,65,65,65,57,57,57,57,59,59,59,59,61,61,63,65,65,67,67,67,67,52,12],"gold":54,"neow_bonus":"ONE_RARE_RELIC","is_prod":false,"is_daily":false,"chose_seed":false,"campfire_upgraded":6,"win_rate":0,"timestamp":1549967985,"path_taken":["M","?","?","?","M","R","E","M","T","E","?","E","M","M","R","BOSS","M","?","M","M","$","R","E","M","T","E","?","?","E","M","R","BOSS","M","?","?","?","$","E","E","?","T","?","E","R","E","M","R","BOSS","R","$","E","BOSS"],"build_version":"2019-02-06","purchased_purges":2,"victory":true,"max_hp_per_floor":[63,63,63,63,63,63,63,63,63,63,63,63,63,63,63,63,63,63,63,63,63,63,63,65,65,65,65,65,65,65,65,65,65,65,65,65,65,65,65,65,67,67,67,67,67,67,67,67,67,67,67,67,67,67,67],"card_choices":[{"not_picked":["Slice","Expertise"],"picked":"Poisoned Stab","floor":1},{"not_picked":["Reflex","Quick Slash"],"picked":"Cloak And Dagger","floor":3},{"not_picked":["Bane","Skewer"],"picked":"Dash","floor":5},{"not_picked":["Poisoned Stab","Blade Dance"],"picked":"After Image","floor":7},{"not_picked":["Prepared","Outmaneuver"],"picked":"Poisoned Stab","floor":8},{"not_picked":["Leg Sweep","Heel Hook"],"picked":"Footwork","floor":10},{"not_picked":["Flying Knee","Bane"],"picked":"Well Laid Plans","floor":11},{"not_picked":["Quick Slash","Expertise"],"picked":"Infinite Blades","floor":12},{"not_picked":["Sucker Punch","Dagger Throw"],"picked":"Crippling Poison","floor":13},{"not_picked":["Underhanded Strike","Poisoned Stab"],"picked":"Bouncing Flask","floor":14},{"not_picked":["Die Die Die","Storm of Steel"],"picked":"Venomology","floor":16},{"not_picked":["Cloak And Dagger","Poisoned Stab"],"picked":"Deflect","floor":18},{"not_picked":["Cloak And Dagger","Underhanded Strike"],"picked":"Dagger Spray+1","floor":20},{"not_picked":["Cloak And Dagger+1","Sucker Punch"],"picked":"Caltrops+1","floor":21},{"not_picked":["Prepared","Poisoned Stab","Well Laid Plans+1"],"picked":"Singing Bowl","floor":24},{"not_picked":["Predator","Dodge and Roll","PiercingWail"],"picked":"Leg Sweep","floor":25},{"not_picked":["Poisoned Stab+1","Terror","Bouncing Flask"],"picked":"Die Die Die","floor":27},{"not_picked":["Endless Agony","Reflex","Blade Dance"],"picked":"Outmaneuver","floor":30},{"not_picked":["Prepared","Setup","Dagger Throw+1"],"picked":"Noxious Fumes","floor":31},{"not_picked":["A Thousand Cuts","Venomology","Wraith Form v2"],"picked":"Malaise","floor":33},{"not_picked":["Backflip","Acrobatics+1","Crippling Poison+1"],"picked":"Flechettes","floor":35},{"not_picked":["Blade Dance+1","Predator+1","Underhanded Strike"],"picked":"Backflip","floor":38},{"not_picked":["Cloak And Dagger+1","Predator+1","Quick Slash"],"picked":"Night Terror","floor":40},{"not_picked":["Riddle With Holes","Expertise","Blade Dance+1","Tactician+1"],"picked":"Singing Bowl","floor":41},{"not_picked":["Backflip","Calculated Gamble+1","Bane"],"picked":"Heel Hook+1","floor":45},{"not_picked":["Deadly Poison","Backstab+1","Deflect+1"],"picked":"Burst","floor":47},{"not_picked":["Slice+1","Poisoned Stab","Dagger Throw"],"picked":"Heel Hook+1","floor":48},{"not_picked":["Dagger Throw","Reflex+1","Sucker Punch"],"picked":"Prepared+1","floor":54}],"player_experience":4480407,"relics_obtained":[{"floor":7,"key":"StoneCalendar"},{"floor":9,"key":"Old Coin"},{"floor":10,"key":"Ice Cream"},{"floor":11,"key":"Art of War"},{"floor":12,"key":"Potion Belt"},{"floor":24,"key":"Question Card"},{"floor":26,"key":"Bronze Scales"},{"floor":27,"key":"Blue Candle"},{"floor":30,"key":"Centennial Puzzle"},{"floor":38,"key":"WingedGreaves"},{"floor":40,"key":"Unceasing Top"},{"floor":41,"key":"Blood Vial"},{"floor":45,"key":"Pen Nib"},{"floor":47,"key":"Omamori"},{"floor":54,"key":"Letter Opener"}],"event_choices":[{"damage_healed":0,"gold_gain":0,"player_choice":"Rummage","damage_taken":0,"relics_obtained":["WarpedTongs"],"max_hp_gain":0,"max_hp_loss":0,"event_name":"Accursed Blacksmith","floor":2,"gold_loss":0,"cards_obtained":["Pain"]},{"damage_healed":0,"gold_gain":0,"player_choice":"Entered Light","damage_taken":13,"max_hp_gain":0,"max_hp_loss":0,"event_name":"Shining Light","floor":4,"gold_loss":0,"cards_upgraded":["Strike_G","Neutralize"]},{"damage_healed":0,"gold_gain":0,"player_choice":"Searched \u00272\u0027 times","damage_taken":0,"max_hp_gain":0,"max_hp_loss":0,"event_name":"Dead Adventurer","floor":11,"gold_loss":0},{"damage_healed":0,"gold_gain":0,"player_choice":"Fight","damage_taken":0,"max_hp_gain":0,"max_hp_loss":0,"event_name":"Colosseum","floor":19,"gold_loss":0},{"damage_healed":0,"gold_gain":0,"player_choice":"Fled From Nobs","damage_taken":0,"max_hp_gain":0,"max_hp_loss":0,"event_name":"Colosseum","floor":19,"gold_loss":0},{"damage_healed":0,"gold_gain":0,"player_choice":"Obtained Relic","damage_taken":0,"relics_obtained":["Juzu Bracelet"],"max_hp_gain":0,"max_hp_loss":0,"event_name":"Addict","floor":28,"gold_loss":85},{"damage_healed":0,"gold_gain":0,"player_choice":"Ignored","damage_taken":0,"max_hp_gain":0,"max_hp_loss":0,"event_name":"Tomb of Lord Red Mask","floor":36,"gold_loss":0},{"damage_healed":0,"gold_gain":0,"player_choice":"Embrace Madness","damage_taken":8,"max_hp_gain":0,"max_hp_loss":0,"event_name":"Winding Halls","floor":37,"gold_loss":0,"cards_obtained":["Madness","Madness"]},{"damage_healed":0,"gold_gain":0,"player_choice":"Fight","damage_taken":0,"max_hp_gain":0,"max_hp_loss":0,"event_name":"Mysterious Sphere","floor":38,"gold_loss":0},{"damage_healed":0,"gold_gain":0,"player_choice":"0 cards matched","damage_taken":0,"max_hp_gain":0,"max_hp_loss":0,"event_name":"Match and Keep!","floor":42,"gold_loss":0,"cards_obtained":[]}],"is_beta":true,"boss_relics":[{"not_picked":["Eternal Feather","Astrolabe"],"picked":"Runic Pyramid"},{"not_picked":["White Beast Statue","Black Star"],"picked":"Coffee Dripper"}],"items_purged_floors":[22,29],"is_endless":false,"potions_floor_spawned":[5,7,10,11,12,16,19,21,24,31,33,38,41,45,47],"ascension_level":1}