{"gold_per_floor":[114,128,128,148,113,140,140,168,168,168,186,151,17,17,17,94,94,111,111,111],"floor_reached":20,"playtime":884,"items_purged":[],"score":306,"play_id":"058c08fb-7da0-40f1-86a2-0f9c83d2020b","local_time":"20190222180642","is_ascension_mode":true,"campfire_choices":[{"floor":7,"key":"REST"},{"floor":10,"key":"REST"},{"data":"Zap","floor":15,"key":"SMITH"}],"neow_cost":"NONE","seed_source_timestamp":599539875727825,"circlet_count":0,"master_deck":["AscendersBane","Strike_B","Strike_B+1","Strike_B","Strike_B","Defend_B","Defend_B","Defend_B+1","Defend_B","Zap+1","Dualcast","Darkness","Conserve Battery","FTL","Undo","FTL","BootSequence","Go for the Eyes","Buffer","FTL","Necronomicurse"],"relics":["FrozenCore","Ginger","Torii","Gambling Chip","Necronomicon"],"potions_floor_usage":[6],"damage_taken":[{"damage":13,"enemies":"Small Slimes","floor":1,"turns":6},{"damage":8,"enemies":"Jaw Worm","floor":2,"turns":4},{"damage":1,"enemies":"2 Louse","floor":4,"turns":5},{"damage":14,"enemies":"3 Sentries","floor":6,"turns":7},{"damage":28,"enemies":"Lagavulin","floor":8,"turns":10},{"damage":0,"enemies":"Looter","floor":11,"turns":4},{"damage":24,"enemies":"The Guardian","floor":16,"turns":12},{"damage":0,"enemies":"Chosen","floor":18,"turns":6},{"damage":56,"enemies":"Masked Bandits","floor":20,"turns":5}],"seed_played":"9040982019493897036","potions_obtained":[{"floor":2,"key":"Dexterity Potion"},{"floor":4,"key":"SneckoOil"}],"is_trial":false,"path_per_floor":["M","M","?","M","?","E","R","E","T","R","M","?","$","$","R","B",null,"M","?","?"],"character_chosen":"DEFECT","items_purchased":["BootSequence","Go for the Eyes"],"campfire_rested":2,"item_purchase_floors":[13,13],"current_hp_per_floor":[58,50,34,33,33,19,42,14,14,37,37,56,56,56,56,32,67,67,51,0],"gold":111,"neow_bonus":"TEN_PERCENT_HP_BONUS","is_prod":false,"is_daily":false,"chose_seed":false,"campfire_upgraded":1,"win_rate":0,"timestamp":1550837202,"path_taken":["M","M","?","M","?","E","R","E","T","R","M","?","?","$","R","BOSS","M","?","?"],"build_version":"2019-01-23","purchased_purges":0,"victory":false,"max_hp_per_floor":[78,78,78,78,78,78,78,78,78,78,78,78,78,78,78,78,78,78,78,78],"card_choices":[{"not_picked":["Beam Cell","Double Energy"],"picked":"Darkness","floor":1},{"not_picked":["Gash","Streamline"],"picked":"Conserve Battery","floor":2},{"not_picked":["Ball Lightning","Cold Snap"],"picked":"FTL","floor":4},{"not_picked":["Hello World","Streamline"],"picked":"Undo","floor":6},{"not_picked":["Beam Cell","Streamline","Rip and Tear"],"picked":"SKIP","floor":8},{"not_picked":["Static Discharge","Conserve Battery"],"picked":"FTL","floor":11},{"not_picked":["Rainbow","Multi-Cast"],"picked":"Buffer","floor":16},{"not_picked":["Loop","Streamline"],"picked":"FTL","floor":18}],"player_experience":871455,"relics_obtained":[{"floor":6,"key":"Ginger"},{"floor":8,"key":"Torii"},{"floor":9,"key":"Gambling Chip"},{"floor":19,"key":"Necronomicon"}],"event_choices":[{"damage_healed":0,"gold_gain":0,"player_choice":"Entered Light","damage_taken":16,"max_hp_gain":0,"max_hp_loss":0,"event_name":"Shining Light","floor":3,"gold_loss":0,"cards_upgraded":["Strike_B","Defend_B"]},{"damage_healed":0,"gold_gain":0,"player_choice":"Left Gold","damage_taken":0,"max_hp_gain":0,"max_hp_loss":0,"event_name":"World of Goop","floor":5,"gold_loss":35},{"damage_healed":19,"gold_gain":0,"player_choice":"Healed","damage_taken":0,"max_hp_gain":0,"max_hp_loss":0,"event_name":"The Cleric","floor":12,"gold_loss":35},{"damage_healed":0,"gold_gain":0,"player_choice":"Obtained Book","damage_taken":16,"max_hp_gain":0,"max_hp_loss":0,"event_name":"Cursed Tome","floor":19,"gold_loss":0},{"damage_healed":0,"gold_gain":0,"player_choice":"Fought Bandits","damage_taken":0,"max_hp_gain":0,"max_hp_loss":0,"event_name":"Masked Bandits","floor":20,"gold_loss":0}],"is_beta":false,"boss_relics":[{"not_picked":["Lizard Tail","Orrery"],"picked":"FrozenCore"}],"items_purged_floors":[],"is_endless":false,"potions_floor_spawned":[2,4],"killed_by":"Masked Bandits","ascension_level":14}