{"gold_per_floor":[111,36,36,50,68,68,94,94,94,128,148,171,171,182,182,261,261,272,272,187,187,187,187,202,228,251,301,317,317,334,349,349,423,423,433,449,449,461,461,461,461,79,103,23,34,49,49,62,62,62,62,62,62,20,20],"floor_reached":55,"playtime":2723,"items_purged":["Strike_B","Strike_B"],"score":1694,"play_id":"ee54d4a5-d2c8-417b-b6d5-f4f3c5d5f367","local_time":"20190207170251","is_ascension_mode":true,"campfire_choices":[{"data":"Sunder","floor":6.0,"key":"SMITH"},{"data":"Barrage","floor":8.0,"key":"SMITH"},{"data":"Buffer","floor":13.0,"key":"SMITH"},{"data":"Beam Cell","floor":15.0,"key":"SMITH"},{"data":"Echo Form","floor":23.0,"key":"SMITH"},{"data":"Buffer","floor":29.0,"key":"SMITH"},{"data":"Zap","floor":32.0,"key":"SMITH"},{"floor":40.0,"key":"RECALL"},{"data":"Biased Cognition","floor":47.0,"key":"SMITH"},{"floor":49,"key":"REST"},{"data":"Dark Shackles","floor":53,"key":"SMITH"}],"neow_cost":"PERCENT_DAMAGE","seed_source_timestamp":0,"circlet_count":0,"master_deck":["AscendersBane","Defend_B","Defend_B","Zap+1","Dualcast","Sunder+1","Steam","White Noise","Barrage+1","Buffer+1","Conserve Battery","Beam Cell+1","Cold Snap","Echo Form+1","Rebound+1","Beam Cell+1","Rainbow+1","Cold Snap+1","Writhe","Capacitor","Buffer+1","Capacitor+1","Biased Cognition+1","Coolheaded+1","Conserve Battery","Ball Lightning+1","Dark Shackles+1"],"special_seed":0,"relics":["Cracked Core","Nunchaku","The Courier","Anchor","Happy Flower","Gambling Chip","Odd Mushroom","Astrolabe","Du-Vu Doll","Thread and Needle","Omamori","Orichalcum","Busted Crown","ClockworkSouvenir","Cables"],"potions_floor_usage":[51,55],"damage_taken":[{"damage":1.0,"enemies":"Cultist","floor":1.0,"turns":3.0},{"damage":3.0,"enemies":"Small Slimes","floor":4.0,"turns":2.0},{"damage":2.0,"enemies":"2 Louse","floor":5.0,"turns":2.0},{"damage":9.0,"enemies":"Lagavulin","floor":7.0,"turns":6.0},{"damage":10.0,"enemies":"3 Sentries","floor":10.0,"turns":6.0},{"damage":0.0,"enemies":"Blue Slaver","floor":11.0,"turns":4.0},{"damage":1.0,"enemies":"The Mushroom Lair","floor":12.0,"turns":4.0},{"damage":0.0,"enemies":"3 Louse","floor":14.0,"turns":3.0},{"damage":9.0,"enemies":"The Guardian","floor":16.0,"turns":12.0},{"damage":4.0,"enemies":"2 Thieves","floor":18.0,"turns":3.0},{"damage":0.0,"enemies":"Shell Parasite","floor":24.0,"turns":3.0},{"damage":11.0,"enemies":"Gremlin Leader","floor":25.0,"turns":9.0},{"damage":1.0,"enemies":"Sentry and Sphere","floor":28.0,"turns":4.0},{"damage":4.0,"enemies":"Centurion and Healer","floor":30.0,"turns":5.0},{"damage":0.0,"enemies":"Snecko","floor":31.0,"turns":4.0},{"damage":8.0,"enemies":"Automaton","floor":33.0,"turns":11.0},{"damage":0.0,"enemies":"Orb Walker","floor":35.0,"turns":2.0},{"damage":19.0,"enemies":"3 Darklings","floor":36.0,"turns":8.0},{"damage":0.0,"enemies":"Spire Growth","floor":38.0,"turns":5.0},{"damage":0.0,"enemies":"Transient","floor":45.0,"turns":6.0},{"damage":0.0,"enemies":"3 Darklings","floor":46.0,"turns":4.0},{"damage":1,"enemies":"4 Shapes","floor":48,"turns":6},{"damage":24,"enemies":"Time Eater","floor":50,"turns":11},{"damage":8,"enemies":"Awakened One","floor":51,"turns":13},{"damage":69,"enemies":"Shield and Spear","floor":55,"turns":3}],"seed_played":"770387312661723036","potions_obtained":[{"floor":4.0,"key":"Energy Potion"},{"floor":5.0,"key":"Regen Potion"},{"floor":10.0,"key":"AttackPotion"},{"floor":14.0,"key":"SkillPotion"},{"floor":18.0,"key":"SkillPotion"},{"floor":25.0,"key":"Fire Potion"},{"floor":31.0,"key":"Regen Potion"},{"floor":36.0,"key":"GamblersBrew"},{"floor":45.0,"key":"SpeedPotion"}],"is_trial":false,"path_per_floor":["M","$","?","M","M","R","E","R","T","E","M","?","R","M","R","B",null,"M","?","?","?","?","R","M","E","T","?","M","R","M","M","R","B",null,"M","M","?","M","?","R","?","$","T","$","M","M","R","M","R","B","B",null,"R","$","E"],"character_chosen":"DEFECT","items_purchased":["ClockworkSouvenir","Cables","Block Potion"],"campfire_rested":1,"item_purchase_floors":[42,42,54],"current_hp_per_floor":[45,45,40,37,35,35,41,41,41,31,31,30,30,30,30,21,59,55,55,55,55,55,55,55,44,44,44,43,43,39,39,39,46,65,65,46,46,46,46,46,46,46,46,46,46,46,46,45,66,42,34,62,62,62,0],"gold":20,"neow_bonus":"ONE_RARE_RELIC","is_prod":false,"is_daily":false,"chose_seed":false,"campfire_upgraded":9,"win_rate":0,"timestamp":1549526571,"path_taken":["M","?","?","M","M","R","E","R","T","E","M","?","R","M","R","BOSS","M","?","?","?","?","R","M","E","T","?","M","R","?","M","R","BOSS","M","M","?","M","?","R","?","$","T","?","M","M","R","M","R","BOSS","BOSS","R","$","E"],"build_version":"2019-01-23","purchased_purges":2,"victory":false,"max_hp_per_floor":[71,71,71,71,71,71,71,71,71,71,71,71,71,71,71,71,71,71,71,71,71,71,71,71,71,71,71,71,71,71,71,71,71,71,71,71,71,71,71,71,71,71,71,71,71,71,71,71,71,71,71,71,71,71,71],"card_choices":[{"not_picked":["Barrage","Cold Snap"],"picked":"Sunder","floor":1.0},{"not_picked":["Scrape","Tempest"],"picked":"Steam","floor":4.0},{"not_picked":["Cold Snap","Gash"],"picked":"White Noise","floor":5.0},{"not_picked":["Compile Driver","Fusion"],"picked":"Barrage","floor":7.0},{"not_picked":["Skim","Conserve Battery"],"picked":"Buffer","floor":10.0},{"not_picked":["Rebound","Rip and Tear"],"picked":"Conserve Battery","floor":11.0},{"not_picked":["Gash","Leap"],"picked":"Beam Cell","floor":12.0},{"not_picked":["Scrape","Capacitor"],"picked":"Cold Snap","floor":14.0},{"not_picked":["Rainbow","Reboot"],"picked":"Echo Form","floor":16.0},{"not_picked":["Hologram","Reprogram"],"picked":"Cold Snap+1","floor":18.0},{"not_picked":["Go for the Eyes","Turbo"],"picked":"Capacitor","floor":24.0},{"not_picked":["Undo","Compile Driver"],"picked":"Buffer","floor":25.0},{"not_picked":["Loop","Genetic Algorithm"],"picked":"Capacitor+1","floor":28.0},{"not_picked":["Cold Snap","Barrage","Double Energy"],"picked":"SKIP","floor":30.0},{"not_picked":["Redo","Doom and Gloom","Turbo+1"],"picked":"SKIP","floor":31.0},{"not_picked":["Multi-Cast","Machine Learning"],"picked":"Biased Cognition","floor":33.0},{"not_picked":[],"picked":"Coolheaded+1","floor":35.0},{"not_picked":[],"picked":"Conserve Battery","floor":36.0},{"not_picked":[],"picked":"Ball Lightning+1","floor":38.0},{"not_picked":[],"picked":"Dark Shackles","floor":39.0},{"not_picked":["Sunder"],"picked":"SKIP","floor":45.0},{"not_picked":["BootSequence"],"picked":"SKIP","floor":46.0},{"not_picked":["Beam Cell"],"picked":"SKIP","floor":48}],"player_experience":1101360,"relics_obtained":[{"floor":7.0,"key":"Anchor"},{"floor":9.0,"key":"Happy Flower"},{"floor":10.0,"key":"Gambling Chip"},{"floor":12.0,"key":"Odd Mushroom"},{"floor":25.0,"key":"Omamori"},{"floor":26.0,"key":"Orichalcum"}],"event_choices":[{"damage_healed":0.0,"max_hp_gain":0.0,"max_hp_loss":0.0,"gold_gain":0.0,"event_name":"Scrap Ooze","player_choice":"Success","floor":3.0,"gold_loss":0.0,"damage_taken":5.0,"relics_obtained":["The Courier"]},{"damage_healed":0.0,"max_hp_gain":0.0,"max_hp_loss":0.0,"gold_gain":0.0,"event_name":"Mushrooms","player_choice":"Fought Mushrooms","floor":12.0,"gold_loss":0.0,"damage_taken":0.0},{"damage_healed":0.0,"max_hp_gain":0.0,"max_hp_loss":0.0,"gold_gain":0.0,"event_name":"The Mausoleum","player_choice":"Opened","floor":19.0,"gold_loss":0.0,"damage_taken":0.0,"relics_obtained":["Du-Vu Doll"],"cards_obtained":["Writhe"]},{"damage_healed":0.0,"max_hp_gain":0.0,"max_hp_loss":0.0,"gold_gain":0.0,"event_name":"Addict","player_choice":"Obtained Relic","floor":20.0,"gold_loss":85.0,"damage_taken":0.0,"relics_obtained":["Thread and Needle"]},{"damage_healed":0.0,"max_hp_gain":0.0,"max_hp_loss":0.0,"gold_gain":0.0,"event_name":"Vampires","player_choice":"Ignored","floor":21.0,"gold_loss":0.0,"damage_taken":0.0},{"damage_healed":0.0,"max_hp_gain":0.0,"max_hp_loss":0.0,"gold_gain":0.0,"event_name":"Ghosts","player_choice":"Ignored","floor":22.0,"gold_loss":0.0,"damage_taken":0.0},{"damage_healed":0.0,"max_hp_gain":0.0,"max_hp_loss":0.0,"gold_gain":50.0,"event_name":"Nest","player_choice":"Stole From Cult","floor":27.0,"gold_loss":0.0,"damage_taken":0.0},{"cards_removed":["Strike_B"],"damage_healed":0.0,"max_hp_gain":0.0,"max_hp_loss":0.0,"gold_gain":0.0,"event_name":"Falling","player_choice":"Removed Attack","floor":37.0,"gold_loss":0.0,"damage_taken":0.0},{"damage_healed":0.0,"max_hp_gain":0.0,"max_hp_loss":0.0,"gold_gain":0.0,"event_name":"SensoryStone","player_choice":"Memory 1","floor":39.0,"gold_loss":0.0,"damage_taken":0.0},{"damage_healed":0.0,"max_hp_gain":0.0,"max_hp_loss":0.0,"gold_gain":0.0,"event_name":"Tomb of Lord Red Mask","player_choice":"Ignored","floor":41.0,"gold_loss":0.0,"damage_taken":0.0}],"is_beta":false,"boss_relics":[{"not_picked":["Philosopher\u0027s Stone","Orrery"],"picked":"Astrolabe"},{"not_picked":["Empty Cage","Velvet Choker"],"picked":"Busted Crown"}],"items_purged_floors":[2,44],"is_endless":false,"potions_floor_spawned":[4,5,10,14,18,25,31,36,45],"killed_by":"Shield and Spear","ascension_level":20}