{"gold_per_floor":[213,228,246,256,113,113,13,13,13,23,23,58,68,68,68,172,172,189,199,214,89,89,89,102,102,127,140,153,153,172,192,192,291,291,307,157,0,17,17,29,29,29,29,29,45,45,71,85,85,85],"floor_reached":50,"playtime":7490,"items_purged":["Strike_R","Strike_R","Defend_R","Defend_R"],"score":503,"play_id":"76c93b2f-420d-43cb-b90c-fae519cec16e","local_time":"20190218175942","is_ascension_mode":false,"campfire_choices":[{"data":"Bash","floor":6,"key":"SMITH"},{"data":"Uppercut","floor":8,"key":"SMITH"},{"data":"Combust","floor":15,"key":"SMITH"},{"data":"Warcry","floor":23,"key":"SMITH"},{"data":"Shrug It Off","floor":25,"key":"SMITH"},{"data":"Shrug It Off","floor":29,"key":"SMITH"},{"data":"Shrug It Off","floor":32,"key":"SMITH"},{"data":"Shrug It Off","floor":41,"key":"SMITH"},{"data":"Thunderclap","floor":46,"key":"SMITH"},{"data":"Dropkick","floor":49,"key":"SMITH"}],"neow_cost":"NONE","seed_source_timestamp":30561843178545,"circlet_count":0,"master_deck":["Strike_R","Defend_R","Defend_R","Bash+1","Thunderclap+1","Combust+1","Uppercut+1","Reaper","Double Tap","Dual Wield","Blood for Blood","Warcry+1","Shrug It Off+1","Bloodletting+1","Shrug It Off+1","Shrug It Off+1","Dropkick+1","Dropkick+1","Dropkick","Shrug It Off+1"],"relics":["Burning Blood","Gremlin Horn","Magic Flower","Coffee Dripper","Omamori","Runic Cube","Red Mask","Toxic Egg 2","Smiling Mask","Bottled Lightning"],"potions_floor_usage":[12,16,30,31,33,33,38,50,50,50],"damage_taken":[{"damage":1,"enemies":"Cultist","floor":1,"turns":3},{"damage":4,"enemies":"Small Slimes","floor":2,"turns":4},{"damage":2,"enemies":"2 Louse","floor":3,"turns":2},{"damage":7,"enemies":"Looter","floor":4,"turns":4},{"damage":1,"enemies":"Blue Slaver","floor":10,"turns":4},{"damage":21,"enemies":"3 Sentries","floor":12,"turns":4},{"damage":1,"enemies":"3 Louse","floor":13,"turns":5},{"damage":24,"enemies":"Slime Boss","floor":16,"turns":5},{"damage":17,"enemies":"Shell Parasite","floor":18,"turns":4},{"damage":41,"enemies":"2 Thieves","floor":19,"turns":3},{"damage":25,"enemies":"Centurion and Healer","floor":20,"turns":6},{"damage":39,"enemies":"Snake Plant","floor":24,"turns":3},{"damage":22,"enemies":"3 Cultists","floor":27,"turns":4},{"damage":21,"enemies":"Snecko","floor":28,"turns":4},{"damage":15,"enemies":"Centurion and Healer","floor":30,"turns":2},{"damage":21,"enemies":"Shelled Parasite and Fungi","floor":31,"turns":4},{"damage":26,"enemies":"Collector","floor":33,"turns":7},{"damage":2,"enemies":"3 Shapes","floor":35,"turns":3},{"damage":12,"enemies":"Orb Walker","floor":38,"turns":3},{"damage":22,"enemies":"Sphere and 2 Shapes","floor":40,"turns":4},{"damage":31,"enemies":"4 Shapes","floor":45,"turns":4},{"damage":21,"enemies":"Reptomancer","floor":47,"turns":5},{"damage":33,"enemies":"Jaw Worm Horde","floor":48,"turns":4},{"damage":94,"enemies":"Time Eater","floor":50,"turns":11}],"seed_played":"-2224158748021025307","potions_obtained":[{"floor":2,"key":"Dexterity Potion"},{"floor":10,"key":"Strength Potion"},{"floor":13,"key":"FearPotion"},{"floor":27,"key":"Dexterity Potion"},{"floor":28,"key":"AttackPotion"},{"floor":31,"key":"Strength Potion"},{"floor":33,"key":"Energy Potion"},{"floor":38,"key":"EssenceOfSteel"},{"floor":40,"key":"EssenceOfSteel"},{"floor":48,"key":"Regen Potion"}],"is_trial":false,"path_per_floor":["M","M","M","M","$","R","$","R","T","M","?","E","M","?","R","B",null,"M","M","M","$","?","R","M","R","T","M","M","R","M","M","R","B",null,"M","$","?","M","?","M","R","T","T","?","M","R","E","M","R","B"],"character_chosen":"IRONCLAD","items_purchased":["Reaper"],"campfire_rested":0,"item_purchase_floors":[5],"current_hp_per_floor":[80,80,80,79,79,79,79,79,79,80,85,70,81,81,81,85,85,77,69,65,65,65,65,49,49,49,85,73,73,82,73,73,56,85,85,85,85,85,85,72,72,72,72,72,71,71,73,73,73,0],"gold":85,"neow_bonus":"HUNDRED_GOLD","is_prod":false,"is_daily":false,"chose_seed":false,"campfire_upgraded":10,"win_rate":0.0,"timestamp":1550530782,"path_taken":["M","M","M","?","$","R","$","R","T","M","?","E","M","?","R","BOSS","M","M","M","$","?","R","M","R","T","M","M","R","M","M","R","BOSS","M","$","?","M","?","M","R","?","T","?","M","R","E","M","R","BOSS"],"build_version":"2019-01-23","purchased_purges":4,"victory":false,"max_hp_per_floor":[80,80,80,80,80,80,80,80,80,80,85,85,85,85,85,85,85,85,85,85,85,85,85,85,85,85,85,85,85,85,85,85,85,85,85,85,85,85,85,85,85,85,85,81,81,81,81,81,81,81],"card_choices":[{"not_picked":["Power Through","Clash"],"picked":"Thunderclap","floor":1},{"not_picked":["Twin Strike","Hemokinesis"],"picked":"Combust","floor":2},{"not_picked":["Cleave","Feel No Pain","Whirlwind"],"picked":"SKIP","floor":3},{"not_picked":["Body Slam","Perfected Strike"],"picked":"Uppercut","floor":4},{"not_picked":["Metallicize","Cleave","Clash"],"picked":"SKIP","floor":10},{"not_picked":["Evolve","Ghostly Armor"],"picked":"Double Tap","floor":12},{"not_picked":["Heavy Blade","Flex"],"picked":"Dual Wield","floor":13},{"not_picked":["Battle Trance","True Grit"],"picked":"Blood for Blood","floor":18},{"not_picked":["Sword Boomerang","Rampage"],"picked":"Warcry","floor":19},{"not_picked":["Entrench","Heavy Blade","Body Slam"],"picked":"SKIP","floor":20},{"not_picked":["Clash","Clothesline"],"picked":"Shrug It Off","floor":24},{"not_picked":["Havoc","Power Through"],"picked":"Bloodletting+1","floor":27},{"not_picked":["Wild Strike+1","Burning Pact"],"picked":"Shrug It Off","floor":28},{"not_picked":["Flame Barrier+1","Entrench"],"picked":"Shrug It Off","floor":30},{"not_picked":["Sentinel","Blood for Blood"],"picked":"Dropkick+1","floor":31},{"not_picked":["Anger","Burning Pact+1"],"picked":"Dropkick","floor":35},{"not_picked":["Spot Weakness","Twin Strike"],"picked":"Dropkick","floor":38},{"not_picked":["Second Wind","Armaments+1"],"picked":"Shrug It Off","floor":40},{"not_picked":["Perfected Strike","Shockwave+1","Limit Break+1"],"picked":"SKIP","floor":45},{"not_picked":["Perfected Strike","Burning Pact+1","Blood for Blood"],"picked":"SKIP","floor":47},{"not_picked":["Wild Strike","Second Wind+1","Heavy Blade"],"picked":"SKIP","floor":48}],"player_experience":82415,"relics_obtained":[{"floor":9,"key":"Gremlin Horn"},{"floor":12,"key":"Magic Flower"},{"floor":26,"key":"Omamori"},{"floor":42,"key":"Toxic Egg 2"},{"floor":43,"key":"Smiling Mask"},{"floor":47,"key":"Bottled Lightning"}],"event_choices":[{"damage_healed":0,"gold_gain":0,"player_choice":"Donut","damage_taken":0,"max_hp_gain":5,"max_hp_loss":0,"event_name":"Big Fish","floor":11,"gold_loss":0},{"cards_removed":["Strike_R"],"damage_healed":0,"gold_gain":0,"player_choice":"Forget","damage_taken":0,"max_hp_gain":0,"max_hp_loss":0,"event_name":"Living Wall","floor":14,"gold_loss":0},{"damage_healed":0,"gold_gain":0,"player_choice":"Ignored","damage_taken":0,"max_hp_gain":0,"max_hp_loss":0,"event_name":"Cursed Tome","floor":22,"gold_loss":0},{"damage_healed":0,"gold_gain":0,"player_choice":"Paid","damage_taken":0,"relics_obtained":["Red Mask"],"max_hp_gain":0,"max_hp_loss":0,"event_name":"Tomb of Lord Red Mask","floor":37,"gold_loss":157},{"cards_removed":["Strike_R"],"damage_healed":0,"gold_gain":0,"player_choice":"Removed Attack","damage_taken":0,"max_hp_gain":0,"max_hp_loss":0,"event_name":"Falling","floor":39,"gold_loss":0},{"damage_healed":0,"gold_gain":0,"player_choice":"Max HP","damage_taken":0,"max_hp_gain":0,"max_hp_loss":4,"event_name":"Winding Halls","floor":44,"gold_loss":0}],"is_beta":false,"boss_relics":[{"not_picked":["Philosopher\u0027s Stone","Tiny House"],"picked":"Coffee Dripper"},{"not_picked":["White Beast Statue","Fusion Hammer"],"picked":"Runic Cube"}],"items_purged_floors":[5,7,21,36],"is_endless":false,"potions_floor_spawned":[2,10,13,27,28,31,33,38,40,48],"killed_by":"Time Eater","ascension_level":0}