{"gold_per_floor":[112,127,147,46,46,73,83,83,83,83,108,66,77,88,88,166,166,184,184,109,109,109,140,40,40,66,66,81,96,114,126,126,126],"floor_reached":33,"playtime":1363,"items_purged":["Strike_B","Strike_B"],"score":589,"play_id":"34fb3565-ee1b-41fe-8e2e-f87ae188e526","local_time":"20190116151309","is_ascension_mode":true,"campfire_choices":[{"data":"Sunder","floor":8.0,"key":"SMITH"},{"floor":10.0,"key":"REST"},{"data":"Zap","floor":15.0,"key":"SMITH"},{"floor":25.0,"key":"REST"},{"floor":32,"key":"REST"}],"neow_cost":"PERCENT_DAMAGE","seed_source_timestamp":0,"circlet_count":0,"master_deck":["AscendersBane","Defend_B","Defend_B","Defend_B","Defend_B+1","Zap+1","Dualcast","Sunder+1","Barrage","White Noise","Stack","Rip and Tear","Steam","FTL","White Noise+1","Undo","Ball Lightning","Seek","Stack","Buffer","Leap+1","Conserve Battery","Aggregate"],"special_seed":0,"relics":["Cracked Core","Shuriken","Kunai","Oddly Smooth Stone","Philosopher\u0027s Stone","Question Card","War Paint"],"potions_floor_usage":[30,30],"damage_taken":[{"damage":1.0,"enemies":"Cultist","floor":1.0,"turns":3.0},{"damage":12.0,"enemies":"Jaw Worm","floor":2.0,"turns":3.0},{"damage":10.0,"enemies":"Small Slimes","floor":3.0,"turns":3.0},{"damage":13.0,"enemies":"Lagavulin","floor":6.0,"turns":7.0},{"damage":6.0,"enemies":"Looter","floor":7.0,"turns":3.0},{"damage":0.0,"enemies":"Gremlin Nob","floor":11.0,"turns":4.0},{"damage":0.0,"enemies":"2 Fungi Beasts","floor":13.0,"turns":2.0},{"damage":6.0,"enemies":"Large Slime","floor":14.0,"turns":5.0},{"damage":23.0,"enemies":"The Guardian","floor":16.0,"turns":11.0},{"damage":21.0,"enemies":"3 Byrds","floor":18.0,"turns":4.0},{"damage":38.0,"enemies":"Book of Stabbing","floor":23.0,"turns":4.0},{"damage":11.0,"enemies":"Shell Parasite","floor":28.0,"turns":4.0},{"damage":9.0,"enemies":"3 Cultists","floor":29.0,"turns":5.0},{"damage":6,"enemies":"Snecko","floor":30,"turns":4},{"damage":12,"enemies":"Sentry and Sphere","floor":31,"turns":6},{"damage":32,"enemies":"Automaton","floor":33,"turns":10}],"seed_played":"-2373679383631993227","potions_obtained":[{"floor":3.0,"key":"Strength Potion"},{"floor":6.0,"key":"SpeedPotion"},{"floor":11.0,"key":"EntropicBrew"},{"floor":18.0,"key":"PowerPotion"},{"floor":23.0,"key":"FocusPotion"}],"is_trial":false,"path_per_floor":["M","M","M","$","?","E","M","R","T","R","E","$","M","M","R","B",null,"M","?","?","?","?","E","$","R","T","$","M","M","M","M","R","B"],"character_chosen":"DEFECT","items_purchased":["Stack","Undo"],"campfire_rested":3,"item_purchase_floors":[4,12],"current_hp_per_floor":[59,47,37,37,37,24,18,18,18,43,43,43,43,37,37,14,67,46,46,46,46,46,8,8,33,33,33,22,13,19,7,32,0],"gold":126,"neow_bonus":"TWENTY_PERCENT_HP_BONUS","is_prod":false,"is_daily":false,"chose_seed":false,"campfire_upgraded":2,"win_rate":0,"timestamp":1547619189,"path_taken":["M","?","M","?","?","E","M","R","T","R","E","$","?","M","R","BOSS","M","?","?","?","?","E","$","R","T","?","M","M","M","?","R","BOSS"],"build_version":"2019-01-10","purchased_purges":2,"victory":false,"max_hp_per_floor":[85,85,85,85,85,85,85,85,85,85,85,85,85,85,85,85,85,85,85,85,85,85,85,85,85,85,85,85,85,85,85,85,85],"card_choices":[{"not_picked":["Steam","Coolheaded"],"picked":"Sunder","floor":1.0},{"not_picked":["Leap","Coolheaded"],"picked":"Barrage","floor":2.0},{"not_picked":["Leap","Consume"],"picked":"White Noise","floor":3.0},{"not_picked":["Coolheaded","Chill","Force Field"],"picked":"SKIP","floor":6.0},{"not_picked":["Loop","Gash"],"picked":"FTL","floor":7.0},{"not_picked":["Barrage","Static Discharge"],"picked":"White Noise","floor":11.0},{"not_picked":["Meteor Strike","Aggregate"],"picked":"Ball Lightning","floor":13.0},{"not_picked":["Cold Snap","Lockon","Rebound"],"picked":"SKIP","floor":14.0},{"not_picked":["Creative AI","All For One"],"picked":"Seek","floor":16.0},{"not_picked":["Cold Snap","Compile Driver","Sweeping Beam"],"picked":"SKIP","floor":18.0},{"not_picked":["Scrape+1","Go for the Eyes"],"picked":"Stack","floor":23.0},{"not_picked":["Gash","Static Discharge","Tempest"],"picked":"Buffer","floor":28.0},{"not_picked":["Reprogram","Rebound","Cold Snap"],"picked":"Leap+1","floor":29.0},{"not_picked":["Blizzard","Steam","Sweeping Beam+1"],"picked":"Conserve Battery","floor":30},{"not_picked":["Hologram","Doom and Gloom","Redo"],"picked":"Aggregate","floor":31}],"player_experience":1041052,"relics_obtained":[{"floor":6.0,"key":"Shuriken"},{"floor":9.0,"key":"Kunai"},{"floor":11.0,"key":"Oddly Smooth Stone"},{"floor":23.0,"key":"Question Card"},{"floor":26.0,"key":"War Paint"}],"event_choices":[{"damage_healed":0.0,"max_hp_gain":0.0,"max_hp_loss":0.0,"gold_gain":0.0,"event_name":"Match and Keep!","player_choice":"2 cards matched","floor":5.0,"gold_loss":0.0,"damage_taken":0.0,"cards_obtained":["Rip and Tear","Steam"]},{"damage_healed":0.0,"max_hp_gain":0.0,"max_hp_loss":0.0,"gold_gain":0.0,"event_name":"Ghosts","player_choice":"Ignored","floor":19.0,"gold_loss":0.0,"damage_taken":0.0},{"cards_removed":["Strike_B"],"damage_healed":0.0,"max_hp_gain":0.0,"max_hp_loss":0.0,"gold_gain":0.0,"event_name":"Beggar","player_choice":"Gave Gold","floor":20.0,"gold_loss":75.0,"damage_taken":0.0},{"cards_removed":["Strike_B"],"damage_healed":0.0,"max_hp_gain":0.0,"max_hp_loss":0.0,"gold_gain":0.0,"event_name":"Back to Basics","player_choice":"Elegance","floor":21.0,"gold_loss":0.0,"damage_taken":0.0},{"damage_healed":0.0,"max_hp_gain":0.0,"max_hp_loss":0.0,"gold_gain":0.0,"event_name":"Vampires","player_choice":"Ignored","floor":22.0,"gold_loss":0.0,"damage_taken":0.0}],"is_beta":false,"boss_relics":[{"not_picked":["Velvet Choker","Pandora\u0027s Box"],"picked":"Philosopher\u0027s Stone"}],"items_purged_floors":[4,24],"is_endless":false,"potions_floor_spawned":[3,6,11,18,23],"killed_by":"Automaton","ascension_level":19}