{"gold_per_floor":[219,294,469,487,412,412,425,425,473,473,473,547,547,59,59,59],"floor_reached":16,"playtime":518,"items_purged":["Doubt"],"score":120,"play_id":"a3b24b09-879f-418a-a937-f4f5f149d377","local_time":"20190222174647","is_ascension_mode":true,"campfire_choices":[{"floor":6,"key":"REST"},{"data":"Blur","floor":8,"key":"SMITH"},{"data":"Crippling Poison","floor":13,"key":"SMITH"},{"data":"Neutralize","floor":15,"key":"SMITH"}],"neow_cost":"NONE","seed_source_timestamp":598714007635401,"circlet_count":0,"master_deck":["Defend_G","Defend_G","Defend_G","Defend_G","Defend_G+1","Strike_G","Strike_G","Strike_G","Strike_G","Survivor+1","Neutralize+1","Backflip","Quick Slash","Blur+1","Crippling Poison+1","Footwork","Phantasmal Killer","Backstab"],"relics":["Ring of the Snake","War Paint","Vajra","Darkstone Periapt","Kunai"],"potions_floor_usage":[],"damage_taken":[{"damage":4,"enemies":"Small Slimes","floor":1,"turns":4},{"damage":1,"enemies":"2 Louse","floor":4,"turns":4},{"damage":0,"enemies":"Jaw Worm","floor":7,"turns":5},{"damage":70,"enemies":"Hexaghost","floor":16,"turns":16}],"seed_played":"-1248397878803422383","potions_obtained":[{"floor":7,"key":"Dexterity Potion"}],"is_trial":false,"path_per_floor":["M","?","?","M","$","R","M","R","T","?","T","T","R","$","R","B"],"character_chosen":"THE_SILENT","items_purchased":["Footwork","Kunai","Phantasmal Killer","Backstab"],"campfire_rested":1,"item_purchase_floors":[14,14,14,14],"current_hp_per_floor":[59,48,48,47,47,68,68,68,68,68,68,68,68,68,68,0],"gold":59,"neow_bonus":"HUNDRED_GOLD","is_prod":false,"is_daily":false,"chose_seed":false,"campfire_upgraded":3,"win_rate":0,"timestamp":1550836007,"path_taken":["M","?","?","M","$","R","M","R","T","?","?","?","R","$","R","BOSS"],"build_version":"2019-01-23","purchased_purges":1,"victory":false,"max_hp_per_floor":[70,70,70,70,70,70,70,70,70,70,70,70,70,70,70,70],"card_choices":[{"not_picked":["Dagger Throw","Infinite Blades"],"picked":"Backflip","floor":1},{"not_picked":["Outmaneuver","Dodge and Roll"],"picked":"Quick Slash","floor":4},{"not_picked":["Blade Dance","A Thousand Cuts"],"picked":"Blur","floor":7}],"player_experience":870937,"relics_obtained":[{"floor":9,"key":"War Paint"},{"floor":11,"key":"Vajra"},{"floor":12,"key":"Darkstone Periapt"}],"event_choices":[{"damage_healed":0,"gold_gain":75,"player_choice":"Gather Gold","damage_taken":11,"max_hp_gain":0,"max_hp_loss":0,"event_name":"World of Goop","floor":2,"gold_loss":0},{"damage_healed":0,"gold_gain":175,"player_choice":"AGREE","damage_taken":0,"max_hp_gain":0,"max_hp_loss":0,"event_name":"Liars Game","floor":3,"gold_loss":0,"cards_obtained":["Doubt"]},{"damage_healed":0,"gold_gain":0,"cards_transformed":["Strike_G"],"player_choice":"Change","damage_taken":0,"max_hp_gain":0,"max_hp_loss":0,"event_name":"Living Wall","floor":10,"gold_loss":0,"cards_obtained":["Crippling Poison"]}],"is_beta":false,"boss_relics":[],"items_purged_floors":[5],"is_endless":false,"potions_floor_spawned":[7],"killed_by":"Hexaghost","ascension_level":8}