{"gold_per_floor":[369,369,388,190,204,204,237,87,164,180,180,243,243,278,278,379,379,394,412,412,337,160,160,195,195,195,195,212,232,246,279,279,374,374,386,397,416,416,427,453,486,512,586,686,270,298,313,345,345,345,345,345,25,57,57],"floor_reached":56,"playtime":5666,"items_purged":["Pain","Strike_B+1"],"score":1633,"play_id":"7ec056b5-a585-48ec-b74d-18fb197f65ba","local_time":"20190112081700","is_ascension_mode":true,"campfire_choices":[{"data":"Defragment","floor":6,"key":"SMITH"},{"data":"Zap","floor":13,"key":"SMITH"},{"data":"Capacitor","floor":15,"key":"SMITH"},{"data":"Capacitor","floor":23,"key":"SMITH"},{"data":"Tempest","floor":27,"key":"SMITH"},{"data":"Coolheaded","floor":32,"key":"SMITH"},{"floor":49,"key":"RECALL"},{"data":"Echo Form","floor":52,"key":"SMITH"}],"neow_cost":"CURSE","seed_source_timestamp":2316954519052359,"circlet_count":0,"master_deck":["Strike_B+1","Strike_B+1","Defend_B+1","Defend_B+1","Defend_B+1","Zap+1","Dualcast","Ball Lightning","Leap","Conserve Battery","Capacitor+1","Defragment+1","Rebound","Undo","Steam Power","Cold Snap+1","Echo Form+1","Tempest+1","Conserve Battery","Capacitor+1","Barrage+1","Stack+1","Coolheaded+1","Reboot","Doom and Gloom+1","Compile Driver","BootSequence+1","Barrage+1","Defragment+1","Sunder+1","Echo Form","Coolheaded"],"relics":["Cracked Core","WarpedTongs","Bag of Preparation","Lantern","Potion Belt","Gambling Chip","Philosopher\u0027s Stone","WingedGreaves","Dodecahedron","Pocketwatch","Busted Crown","Bag of Marbles","Oddly Smooth Stone","Bottled Flame","Molten Egg 2","Unceasing Top","DollysMirror","Bronze Scales","Whetstone","Boot","Anchor","Gremlin Horn"],"potions_floor_usage":[24,28,33,36,50,55,55,55,55],"damage_taken":[{"damage":2,"enemies":"Jaw Worm","floor":1,"turns":4},{"damage":0,"enemies":"Cultist","floor":3,"turns":2},{"damage":4,"enemies":"Small Slimes","floor":5,"turns":3},{"damage":19,"enemies":"Gremlin Nob","floor":7,"turns":4},{"damage":0,"enemies":"Exordium Wildlife","floor":10,"turns":3},{"damage":19,"enemies":"Gremlin Nob","floor":12,"turns":4},{"damage":5,"enemies":"Lagavulin","floor":14,"turns":5},{"damage":0,"enemies":"The Guardian","floor":16,"turns":9},{"damage":0,"enemies":"Shell Parasite","floor":18,"turns":4},{"damage":0,"enemies":"Spheric Guardian","floor":19,"turns":4},{"damage":0,"enemies":"Gremlin Leader","floor":24,"turns":5},{"damage":0,"enemies":"Chosen and Byrds","floor":28,"turns":5},{"damage":0,"enemies":"Shelled Parasite and Fungi","floor":29,"turns":6},{"damage":0,"enemies":"Snake Plant","floor":30,"turns":5},{"damage":0,"enemies":"Book of Stabbing","floor":31,"turns":5},{"damage":0,"enemies":"Automaton","floor":33,"turns":8},{"damage":0,"enemies":"3 Shapes","floor":35,"turns":4},{"damage":0,"enemies":"3 Darklings","floor":36,"turns":4},{"damage":0,"enemies":"Sphere and 2 Shapes","floor":37,"turns":3},{"damage":0,"enemies":"Spire Growth","floor":39,"turns":5},{"damage":0,"enemies":"Giant Head","floor":40,"turns":6},{"damage":0,"enemies":"Reptomancer","floor":41,"turns":5},{"damage":0,"enemies":"Giant Head","floor":42,"turns":6},{"damage":0,"enemies":"Mind Bloom Boss Battle","floor":44,"turns":5},{"damage":0,"enemies":"Nemesis","floor":46,"turns":7},{"damage":0,"enemies":"4 Shapes","floor":47,"turns":4},{"damage":0,"enemies":"Reptomancer","floor":48,"turns":6},{"damage":27,"enemies":"Awakened One","floor":50,"turns":12},{"damage":19,"enemies":"Shield and Spear","floor":54,"turns":6},{"damage":30,"enemies":"The Heart","floor":55,"turns":9}],"seed_played":"-226967406277741872","potions_obtained":[{"floor":10,"key":"LiquidBronze"},{"floor":14,"key":"SteroidPotion"},{"floor":18,"key":"SkillPotion"},{"floor":24,"key":"EssenceOfSteel"},{"floor":25,"key":"EssenceOfSteel"},{"floor":25,"key":"Swift Potion"},{"floor":31,"key":"GamblersBrew"},{"floor":33,"key":"Energy Potion"},{"floor":35,"key":"Dexterity Potion"},{"floor":39,"key":"Block Potion"}],"is_trial":false,"path_per_floor":["M","?","M","$","M","R","E","$","T","M","?","?","R","E","R","B",null,"M","M","?","?","$","R","E","?","T","R","M","M","M","E","R","B",null,"M","M","M","?","M","E","E","E","T","?","$","E","M","E","R","B",null,"R","$","E","B",null],"character_chosen":"DEFECT","items_purchased":["Conserve Battery","Capacitor","Lantern","Capacitor","DollysMirror","Bronze Scales","Ancient Potion","Anchor","Echo Form","Coolheaded"],"campfire_rested":0,"item_purchase_floors":[4,4,8,22,45,45,45,53,53,53],"current_hp_per_floor":[73,73,73,73,69,69,50,50,50,50,50,31,31,26,26,26,75,75,75,75,75,75,75,75,75,75,75,75,75,75,75,75,75,75,75,75,75,75,75,75,75,75,75,75,75,75,75,75,75,48,75,75,75,56,26],"gold":57,"neow_bonus":"TWO_FIFTY_GOLD","is_prod":false,"is_daily":false,"chose_seed":false,"campfire_upgraded":7,"win_rate":0,"timestamp":1547299020,"path_taken":["M","?","?","$","M","R","E","$","T","M","?","?","R","E","R","BOSS","M","M","?","?","$","R","E","?","T","R","M","?","M","E","R","BOSS","M","?","M","?","M","E","E","E","T","?","?","E","M","E","R","BOSS","R","$","E","BOSS"],"build_version":"2019-01-10","purchased_purges":2,"victory":true,"max_hp_per_floor":[75,75,75,75,75,75,75,75,75,75,75,75,75,75,75,75,75,75,75,75,75,75,75,75,75,75,75,75,75,75,75,75,75,75,75,75,75,75,75,75,75,75,75,75,75,75,75,75,75,75,75,75,75,75,75],"card_choices":[{"not_picked":["Go for the Eyes","Tempest"],"picked":"Ball Lightning","floor":1},{"not_picked":["Self Repair","Chaos"],"picked":"Leap","floor":3},{"not_picked":["Streamline","Reinforced Body"],"picked":"Defragment","floor":5},{"not_picked":["All For One","Turbo"],"picked":"Rebound","floor":7},{"not_picked":["Stack","Redo"],"picked":"Undo","floor":10},{"not_picked":["Streamline","Go for the Eyes"],"picked":"Steam Power","floor":12},{"not_picked":["Leap","Hologram"],"picked":"Cold Snap","floor":14},{"not_picked":["Rainbow","Buffer"],"picked":"Echo Form","floor":16},{"not_picked":["Turbo+1","Streamline"],"picked":"Tempest","floor":18},{"not_picked":["Rebound","Gash"],"picked":"Conserve Battery","floor":19},{"not_picked":["Aggregate","Conserve Battery"],"picked":"Barrage","floor":24},{"not_picked":["Compile Driver","Steam"],"picked":"Stack+1","floor":28},{"not_picked":["Skim","Ball Lightning+1"],"picked":"Coolheaded","floor":29},{"not_picked":["Cold Snap","Genetic Algorithm"],"picked":"Reboot","floor":30},{"not_picked":["Coolheaded+1","Turbo"],"picked":"Doom and Gloom+1","floor":31},{"not_picked":[],"picked":"Compile Driver","floor":35},{"not_picked":["Streamline"],"picked":"SKIP","floor":36},{"not_picked":["Turbo"],"picked":"SKIP","floor":37},{"not_picked":[],"picked":"BootSequence+1","floor":39},{"not_picked":["Rebound+1"],"picked":"SKIP","floor":40},{"not_picked":["Gash+1"],"picked":"SKIP","floor":41},{"not_picked":["Compile Driver+1"],"picked":"SKIP","floor":42},{"not_picked":[],"picked":"Barrage+1","floor":44},{"not_picked":[],"picked":"Sunder+1","floor":46},{"not_picked":["Turbo"],"picked":"SKIP","floor":47},{"not_picked":["Conserve Battery"],"picked":"SKIP","floor":48},{"not_picked":["BootSequence+1"],"picked":"SKIP","floor":54}],"player_experience":4050287,"relics_obtained":[{"floor":7,"key":"Bag of Preparation"},{"floor":12,"key":"Potion Belt"},{"floor":14,"key":"Gambling Chip"},{"floor":24,"key":"WingedGreaves"},{"floor":26,"key":"Dodecahedron"},{"floor":31,"key":"Pocketwatch"},{"floor":40,"key":"Bag of Marbles"},{"floor":41,"key":"Oddly Smooth Stone"},{"floor":42,"key":"Bottled Flame"},{"floor":43,"key":"Molten Egg 2"},{"floor":44,"key":"Unceasing Top"},{"floor":46,"key":"Whetstone"},{"floor":48,"key":"Boot"},{"floor":54,"key":"Gremlin Horn"}],"event_choices":[{"damage_healed":0,"gold_gain":0,"player_choice":"Rummage","damage_taken":0,"relics_obtained":["WarpedTongs"],"max_hp_gain":0,"max_hp_loss":0,"event_name":"Accursed Blacksmith","floor":2,"gold_loss":0,"cards_obtained":["Pain"]},{"cards_removed":["Shame"],"damage_healed":0,"gold_gain":0,"player_choice":"Forget","damage_taken":0,"max_hp_gain":0,"max_hp_loss":0,"event_name":"Living Wall","floor":11,"gold_loss":0},{"damage_healed":0,"gold_gain":0,"player_choice":"Searched \u00272\u0027 times","damage_taken":0,"max_hp_gain":0,"max_hp_loss":0,"event_name":"Dead Adventurer","floor":12,"gold_loss":0},{"damage_healed":0,"gold_gain":0,"player_choice":"Simplicity","damage_taken":0,"max_hp_gain":0,"max_hp_loss":0,"event_name":"Back to Basics","floor":20,"gold_loss":0,"cards_upgraded":["Strike_B","Strike_B","Strike_B","Strike_B","Defend_B","Defend_B","Defend_B","Defend_B"]},{"cards_removed":["Strike_B"],"damage_healed":0,"gold_gain":0,"player_choice":"Gave Gold","damage_taken":0,"max_hp_gain":0,"max_hp_loss":0,"event_name":"Beggar","floor":21,"gold_loss":75},{"damage_healed":0,"gold_gain":0,"player_choice":"Got Potions","damage_taken":0,"max_hp_gain":0,"max_hp_loss":0,"event_name":"Lab","floor":25,"gold_loss":0},{"cards_removed":["Defend_B"],"damage_healed":0,"gold_gain":0,"player_choice":"Removed Skill","damage_taken":0,"max_hp_gain":0,"max_hp_loss":0,"event_name":"Falling","floor":38,"gold_loss":0},{"damage_healed":0,"gold_gain":0,"player_choice":"Fight","damage_taken":0,"max_hp_gain":0,"max_hp_loss":0,"event_name":"MindBloom","floor":44,"gold_loss":0}],"is_beta":true,"boss_relics":[{"not_picked":["Orrery","Calling Bell"],"picked":"Philosopher\u0027s Stone"},{"not_picked":["White Beast Statue","Tiny House"],"picked":"Busted Crown"}],"items_purged_floors":[4,22],"is_endless":false,"potions_floor_spawned":[10,14,18,24,31,33,35,39,41,46],"ascension_level":1}