{"gold_per_floor":[117,130,1,1,1,34,34,34,34,34,52,52,84,64,64,64],"floor_reached":16,"playtime":510,"items_purged":["Strike_B"],"score":212,"play_id":"edfce735-a942-40c2-80d9-8e305429ce62","local_time":"20190123173446","is_ascension_mode":true,"campfire_choices":[{"floor":7,"key":"REST"},{"floor":10,"key":"REST"},{"data":"Madness","floor":12,"key":"SMITH"},{"data":"Capacitor","floor":15,"key":"SMITH"}],"neow_cost":"NONE","seed_source_timestamp":1153305777551056,"circlet_count":0,"master_deck":["AscendersBane","Strike_B","Strike_B","Defend_B","Defend_B","Defend_B","Defend_B","Zap","Dualcast","Madness+1","Cold Snap","Capacitor+1","Sweeping Beam","Capacitor"],"relics":["Cracked Core","Bottled Tornado","Art of War","Pear","Oddly Smooth Stone"],"potions_floor_usage":[],"damage_taken":[{"damage":12,"enemies":"Jaw Worm","floor":1,"turns":3},{"damage":5,"enemies":"Small Slimes","floor":2,"turns":4},{"damage":38,"enemies":"3 Sentries","floor":6,"turns":10},{"damage":0,"enemies":"Cultist","floor":11,"turns":3},{"damage":19,"enemies":"Lagavulin","floor":13,"turns":6},{"damage":32,"enemies":"The Guardian","floor":16,"turns":7}],"seed_played":"5245902852628047970","potions_obtained":[{"floor":2,"key":"FearPotion"},{"floor":6,"key":"FairyPotion"}],"is_trial":false,"path_per_floor":["M","M","$","?","?","E","R","?","T","R","M","R","E","?","R","B"],"character_chosen":"DEFECT","items_purchased":["Sweeping Beam"],"campfire_rested":2,"item_purchase_floors":[3],"current_hp_per_floor":[52,47,47,47,40,2,23,5,15,39,39,39,20,20,20,0],"gold":64,"neow_bonus":"RANDOM_COLORLESS","is_prod":false,"is_daily":false,"chose_seed":false,"campfire_upgraded":2,"win_rate":0,"timestamp":1548282886,"path_taken":["M","M","$","?","?","E","R","?","T","R","M","R","E","?","R","BOSS"],"build_version":"2019-01-23","purchased_purges":1,"victory":false,"max_hp_per_floor":[71,71,71,71,71,71,71,71,81,81,81,81,81,81,81,81],"card_choices":[{"not_picked":["White Noise","Barrage"],"picked":"Cold Snap","floor":1},{"not_picked":["Barrage","Reinforced Body"],"picked":"Capacitor","floor":2},{"not_picked":["Storm","Heatsinks","Redo"],"picked":"SKIP","floor":6},{"not_picked":["Redo","Stack","Beam Cell"],"picked":"SKIP","floor":11},{"not_picked":["Stack","Doom and Gloom"],"picked":"Capacitor","floor":13}],"player_experience":805851,"relics_obtained":[{"floor":6,"key":"Bottled Tornado"},{"floor":9,"key":"Pear"},{"floor":13,"key":"Oddly Smooth Stone"}],"event_choices":[{"damage_healed":0,"gold_gain":0,"player_choice":"Ignored","damage_taken":0,"max_hp_gain":0,"max_hp_loss":0,"event_name":"Liars Game","floor":4,"gold_loss":0},{"cards_removed":["Strike_B"],"damage_healed":0,"gold_gain":0,"player_choice":"Card Removal","damage_taken":7,"max_hp_gain":0,"max_hp_loss":0,"event_name":"Golden Wing","floor":5,"gold_loss":0},{"damage_healed":0,"gold_gain":0,"player_choice":"Success","damage_taken":18,"relics_obtained":["Art of War"],"max_hp_gain":0,"max_hp_loss":0,"event_name":"Scrap Ooze","floor":8,"gold_loss":0},{"damage_healed":0,"gold_gain":0,"player_choice":"Bought 1 Potion","damage_taken":0,"max_hp_gain":0,"max_hp_loss":0,"event_name":"The Woman in Blue","floor":14,"gold_loss":0}],"is_beta":true,"boss_relics":[],"items_purged_floors":[3],"is_endless":false,"potions_floor_spawned":[2,6,13],"killed_by":"The Guardian","ascension_level":20}