{"gold_per_floor":[115,130,130,140,140,168,188,188],"floor_reached":8,"playtime":313,"items_purged":[],"score":116,"play_id":"d04b4a89-bdfd-4321-b5d8-fd16b9bc3d90","local_time":"20190219221156","is_ascension_mode":true,"campfire_choices":[],"neow_cost":"NONE","seed_source_timestamp":0,"circlet_count":0,"master_deck":["AscendersBane","Defend_G","Defend_G","Defend_G","Defend_G","Defend_G","Strike_G","Strike_G","Strike_G","Strike_G","Strike_G","Survivor","Neutralize","Poisoned Stab","Infinite Blades","Backstab","Decay","Bouncing Flask","Doppelganger"],"special_seed":0,"relics":["Ring of the Snake","Frozen Egg 2"],"potions_floor_usage":[6,6],"damage_taken":[{"damage":0.0,"enemies":"2 Louse","floor":1.0,"turns":5.0},{"damage":12.0,"enemies":"Jaw Worm","floor":2.0,"turns":6.0},{"damage":1.0,"enemies":"Cultist","floor":4.0,"turns":4.0},{"damage":12,"enemies":"Lagavulin","floor":6,"turns":7},{"damage":9,"enemies":"Large Slime","floor":7,"turns":5},{"damage":39,"enemies":"3 Sentries","floor":8,"turns":8}],"seed_played":"-6224452487270032134","potions_obtained":[{"floor":2.0,"key":"Fire Potion"},{"floor":4.0,"key":"Poison Potion"}],"is_trial":false,"path_per_floor":["M","M","?","M","?","E","M","E"],"character_chosen":"THE_SILENT","items_purchased":[],"campfire_rested":0,"item_purchase_floors":[],"current_hp_per_floor":[65,53,58,57,57,45,36,0],"gold":188,"neow_bonus":"TEN_PERCENT_HP_BONUS","is_prod":false,"is_daily":false,"chose_seed":false,"campfire_upgraded":0,"win_rate":0,"timestamp":1550581916,"path_taken":["M","M","?","M","?","E","?","E"],"build_version":"2019-01-23","purchased_purges":0,"victory":false,"max_hp_per_floor":[72,72,77,77,77,77,77,77],"card_choices":[{"not_picked":["Acrobatics","Accuracy"],"picked":"Poisoned Stab","floor":1.0},{"not_picked":["Underhanded Strike","Concentrate"],"picked":"Infinite Blades","floor":2.0},{"not_picked":["Finisher","Footwork"],"picked":"Backstab","floor":4.0},{"not_picked":["Masterful Stab","Deadly Poison"],"picked":"Bouncing Flask","floor":6},{"not_picked":["Slice","Dodge and Roll"],"picked":"Doppelganger","floor":7}],"player_experience":1138383,"relics_obtained":[{"floor":6,"key":"Frozen Egg 2"}],"event_choices":[{"damage_healed":0.0,"max_hp_gain":5.0,"max_hp_loss":0.0,"gold_gain":0.0,"event_name":"Big Fish","player_choice":"Donut","floor":3.0,"gold_loss":0.0,"damage_taken":0.0},{"damage_healed":0.0,"max_hp_gain":0.0,"max_hp_loss":0.0,"gold_gain":0.0,"event_name":"Wheel of Change","player_choice":"Cursed","floor":5.0,"gold_loss":0.0,"damage_taken":0.0,"cards_obtained":["Decay"]}],"is_beta":false,"boss_relics":[],"items_purged_floors":[],"is_endless":false,"potions_floor_spawned":[2,4],"killed_by":"3 Sentries","ascension_level":20}