{"gold_per_floor":[109,109,109,384,395,424,424,437,485,500,34,34,34,64,64,164,164,182,182,182,282,311,339,18,52,52,70,83,110,127,140,140,238,238,250,266,124,141,216,241,241,17,41,59,77,104,204,219,219,219,219,219,60,93,93],"floor_reached":56,"playtime":4095,"items_purged":["Regret","Strike_G"],"score":1768,"play_id":"c27fdbff-73a0-4cff-b816-40bd72c39023","local_time":"20190119104227","is_ascension_mode":true,"campfire_choices":[{"data":"Neutralize","floor":7,"key":"SMITH"},{"data":"After Image","floor":12,"key":"SMITH"},{"data":"Infinite Blades","floor":15,"key":"SMITH"},{"data":"Apotheosis","floor":32,"key":"SMITH"},{"floor":41,"key":"RECALL"},{"data":"1","floor":49,"key":"LIFT"},{"data":"Well Laid Plans","floor":52,"key":"SMITH"}],"neow_cost":"NONE","seed_source_timestamp":2931957640048150,"circlet_count":0,"master_deck":["Defend_G+1","Defend_G","Defend_G","Defend_G","Defend_G","Strike_G","Strike_G","Strike_G","Survivor+1","Neutralize+1","Dagger Spray","Dagger Spray","Die Die Die","Infinite Blades+1","After Image+1","Well Laid Plans+1","After Image","Dash","Ghostly","Ghostly","Ghostly","Ghostly","Ghostly","J.A.X.","Flying Knee+1","Leg Sweep","Calculated Gamble","Apotheosis+1","Footwork","Infinite Blades","Predator","Finisher","Accuracy","Backflip","Escape Plan","PiercingWail","A Thousand Cuts","After Image","Footwork","PiercingWail","All Out Attack+1","Blur+1","Acrobatics","Infinite Blades","Distraction+1"],"relics":["Ring of the Snake","NeowsBlessing","Blood Vial","Mummified Hand","The Courier","Vajra","Coffee Dripper","Thread and Needle","Bottled Flame","Red Mask","Tingsha","Blue Candle","Paper Crane","Gambling Chip","Busted Crown","Letter Opener","Bronze Scales","Bag of Preparation","Ornamental Fan","Girya","OrangePellets","Oddly Smooth Stone"],"potions_floor_usage":[16,16,22,33,55,55],"damage_taken":[{"damage":0,"enemies":"Jaw Worm","floor":1,"turns":1},{"damage":0,"enemies":"Small Slimes","floor":5,"turns":1},{"damage":0,"enemies":"Gremlin Nob","floor":6,"turns":1},{"damage":2,"enemies":"Cultist","floor":8,"turns":3},{"damage":3,"enemies":"Lots of Slimes","floor":10,"turns":3},{"damage":0,"enemies":"Lagavulin","floor":14,"turns":9},{"damage":0,"enemies":"The Guardian","floor":16,"turns":12},{"damage":0,"enemies":"2 Thieves","floor":18,"turns":4},{"damage":1,"enemies":"Colosseum Slavers","floor":21,"turns":5},{"damage":3,"enemies":"Colosseum Nobs","floor":21,"turns":5},{"damage":0,"enemies":"Masked Bandits","floor":22,"turns":5},{"damage":4,"enemies":"Gremlin Leader","floor":23,"turns":7},{"damage":0,"enemies":"Slavers","floor":25,"turns":6},{"damage":0,"enemies":"Spheric Guardian","floor":27,"turns":3},{"damage":3,"enemies":"Chosen and Byrds","floor":28,"turns":4},{"damage":0,"enemies":"Book of Stabbing","floor":29,"turns":6},{"damage":0,"enemies":"Snake Plant","floor":30,"turns":5},{"damage":0,"enemies":"Centurion and Healer","floor":31,"turns":4},{"damage":3,"enemies":"Automaton","floor":33,"turns":7},{"damage":0,"enemies":"3 Shapes","floor":35,"turns":4},{"damage":0,"enemies":"3 Darklings","floor":36,"turns":4},{"damage":3,"enemies":"Transient","floor":38,"turns":5},{"damage":3,"enemies":"Giant Head","floor":40,"turns":10},{"damage":0,"enemies":"4 Shapes","floor":44,"turns":2},{"damage":3,"enemies":"Maw","floor":45,"turns":6},{"damage":3,"enemies":"Nemesis","floor":46,"turns":7},{"damage":1,"enemies":"Mind Bloom Boss Battle","floor":47,"turns":5},{"damage":0,"enemies":"3 Darklings","floor":48,"turns":3},{"damage":3,"enemies":"Time Eater","floor":50,"turns":11},{"damage":1,"enemies":"Shield and Spear","floor":54,"turns":5},{"damage":1,"enemies":"The Heart","floor":55,"turns":10}],"seed_played":"-1880222270393018112","potions_obtained":[{"floor":5,"key":"Block Potion"},{"floor":6,"key":"EssenceOfSteel"},{"floor":16,"key":"Explosive Potion"},{"floor":18,"key":"Fire Potion"},{"floor":21,"key":"Energy Potion"},{"floor":25,"key":"Block Potion"},{"floor":27,"key":"PowerPotion"},{"floor":33,"key":"SkillPotion"},{"floor":38,"key":"PowerPotion"}],"is_trial":false,"path_per_floor":["M","?","?","?","M","E","R","M","T","M","$","R","?","E","R","B",null,"M","?","?","?","?","E","$","E","T","M","M","E","M","M","R","B",null,"M","M","$","M","?","E","R","$","T","M","M","E","?","M","R","B",null,"R","$","E","B",null],"character_chosen":"THE_SILENT","items_purchased":["After Image","Mummified Hand","Apotheosis","Footwork","Infinite Blades","Predator","GhostInAJar","Acrobatics","Infinite Blades","Bronze Scales","OrangePellets"],"campfire_rested":0,"item_purchase_floors":[11,11,24,24,24,24,37,42,42,42,53],"current_hp_per_floor":[70,56,49,49,49,49,49,49,49,48,48,48,30,32,32,34,70,70,35,35,32,34,31,31,33,33,35,32,34,35,35,35,32,35,35,35,35,32,29,28,28,28,28,30,29,28,29,31,31,30,35,35,35,34,34],"gold":93,"neow_bonus":"THREE_ENEMY_KILL","is_prod":false,"is_daily":false,"chose_seed":false,"campfire_upgraded":5,"win_rate":0,"timestamp":1547912547,"path_taken":["M","?","?","?","M","E","R","M","T","?","?","R","?","E","R","BOSS","M","?","?","?","?","E","?","E","T","M","M","E","M","?","R","BOSS","M","M","$","M","?","E","R","?","T","?","M","E","?","M","R","BOSS","R","$","E","BOSS"],"build_version":"2019-01-17","purchased_purges":2,"victory":true,"max_hp_per_floor":[70,70,70,70,70,70,70,70,70,70,70,70,70,70,70,70,70,70,35,35,35,35,35,35,35,35,35,35,35,35,35,35,35,35,35,35,35,35,35,35,35,35,35,35,35,35,35,35,35,35,35,35,35,35,35],"card_choices":[{"not_picked":["Blade Dance","Acrobatics"],"picked":"Dagger Spray","floor":1},{"not_picked":["Deflect","Dagger Throw"],"picked":"Dagger Spray","floor":5},{"not_picked":["Dagger Spray","Deflect"],"picked":"Die Die Die","floor":6},{"not_picked":["Masterful Stab","Acrobatics"],"picked":"Infinite Blades","floor":8},{"not_picked":["Acrobatics","Quick Slash","Setup"],"picked":"SKIP","floor":10},{"not_picked":["Dagger Spray","PiercingWail"],"picked":"Well Laid Plans","floor":14},{"not_picked":["Burst","Phantasmal Killer"],"picked":"After Image","floor":16},{"not_picked":["Bouncing Flask","Dagger Throw"],"picked":"Dash","floor":18},{"not_picked":["Underhanded Strike+1","Slice"],"picked":"Flying Knee+1","floor":21},{"not_picked":["Deadly Poison","Setup"],"picked":"Leg Sweep","floor":22},{"not_picked":["Sucker Punch","Bouncing Flask"],"picked":"Calculated Gamble","floor":23},{"not_picked":["Underhanded Strike","Dagger Throw+1"],"picked":"Finisher","floor":25},{"not_picked":["Choke","Blade Dance"],"picked":"Accuracy","floor":27},{"not_picked":["Sucker Punch","Slice+1"],"picked":"Backflip","floor":28},{"not_picked":["Dodge and Roll","Catalyst"],"picked":"Escape Plan","floor":29},{"not_picked":["Dagger Throw+1","Bouncing Flask"],"picked":"PiercingWail","floor":30},{"not_picked":["Heel Hook+1","Dodge and Roll"],"picked":"A Thousand Cuts","floor":31},{"not_picked":["Malaise","Doppelganger"],"picked":"After Image","floor":33},{"not_picked":[],"picked":"Footwork","floor":35},{"not_picked":[],"picked":"PiercingWail","floor":36},{"not_picked":[],"picked":"All Out Attack+1","floor":38},{"not_picked":[],"picked":"Blur+1","floor":40},{"not_picked":["PiercingWail"],"picked":"SKIP","floor":44},{"not_picked":["Skewer+1"],"picked":"SKIP","floor":45},{"not_picked":[],"picked":"Distraction+1","floor":46},{"not_picked":["Poisoned Stab"],"picked":"SKIP","floor":48},{"not_picked":["Noxious Fumes"],"picked":"SKIP","floor":54}],"player_experience":4103903,"relics_obtained":[{"floor":6,"key":"Blood Vial"},{"floor":14,"key":"Vajra"},{"floor":21,"key":"Thread and Needle"},{"floor":21,"key":"Bottled Flame"},{"floor":22,"key":"Red Mask"},{"floor":23,"key":"Tingsha"},{"floor":25,"key":"Blue Candle"},{"floor":26,"key":"Paper Crane"},{"floor":29,"key":"Gambling Chip"},{"floor":40,"key":"Letter Opener"},{"floor":43,"key":"Bag of Preparation"},{"floor":46,"key":"Ornamental Fan"},{"floor":47,"key":"Girya"},{"floor":54,"key":"Oddly Smooth Stone"}],"event_choices":[{"damage_healed":0,"gold_gain":0,"player_choice":"Entered Light","damage_taken":14,"max_hp_gain":0,"max_hp_loss":0,"event_name":"Shining Light","floor":2,"gold_loss":0,"cards_upgraded":["Defend_G","Survivor"]},{"cards_removed":["Strike_G"],"damage_healed":0,"gold_gain":0,"player_choice":"Card Removal","damage_taken":7,"max_hp_gain":0,"max_hp_loss":0,"event_name":"Golden Wing","floor":3,"gold_loss":0},{"damage_healed":0,"gold_gain":275,"player_choice":"Desecrate","damage_taken":0,"max_hp_gain":0,"max_hp_loss":0,"event_name":"Golden Shrine","floor":4,"gold_loss":0,"cards_obtained":["Regret"]},{"damage_healed":0,"gold_gain":0,"player_choice":"Success","damage_taken":18,"relics_obtained":["The Courier"],"max_hp_gain":0,"max_hp_loss":0,"event_name":"Scrap Ooze","floor":13,"gold_loss":0},{"damage_healed":0,"gold_gain":0,"player_choice":"Became a Ghost","damage_taken":0,"max_hp_gain":0,"max_hp_loss":35,"event_name":"Ghosts","floor":19,"gold_loss":0,"cards_obtained":["Ghostly","Ghostly","Ghostly","Ghostly","Ghostly"]},{"damage_healed":0,"gold_gain":0,"player_choice":"Obtain J.A.X.","damage_taken":0,"max_hp_gain":0,"max_hp_loss":0,"event_name":"Drug Dealer","floor":20,"gold_loss":0,"cards_obtained":["J.A.X."]},{"damage_healed":0,"gold_gain":0,"player_choice":"Fight","damage_taken":0,"max_hp_gain":0,"max_hp_loss":0,"event_name":"Colosseum","floor":21,"gold_loss":0},{"damage_healed":0,"gold_gain":0,"player_choice":"Fought Nobs","damage_taken":0,"max_hp_gain":0,"max_hp_loss":0,"event_name":"Colosseum","floor":21,"gold_loss":0},{"damage_healed":0,"gold_gain":0,"player_choice":"Fought Bandits","damage_taken":0,"max_hp_gain":0,"max_hp_loss":0,"event_name":"Masked Bandits","floor":22,"gold_loss":0},{"damage_healed":0,"gold_gain":75,"player_choice":"Touch","damage_taken":3,"max_hp_gain":0,"max_hp_loss":0,"event_name":"FaceTrader","floor":39,"gold_loss":0},{"damage_healed":0,"gold_gain":0,"player_choice":"Fight","damage_taken":0,"max_hp_gain":0,"max_hp_loss":0,"event_name":"MindBloom","floor":47,"gold_loss":0}],"is_beta":true,"boss_relics":[{"not_picked":["Orrery","Tiny House"],"picked":"Coffee Dripper"},{"not_picked":["Sozu","Philosopher\u0027s Stone"],"picked":"Busted Crown"}],"items_purged_floors":[11,37],"is_endless":false,"potions_floor_spawned":[5,6,16,18,21,25,27,33,35,36,38,47],"ascension_level":1}