{"gold_per_floor":[361,22,22,32,32,59,76,96,96,96,128,10,10,35,35,112,112,125,125,40,40,52,52,69,69,69,87,87,0,35,62,74,159,171,197,209,221,233,13,13,13,30,30,30,44,44,55,72,72,72,72],"floor_reached":51,"playtime":1617,"items_purged":["Strike_B","Pain"],"score":1266,"play_id":"146f0722-9fcb-4a0a-875f-1789aeb02fbf","local_time":"20190223025140","is_ascension_mode":true,"campfire_choices":[{"floor":13.0,"key":"REST"},{"data":"Zap","floor":15.0,"key":"SMITH"},{"floor":23.0,"key":"REST"},{"floor":25.0,"key":"REST"},{"floor":28.0,"key":"REST"},{"floor":32.0,"key":"REST"},{"floor":40.0,"key":"REST"},{"data":"Buffer","floor":44.0,"key":"SMITH"},{"data":"Capacitor","floor":46.0,"key":"SMITH"},{"floor":49.0,"key":"REST"}],"neow_cost":"PERCENT_DAMAGE","seed_source_timestamp":44243921966600,"circlet_count":0,"master_deck":["AscendersBane","Defend_B","Zap+1","Dualcast","Cold Snap","Electrodynamics","Leap","Ball Lightning","Ball Lightning","Capacitor","Conserve Battery","Buffer+1","Loop","Hologram","Lockon","BootSequence","Capacitor+1","Compile Driver","Consume+1","White Noise","Reinforced Body+1","Glacier","Static Discharge","Go for the Eyes+1","Ball Lightning+1"],"special_seed":0,"relics":["Cracked Core","PreservedInsect","Dream Catcher","Dodecahedron","Blue Candle","Meat on the Bone","Empty Cage","Bag of Marbles","Mercury Hourglass","MawBank","Sozu","WarpedTongs","Oddly Smooth Stone"],"potions_floor_usage":[51],"damage_taken":[{"damage":1.0,"enemies":"Cultist","floor":1.0,"turns":3.0},{"damage":10.0,"enemies":"Small Slimes","floor":4.0,"turns":3.0},{"damage":2.0,"enemies":"Gremlin Nob","floor":6.0,"turns":3.0},{"damage":9.0,"enemies":"2 Louse","floor":7.0,"turns":2.0},{"damage":0.0,"enemies":"Large Slime","floor":8.0,"turns":4.0},{"damage":1.0,"enemies":"3 Sentries","floor":11.0,"turns":2.0},{"damage":15.0,"enemies":"Lagavulin","floor":14.0,"turns":5.0},{"damage":23.0,"enemies":"The Guardian","floor":16.0,"turns":11.0},{"damage":4.0,"enemies":"Spheric Guardian","floor":18.0,"turns":4.0},{"damage":30.0,"enemies":"2 Thieves","floor":22.0,"turns":5.0},{"damage":35.0,"enemies":"Snake Plant","floor":24.0,"turns":5.0},{"damage":26.0,"enemies":"Snecko","floor":27.0,"turns":6.0},{"damage":5.0,"enemies":"Slavers","floor":30.0,"turns":2.0},{"damage":33.0,"enemies":"Centurion and Healer","floor":31.0,"turns":5.0},{"damage":25.0,"enemies":"Automaton","floor":33.0,"turns":9.0},{"damage":20.0,"enemies":"3 Shapes","floor":35.0,"turns":4.0},{"damage":30.0,"enemies":"3 Darklings","floor":42.0,"turns":5.0},{"damage":4.0,"enemies":"Maw","floor":45.0,"turns":8.0},{"damage":7.0,"enemies":"4 Shapes","floor":47.0,"turns":4.0},{"damage":25.0,"enemies":"Sphere and 2 Shapes","floor":48.0,"turns":4.0},{"damage":16.0,"enemies":"Time Eater","floor":50.0,"turns":13.0},{"damage":47,"enemies":"Donu and Deca","floor":51,"turns":4}],"seed_played":"1769766448115225967","potions_obtained":[{"floor":4.0,"key":"FearPotion"},{"floor":8.0,"key":"Swift Potion"},{"floor":11.0,"key":"SkillPotion"},{"floor":14.0,"key":"SteroidPotion"},{"floor":27.0,"key":"Poison Potion"},{"floor":31.0,"key":"LiquidBronze"},{"floor":33.0,"key":"Ancient Potion"}],"is_trial":false,"path_per_floor":["M","$","?","M","?","E","M","M","T","?","E","$","R","E","R","B",null,"M","?","?","?","M","R","M","R","T","M","R","$","E","M","R","B",null,"M","?","?","?","$","R","$","M","T","R","M","R","M","M","R","B","B"],"character_chosen":"DEFECT","items_purchased":["PreservedInsect","Electrodynamics","Capacitor","Auto Shields","Glacier","Static Discharge"],"campfire_rested":7,"item_purchase_floors":[2,2,12,29,39,39],"current_hp_per_floor":[45,45,45,35,35,33,24,24,24,24,23,23,44,29,29,18,58,54,54,54,54,36,57,34,55,55,41,62,62,57,36,57,44,64,44,44,44,44,44,65,65,47,47,47,43,43,36,23,44,40,0],"gold":72,"neow_bonus":"TWO_FIFTY_GOLD","is_prod":false,"is_daily":false,"chose_seed":false,"campfire_upgraded":3,"win_rate":0,"timestamp":1550883100,"path_taken":["M","$","?","M","?","E","?","M","T","?","E","$","R","E","R","BOSS","M","?","?","?","M","R","M","R","T","M","R","?","E","M","R","BOSS","M","?","?","?","$","R","$","?","T","R","M","R","M","M","R","BOSS","BOSS"],"build_version":"2019-01-23","purchased_purges":2,"victory":false,"max_hp_per_floor":[71,71,71,71,71,71,71,71,71,71,71,71,71,71,71,71,71,71,71,71,71,71,71,71,71,71,71,71,71,71,71,71,71,71,71,71,71,71,71,71,71,71,71,71,71,71,71,71,71,71,71],"card_choices":[{"not_picked":["Double Energy","Barrage"],"picked":"Cold Snap","floor":1.0},{"not_picked":["Sweeping Beam","Gash"],"picked":"Leap","floor":4.0},{"not_picked":["Gash","Reinforced Body","Streamline"],"picked":"SKIP","floor":6.0},{"not_picked":["Heatsinks","Go for the Eyes"],"picked":"Ball Lightning","floor":7.0},{"not_picked":["Barrage","Rip and Tear","Sweeping Beam"],"picked":"SKIP","floor":8.0},{"not_picked":["Creative AI","Hologram"],"picked":"Ball Lightning","floor":11.0},{"not_picked":["Compile Driver","Streamline"],"picked":"Conserve Battery","floor":13.0},{"not_picked":["Scrape","Redo","Barrage"],"picked":"SKIP","floor":14.0},{"not_picked":["Meteor Strike","Multi-Cast"],"picked":"Buffer","floor":16.0},{"not_picked":["Chaos","Storm"],"picked":"Loop","floor":18.0},{"not_picked":["Undo","Redo"],"picked":"BootSequence","floor":22.0},{"not_picked":["Stack","Coolheaded"],"picked":"Capacitor","floor":23.0},{"not_picked":["Ball Lightning","Tempest","FTL"],"picked":"SKIP","floor":24.0},{"not_picked":["Stack","Sweeping Beam"],"picked":"Compile Driver","floor":27.0},{"not_picked":["Conserve Battery","Force Field"],"picked":"Consume+1","floor":30.0},{"not_picked":["Tempest","Redo"],"picked":"White Noise","floor":31.0},{"not_picked":["Genetic Algorithm+1","Double Energy+1"],"picked":"Reinforced Body+1","floor":35.0},{"not_picked":["Sweeping Beam","Gash"],"picked":"Go for the Eyes+1","floor":40.0},{"not_picked":["Doom and Gloom","Melter","Go for the Eyes"],"picked":"SKIP","floor":42.0},{"not_picked":["All For One","Rebound","Reprogram"],"picked":"SKIP","floor":45.0},{"not_picked":["Rebound","Beam Cell+1"],"picked":"Ball Lightning+1","floor":47.0},{"not_picked":["Steam","Reprogram","Fission"],"picked":"SKIP","floor":48.0}],"player_experience":899838,"relics_obtained":[{"floor":6.0,"key":"Dream Catcher"},{"floor":9.0,"key":"Dodecahedron"},{"floor":11.0,"key":"Blue Candle"},{"floor":14.0,"key":"Meat on the Bone"},{"floor":26.0,"key":"Mercury Hourglass"},{"floor":30.0,"key":"MawBank"},{"floor":43.0,"key":"Oddly Smooth Stone"}],"event_choices":[{"damage_healed":0.0,"max_hp_gain":0.0,"max_hp_loss":0.0,"gold_gain":0.0,"event_name":"The Cleric","player_choice":"Leave","floor":3.0,"gold_loss":0.0,"damage_taken":0.0},{"cards_removed":["Defend_B"],"damage_healed":0.0,"max_hp_gain":0.0,"max_hp_loss":0.0,"gold_gain":0.0,"event_name":"Bonfire Elementals","player_choice":"Offered Basic","floor":5.0,"gold_loss":0.0,"damage_taken":0.0},{"damage_healed":0.0,"max_hp_gain":0.0,"max_hp_loss":0.0,"gold_gain":0.0,"event_name":"Dead Adventurer","player_choice":"Searched \u00270\u0027 times","floor":10.0,"gold_loss":0.0,"damage_taken":0.0},{"damage_healed":0.0,"max_hp_gain":0.0,"max_hp_loss":0.0,"gold_gain":0.0,"cards_transformed":["Strike_B","Strike_B"],"event_name":"Drug Dealer","player_choice":"Became Test Subject","floor":19.0,"gold_loss":0.0,"damage_taken":0.0,"cards_obtained":["Hologram","Lockon"]},{"damage_healed":0.0,"max_hp_gain":0.0,"max_hp_loss":0.0,"gold_gain":0.0,"event_name":"Addict","player_choice":"Obtained Relic","floor":20.0,"gold_loss":85.0,"damage_taken":0.0,"relics_obtained":["Bag of Marbles"]},{"cards_removed":["Defend_B"],"damage_healed":0.0,"max_hp_gain":0.0,"max_hp_loss":0.0,"gold_gain":0.0,"event_name":"Back to Basics","player_choice":"Elegance","floor":21.0,"gold_loss":0.0,"damage_taken":0.0},{"damage_healed":0.0,"max_hp_gain":0.0,"max_hp_loss":0.0,"gold_gain":0.0,"event_name":"Mysterious Sphere","player_choice":"Ignored","floor":36.0,"gold_loss":0.0,"damage_taken":0.0},{"cards_removed":["Auto Shields"],"damage_healed":0.0,"max_hp_gain":0.0,"max_hp_loss":0.0,"gold_gain":0.0,"event_name":"Falling","player_choice":"Removed Skill","floor":37.0,"gold_loss":0.0,"damage_taken":0.0},{"damage_healed":0.0,"max_hp_gain":0.0,"max_hp_loss":0.0,"gold_gain":0.0,"event_name":"Accursed Blacksmith","player_choice":"Rummage","floor":38.0,"gold_loss":0.0,"damage_taken":0.0,"relics_obtained":["WarpedTongs"],"cards_obtained":["Pain"]}],"is_beta":false,"boss_relics":[{"not_picked":["Fusion Hammer","Tiny House"],"picked":"Empty Cage"},{"not_picked":["FrozenCore","Runic Dome"],"picked":"Sozu"}],"items_purged_floors":[12,39],"is_endless":false,"potions_floor_spawned":[4,8,11,14,27,31,33,47],"killed_by":"Donu and Deca","ascension_level":20}