{"gold_per_floor":[116,116,41,54,77,77,108,8,84,84,116,127,147,167,167,266,266,284,301,301,318,111,111,143,168,191,221,2,2,36,36,36,131,131,143,0,0,17,17,17],"floor_reached":41,"playtime":2604,"items_purged":["Strike_B","Strike_B","Zap"],"score":764,"play_id":"14d71ead-3d68-4341-a65d-eb3824e62a44","local_time":"20190211204235","is_ascension_mode":true,"campfire_choices":[{"data":"Streamline","floor":6.0,"key":"SMITH"},{"data":"Beam Cell","floor":15.0,"key":"SMITH"},{"data":"Glacier","floor":23.0,"key":"SMITH"},{"data":"Echo Form","floor":29.0,"key":"SMITH"},{"data":"Creative AI","floor":32.0,"key":"SMITH"}],"neow_cost":"TEN_PERCENT_HP_LOSS","seed_source_timestamp":0,"circlet_count":0,"master_deck":["Strike_B","Strike_B","Defend_B+1","Dualcast+1","Streamline","Self Repair","Streamline+1","Chill","Core Surge","Beam Cell+1","Echo Form+1","Beam Cell","Reinforced Body+1","Glacier+1","Creative AI+1","Melter+1","Amplify","Conserve Battery+1"],"special_seed":0,"relics":["Cracked Core","War Paint","DataDisk","Bottled Lightning","Du-Vu Doll","Coffee Dripper","Regal Pillow","Pen Nib","Blood Vial","Smiling Mask","Membership Card","Mango","Nilry\u0027s Codex","Nuclear Battery","Red Mask"],"potions_floor_usage":[40,40],"damage_taken":[{"damage":0.0,"enemies":"Small Slimes","floor":1.0,"turns":2.0},{"damage":11.0,"enemies":"Jaw Worm","floor":4.0,"turns":2.0},{"damage":14.0,"enemies":"Gremlin Nob","floor":7.0,"turns":3.0},{"damage":28.0,"enemies":"Lagavulin","floor":11.0,"turns":4.0},{"damage":0.0,"enemies":"Cultist","floor":12.0,"turns":2.0},{"damage":0.0,"enemies":"Exordium Wildlife","floor":13.0,"turns":5.0},{"damage":4.0,"enemies":"Blue Slaver","floor":14.0,"turns":2.0},{"damage":0.0,"enemies":"Slime Boss","floor":16.0,"turns":5.0},{"damage":2.0,"enemies":"Chosen","floor":18.0,"turns":3.0},{"damage":19.0,"enemies":"Spheric Guardian","floor":19.0,"turns":4.0},{"damage":23.0,"enemies":"Snecko","floor":21.0,"turns":4.0},{"damage":37.0,"enemies":"Slavers","floor":24.0,"turns":8.0},{"damage":0.0,"enemies":"Gremlin Leader","floor":27.0,"turns":5.0},{"damage":23.0,"enemies":"Book of Stabbing","floor":30.0,"turns":6.0},{"damage":30.0,"enemies":"Automaton","floor":33.0,"turns":7.0},{"damage":39,"enemies":"3 Darklings","floor":35,"turns":6},{"damage":18,"enemies":"3 Shapes","floor":38,"turns":5},{"damage":29,"enemies":"Time Eater","floor":40,"turns":17}],"seed_played":"771242609478343597","potions_obtained":[{"floor":4.0,"key":"AttackPotion"},{"floor":7.0,"key":"Swift Potion"},{"floor":13.0,"key":"FairyPotion"},{"floor":14.0,"key":"FocusPotion"},{"floor":18.0,"key":"FocusPotion"},{"floor":24.0,"key":"Explosive Potion"},{"floor":30.0,"key":"SteroidPotion"},{"floor":35,"key":"SkillPotion"}],"is_trial":false,"path_per_floor":["M","?","$","M","T","R","E","$","T","$","E","M","M","M","R","B",null,"M","M","?","M","$","R","E","T","T","E","$","R","E","?","R","B",null,"M","?","$","M","?","B",null],"character_chosen":"DEFECT","items_purchased":["Glacier","Membership Card","Explosive Potion"],"campfire_rested":0,"item_purchase_floors":[22,28,28],"current_hp_per_floor":[68,68,68,57,57,57,50,50,50,50,29,36,43,46,46,53,68,68,56,56,47,47,47,24,24,24,40,40,40,40,24,24,15,82,50,50,50,41,41,14],"gold":17,"neow_bonus":"REMOVE_TWO","is_prod":false,"is_daily":false,"chose_seed":false,"campfire_upgraded":5,"win_rate":0,"timestamp":1549946555,"path_taken":["M","?","$","M","?","R","E","$","T","?","E","?","M","M","R","BOSS","M","?","?","M","$","R","E","?","T","E","$","R","E","?","R","BOSS","M","?","$","M","?","BOSS"],"build_version":"2019-01-23","purchased_purges":3,"victory":true,"max_hp_per_floor":[68,68,68,68,68,68,68,68,68,68,68,68,68,68,68,68,68,68,68,68,68,68,68,68,68,68,68,68,68,82,82,82,82,82,82,82,82,82,82,82],"card_choices":[{"not_picked":["Conserve Battery","Hologram"],"picked":"Streamline","floor":1.0},{"not_picked":["Darkness","Go for the Eyes"],"picked":"Streamline","floor":4.0},{"not_picked":["Stack","Chaos","Rebound"],"picked":"SKIP","floor":7.0},{"not_picked":["Lockon","Steam"],"picked":"Chill","floor":11.0},{"not_picked":["Conserve Battery","Ball Lightning","Barrage"],"picked":"SKIP","floor":12.0},{"not_picked":["Tempest","Capacitor"],"picked":"Core Surge","floor":13.0},{"not_picked":["Ball Lightning","Darkness"],"picked":"Beam Cell","floor":14.0},{"not_picked":["Multi-Cast","Biased Cognition"],"picked":"Echo Form","floor":16.0},{"not_picked":["Defragment","Turbo+1"],"picked":"Beam Cell","floor":18.0},{"not_picked":["Sweeping Beam+1","Turbo","Conserve Battery"],"picked":"SKIP","floor":19.0},{"not_picked":["Steam","Storm+1"],"picked":"Reinforced Body+1","floor":21.0},{"not_picked":["Turbo","Force Field","Consume+1"],"picked":"SKIP","floor":24.0},{"not_picked":["Conserve Battery","Streamline"],"picked":"Creative AI","floor":27.0},{"not_picked":["Turbo","Rebound"],"picked":"Melter+1","floor":30.0},{"not_picked":["Multi-Cast","Core Surge"],"picked":"Amplify","floor":33.0},{"not_picked":["Go for the Eyes+1","Redo","Turbo+1"],"picked":"SKIP","floor":35},{"not_picked":["Compile Driver+1","Stack"],"picked":"Conserve Battery+1","floor":38}],"player_experience":152877,"relics_obtained":[{"floor":5.0,"key":"War Paint"},{"floor":7.0,"key":"DataDisk"},{"floor":9.0,"key":"Bottled Lightning"},{"floor":11.0,"key":"Du-Vu Doll"},{"floor":24.0,"key":"Regal Pillow"},{"floor":25.0,"key":"Pen Nib"},{"floor":26.0,"key":"Blood Vial"},{"floor":27.0,"key":"Smiling Mask"},{"floor":30.0,"key":"Mango"},{"floor":31.0,"key":"Nilry\u0027s Codex"}],"event_choices":[{"damage_healed":0.0,"max_hp_gain":0.0,"max_hp_loss":0.0,"gold_gain":0.0,"cards_transformed":["Defend_B"],"event_name":"Living Wall","player_choice":"Change","floor":2.0,"gold_loss":0.0,"damage_taken":0.0,"cards_obtained":["Self Repair"]},{"damage_healed":0.0,"max_hp_gain":0.0,"max_hp_loss":0.0,"gold_gain":0.0,"event_name":"Ghosts","player_choice":"Ignored","floor":20.0,"gold_loss":0.0,"damage_taken":0.0},{"damage_healed":0.0,"max_hp_gain":0.0,"max_hp_loss":0.0,"gold_gain":0.0,"event_name":"Cursed Tome","player_choice":"Obtained Book","floor":31.0,"gold_loss":0.0,"damage_taken":16.0},{"damage_healed":0,"gold_gain":0,"player_choice":"Paid","damage_taken":0,"relics_obtained":["Red Mask"],"max_hp_gain":0,"max_hp_loss":0,"event_name":"Tomb of Lord Red Mask","floor":36,"gold_loss":143},{"damage_healed":0,"gold_gain":0,"player_choice":"Took Portal","damage_taken":0,"max_hp_gain":0,"max_hp_loss":0,"event_name":"SecretPortal","floor":39,"gold_loss":0}],"is_beta":false,"boss_relics":[{"not_picked":["Astrolabe","Ectoplasm"],"picked":"Coffee Dripper"},{"not_picked":["Fusion Hammer","Philosopher\u0027s Stone"],"picked":"Nuclear Battery"}],"items_purged_floors":[3,8,22],"is_endless":false,"potions_floor_spawned":[4,7,13,14,18,24,30,35],"ascension_level":1}