{"gold_per_floor":[114,39,39,53,70,70,84,104,104,135,135,135,7,32,32,109,109,124,142,142,142,142],"floor_reached":22,"playtime":671,"items_purged":["Strike_B"],"score":413,"play_id":"160e5c1d-e785-4f13-b9aa-5b8c0193ccc7","local_time":"20190218205431","is_ascension_mode":true,"campfire_choices":[{"data":"Sweeping Beam","floor":6.0,"key":"SMITH"},{"floor":11.0,"key":"REST"},{"data":"1","floor":15.0,"key":"LIFT"}],"neow_cost":"NONE","seed_source_timestamp":390460175973447,"circlet_count":0,"master_deck":["AscendersBane","Defend_B","Defend_B","Defend_B","Defend_B","Zap+1","Dualcast","Sweeping Beam+1","Sweeping Beam","BootSequence","Coolheaded+1","Buffer","Cold Snap","Core Surge","Echo Form","Streamline","Self Repair","RitualDagger","Bite","Bite","Bite","Bite","Bite"],"special_seed":0,"relics":["Cracked Core","NeowsBlessing","Calipers","Blue Candle","Girya","Inserter"],"potions_floor_usage":[16,16,16,16],"damage_taken":[{"damage":0.0,"enemies":"Jaw Worm","floor":1.0,"turns":1.0},{"damage":0.0,"enemies":"2 Louse","floor":4.0,"turns":1.0},{"damage":0.0,"enemies":"Cultist","floor":5.0,"turns":1.0},{"damage":5.0,"enemies":"3 Louse","floor":7.0,"turns":3.0},{"damage":12.0,"enemies":"Gremlin Gang","floor":8.0,"turns":2.0},{"damage":35.0,"enemies":"Gremlin Nob","floor":10.0,"turns":5.0},{"damage":6.0,"enemies":"Lagavulin","floor":14.0,"turns":8.0},{"damage":31,"enemies":"Slime Boss","floor":16,"turns":12},{"damage":19,"enemies":"Shell Parasite","floor":18,"turns":7},{"damage":6,"enemies":"Spheric Guardian","floor":19,"turns":5},{"damage":33,"enemies":"Snake Plant","floor":22,"turns":4}],"seed_played":"-3775480480489113272","potions_obtained":[{"floor":4.0,"key":"Explosive Potion"},{"floor":14.0,"key":"EntropicBrew"},{"floor":16,"key":"FearPotion"}],"is_trial":false,"path_per_floor":["M","?","?","M","M","R","M","M","T","E","R","?","$","E","R","B",null,"M","M","?","?","M"],"character_chosen":"DEFECT","items_purchased":["Block Potion"],"campfire_rested":1,"item_purchase_floors":[13],"current_hp_per_floor":[64,64,64,64,64,64,59,47,47,12,33,33,33,27,27,11,56,37,31,25,25,0],"gold":142,"neow_bonus":"THREE_ENEMY_KILL","is_prod":false,"is_daily":false,"chose_seed":false,"campfire_upgraded":1,"win_rate":0,"timestamp":1550541271,"path_taken":["M","?","?","?","M","R","M","M","T","E","R","?","$","E","R","BOSS","M","?","?","?","M"],"build_version":"2019-01-23","purchased_purges":1,"victory":false,"max_hp_per_floor":[71,71,71,71,71,71,71,71,71,71,71,71,71,71,71,71,71,71,71,71,49,49],"card_choices":[{"not_picked":["Recycle","Leap"],"picked":"Sweeping Beam","floor":1.0},{"not_picked":["Gash","Steam"],"picked":"Sweeping Beam","floor":4.0},{"not_picked":["Chaos","Redo"],"picked":"BootSequence","floor":5.0},{"not_picked":["Redo","Go for the Eyes"],"picked":"Coolheaded","floor":7.0},{"not_picked":["Stack","Aggregate"],"picked":"Buffer","floor":8.0},{"not_picked":["Rebound","Leap"],"picked":"Cold Snap","floor":10.0},{"not_picked":["Fusion","Scrape"],"picked":"Core Surge","floor":14.0},{"not_picked":["Meteor Strike","All For One"],"picked":"Echo Form","floor":16},{"not_picked":["Reprogram","Genetic Algorithm"],"picked":"Streamline","floor":18},{"not_picked":["Leap+1","Rebound"],"picked":"Self Repair","floor":19}],"player_experience":957581,"relics_obtained":[{"floor":9.0,"key":"Calipers"},{"floor":10.0,"key":"Blue Candle"},{"floor":14.0,"key":"Girya"}],"event_choices":[{"cards_removed":["Strike_B"],"damage_healed":0.0,"max_hp_gain":0.0,"max_hp_loss":0.0,"gold_gain":0.0,"event_name":"The Cleric","player_choice":"Card Removal","floor":2.0,"gold_loss":75.0,"damage_taken":0.0},{"damage_healed":0.0,"max_hp_gain":0.0,"max_hp_loss":0.0,"gold_gain":0.0,"event_name":"Upgrade Shrine","player_choice":"Upgraded","floor":3.0,"gold_loss":0.0,"damage_taken":0.0,"cards_upgraded":["Zap"]},{"damage_healed":0.0,"max_hp_gain":0.0,"max_hp_loss":0.0,"gold_gain":0.0,"event_name":"Accursed Blacksmith","player_choice":"Forge","floor":12.0,"gold_loss":0.0,"damage_taken":0.0,"cards_upgraded":["Coolheaded"]},{"damage_healed":0,"gold_gain":0,"player_choice":"Joined the Cult","damage_taken":6,"max_hp_gain":0,"max_hp_loss":0,"event_name":"Nest","floor":20,"gold_loss":0,"cards_obtained":["RitualDagger"]},{"damage_healed":0,"gold_gain":0,"player_choice":"Became a vampire","damage_taken":0,"max_hp_gain":0,"max_hp_loss":22,"event_name":"Vampires","floor":21,"gold_loss":0,"cards_obtained":["Bite","Bite","Bite","Bite","Bite"]}],"is_beta":false,"boss_relics":[{"not_picked":["Nuclear Battery","Cursed Key"],"picked":"Inserter"}],"items_purged_floors":[13],"is_endless":false,"potions_floor_spawned":[4,14,16],"killed_by":"Snake Plant","ascension_level":20}