{"gold_per_floor":[115,85,96,96,109,444,145,173,173,202,212,212,227,307,307,408,408,422,422,422,422,438,469,483,501,501,533,533,578,41,67,67,162,162,175,175,226,245,245,277,277,293,371,404,5,34,47,72,72,72,72,72,18,52,52],"floor_reached":56,"playtime":3708,"items_purged":["Strike_G","Strike_G","Strike_G"],"score":1679,"play_id":"e55d05cc-f05e-4e7b-af71-5502edd08afc","local_time":"20190215020312","is_ascension_mode":true,"campfire_choices":[{"data":"Noxious Fumes","floor":12,"key":"SMITH"},{"data":"Neutralize","floor":15,"key":"SMITH"},{"data":"Burst","floor":28,"key":"SMITH"},{"data":"Poisoned Stab","floor":32,"key":"SMITH"},{"floor":41,"key":"RECALL"},{"data":"Caltrops","floor":49,"key":"SMITH"},{"data":"Cloak And Dagger","floor":52,"key":"SMITH"}],"neow_cost":"TEN_PERCENT_HP_LOSS","seed_source_timestamp":5233631694603209,"circlet_count":0,"master_deck":["Defend_G","Defend_G","Defend_G","Defend_G","Survivor","Neutralize+1","Caltrops+1","Dagger Spray","Cloak And Dagger","Noxious Fumes+1","Cloak And Dagger+1","Burst+1","Flying Knee","Predator","Deflect","PiercingWail","Corpse Explosion","Acrobatics","Ghostly","Ghostly","Ghostly","Ghostly","Ghostly","RitualDagger","Poisoned Stab+1","Deflect+1","Bouncing Flask+1","Finesse","Poisoned Stab","Wraith Form v2+1","Cloak And Dagger+1","After Image+1","Noxious Fumes+1","Bouncing Flask+1","Cloak And Dagger+1","Sadistic Nature+1","Caltrops+1","Noxious Fumes+1","Prepared+1","Parasite","Well Laid Plans+1","Caltrops+1","Infinite Blades+1","Calculated Gamble"],"relics":["Ring of the Snake","Regal Pillow","Old Coin","Strawberry","Frozen Egg 2","PreservedInsect","Ornamental Fan","Runic Dome","Bottled Tornado","Question Card","StoneCalendar","Dodecahedron","Potion Belt","Philosopher\u0027s Stone","Mango","Bronze Scales","The Courier","Dream Catcher","Tingsha","Blood Vial","Boot"],"potions_floor_usage":[6,6,6,6,10,16,16,23,27,31,33,55,55,55,55],"damage_taken":[{"damage":0,"enemies":"Jaw Worm","floor":1,"turns":4},{"damage":1,"enemies":"Cultist","floor":3,"turns":4},{"damage":0,"enemies":"Small Slimes","floor":5,"turns":3},{"damage":15,"enemies":"Lagavulin","floor":6,"turns":8},{"damage":12,"enemies":"3 Sentries","floor":8,"turns":9},{"damage":14,"enemies":"Gremlin Nob","floor":10,"turns":4},{"damage":0,"enemies":"Looter","floor":11,"turns":4},{"damage":5,"enemies":"Lots of Slimes","floor":13,"turns":3},{"damage":10,"enemies":"Slime Boss","floor":16,"turns":10},{"damage":17,"enemies":"Spheric Guardian","floor":18,"turns":5},{"damage":2,"enemies":"2 Thieves","floor":22,"turns":4},{"damage":16,"enemies":"Slavers","floor":23,"turns":2},{"damage":0,"enemies":"Snake Plant","floor":24,"turns":5},{"damage":0,"enemies":"Sentry and Sphere","floor":25,"turns":6},{"damage":0,"enemies":"Gremlin Leader","floor":27,"turns":6},{"damage":0,"enemies":"Book of Stabbing","floor":31,"turns":5},{"damage":3,"enemies":"Collector","floor":33,"turns":8},{"damage":0,"enemies":"Orb Walker","floor":35,"turns":4},{"damage":0,"enemies":"2 Orb Walkers","floor":37,"turns":6},{"damage":0,"enemies":"3 Darklings","floor":38,"turns":5},{"damage":0,"enemies":"Reptomancer","floor":40,"turns":7},{"damage":0,"enemies":"Transient","floor":42,"turns":5},{"damage":0,"enemies":"Nemesis","floor":44,"turns":7},{"damage":0,"enemies":"Reptomancer","floor":46,"turns":5},{"damage":0,"enemies":"Writhing Mass","floor":47,"turns":6},{"damage":0,"enemies":"Nemesis","floor":48,"turns":7},{"damage":42,"enemies":"Time Eater","floor":50,"turns":8},{"damage":0,"enemies":"Shield and Spear","floor":54,"turns":5},{"damage":0,"enemies":"The Heart","floor":55,"turns":7}],"seed_played":"-1693679544410522498","potions_obtained":[{"floor":2,"key":"EntropicBrew"},{"floor":2,"key":"AttackPotion"},{"floor":3,"key":"AttackPotion"},{"floor":8,"key":"Strength Potion"},{"floor":10,"key":"SpeedPotion"},{"floor":11,"key":"Fire Potion"},{"floor":23,"key":"Poison Potion"},{"floor":25,"key":"Strength Potion"},{"floor":31,"key":"GhostInAJar"},{"floor":37,"key":"SteroidPotion"},{"floor":42,"key":"AttackPotion"},{"floor":44,"key":"FairyPotion"},{"floor":46,"key":"LiquidBronze"}],"is_trial":false,"path_per_floor":["M","?","M","?","M","E","$","E","T","E","M","R","M","T","R","B",null,"M","?","?","?","M","E","M","M","T","E","R","T","$","E","R","B",null,"M","?","?","M","?","E","R","M","T","E","$","E","M","E","R","B",null,"R","$","E","B",null],"character_chosen":"THE_SILENT","items_purchased":["Noxious Fumes","Cloak And Dagger","Burst","Dodecahedron","Finesse","SkillPotion","Dexterity Potion","Sadistic Nature+1","Caltrops+1","Dexterity Potion","Noxious Fumes+1","Infinite Blades+1"],"campfire_rested":0,"item_purchase_floors":[7,7,7,30,30,30,30,45,45,45,45,53],"current_hp_per_floor":[63,63,62,62,62,47,47,42,42,28,28,28,23,23,23,13,70,53,35,29,29,27,11,11,11,11,11,11,11,11,11,11,8,35,35,33,47,47,47,47,47,47,47,47,47,47,47,47,47,5,47,47,47,47,47],"gold":52,"neow_bonus":"REMOVE_TWO","is_prod":false,"is_daily":false,"chose_seed":false,"campfire_upgraded":6,"win_rate":0,"timestamp":1550214192,"path_taken":["M","?","?","?","?","E","$","E","T","E","M","R","M","?","R","BOSS","M","?","?","?","M","E","M","?","T","E","R","?","$","E","R","BOSS","M","?","?","M","?","E","R","?","T","E","$","E","M","E","R","BOSS","R","$","E","BOSS"],"build_version":"2019-02-06","purchased_purges":3,"victory":true,"max_hp_per_floor":[63,63,63,63,63,63,63,70,70,70,70,70,70,70,70,70,70,70,35,35,35,35,35,35,35,35,35,35,35,35,35,35,35,35,35,33,47,47,47,47,47,47,47,47,47,47,47,47,47,47,47,47,47,47,47],"card_choices":[{"not_picked":["Eviscerate","Reflex"],"picked":"Deflect","floor":1},{"not_picked":["Deflect","Setup"],"picked":"Caltrops","floor":3},{"not_picked":["Calculated Gamble","Setup"],"picked":"Dagger Spray","floor":5},{"not_picked":["Blade Dance","Setup"],"picked":"Cloak And Dagger","floor":6},{"not_picked":["Terror","Quick Slash"],"picked":"Flying Knee","floor":8},{"not_picked":["Sucker Punch","Finisher"],"picked":"Predator","floor":10},{"not_picked":["Tactician","Slice"],"picked":"Deflect","floor":11},{"not_picked":["Dagger Spray","Flying Knee"],"picked":"PiercingWail","floor":13},{"not_picked":["Phantasmal Killer","Bullet Time"],"picked":"Corpse Explosion","floor":16},{"not_picked":["Outmaneuver","Setup"],"picked":"Acrobatics","floor":18},{"not_picked":["Blade Dance","Quick Slash"],"picked":"Poisoned Stab","floor":22},{"not_picked":["Heel Hook","Quick Slash+1","Concentrate"],"picked":"SKIP","floor":23},{"not_picked":["Dagger Spray","Quick Slash+1","Tactician"],"picked":"SKIP","floor":24},{"not_picked":["Riddle With Holes","Bane+1"],"picked":"Deflect+1","floor":25},{"not_picked":["Sucker Punch","Dodge and Roll","Doppelganger"],"picked":"Bouncing Flask+1","floor":27},{"not_picked":["Acrobatics+1","Dagger Spray","Heel Hook"],"picked":"Poisoned Stab","floor":31},{"not_picked":["Night Terror","Envenom+1","Storm of Steel"],"picked":"Wraith Form v2+1","floor":33},{"not_picked":["Slice+1","Blade Dance","PiercingWail+1","Dagger Spray"],"picked":"SKIP","floor":35},{"not_picked":["Dagger Throw","All Out Attack","Prepared+1"],"picked":"Cloak And Dagger+1","floor":37},{"not_picked":["Deadly Poison","Infinite Blades+1","Dagger Spray+1"],"picked":"After Image+1","floor":38},{"not_picked":["Sucker Punch","Cloak And Dagger+1","Dodge and Roll+1"],"picked":"Noxious Fumes+1","floor":40},{"not_picked":["Prepared+1","Infinite Blades+1","Blur"],"picked":"Bouncing Flask+1","floor":42},{"not_picked":["Finisher","All Out Attack","Outmaneuver+1"],"picked":"Cloak And Dagger+1","floor":44},{"not_picked":["Blur","Sucker Punch+1","Outmaneuver+1"],"picked":"Prepared+1","floor":46},{"not_picked":["Prepared+1","Choke+1","Quick Slash+1"],"picked":"Well Laid Plans+1","floor":47},{"not_picked":["Accuracy+1","Flying Knee+1","Dash+1"],"picked":"Caltrops+1","floor":48},{"not_picked":["Flying Knee","Distraction+1","Die Die Die"],"picked":"Calculated Gamble","floor":54}],"player_experience":4520497,"relics_obtained":[{"floor":6,"key":"Old Coin"},{"floor":8,"key":"Strawberry"},{"floor":9,"key":"Frozen Egg 2"},{"floor":10,"key":"PreservedInsect"},{"floor":14,"key":"Ornamental Fan"},{"floor":23,"key":"Bottled Tornado"},{"floor":26,"key":"Question Card"},{"floor":27,"key":"StoneCalendar"},{"floor":31,"key":"Potion Belt"},{"floor":37,"key":"Mango"},{"floor":40,"key":"Bronze Scales"},{"floor":43,"key":"The Courier"},{"floor":44,"key":"Dream Catcher"},{"floor":46,"key":"Tingsha"},{"floor":48,"key":"Blood Vial"},{"floor":54,"key":"Boot"}],"event_choices":[{"damage_healed":0,"gold_gain":0,"player_choice":"Bought 2 Potions","damage_taken":0,"max_hp_gain":0,"max_hp_loss":0,"event_name":"The Woman in Blue","floor":2,"gold_loss":0},{"cards_removed":["Deflect"],"damage_healed":0,"gold_gain":0,"player_choice":"Gave Card","damage_taken":0,"relics_obtained":["Regal Pillow"],"max_hp_gain":0,"max_hp_loss":0,"event_name":"WeMeetAgain","floor":4,"gold_loss":0},{"damage_healed":0,"gold_gain":0,"player_choice":"Became a Ghost","damage_taken":0,"max_hp_gain":0,"max_hp_loss":35,"event_name":"Ghosts","floor":19,"gold_loss":0,"cards_obtained":["Ghostly","Ghostly","Ghostly","Ghostly","Ghostly"]},{"damage_healed":0,"gold_gain":0,"player_choice":"Joined the Cult","damage_taken":6,"max_hp_gain":0,"max_hp_loss":0,"event_name":"Nest","floor":20,"gold_loss":0,"cards_obtained":["RitualDagger"]},{"cards_removed":["Strike_G"],"damage_healed":0,"gold_gain":0,"player_choice":"Purged","damage_taken":0,"max_hp_gain":0,"max_hp_loss":0,"event_name":"Purifier","floor":21,"gold_loss":0},{"damage_healed":0,"gold_gain":0,"player_choice":"Max HP","damage_taken":0,"max_hp_gain":0,"max_hp_loss":2,"event_name":"Winding Halls","floor":36,"gold_loss":0},{"damage_healed":0,"gold_gain":0,"player_choice":"Fight","damage_taken":0,"max_hp_gain":0,"max_hp_loss":0,"event_name":"Mysterious Sphere","floor":37,"gold_loss":0},{"damage_healed":0,"gold_gain":0,"player_choice":"Ignored","damage_taken":0,"max_hp_gain":0,"max_hp_loss":0,"event_name":"Tomb of Lord Red Mask","floor":39,"gold_loss":0}],"is_beta":true,"boss_relics":[{"not_picked":["Eternal Feather","Pandora\u0027s Box"],"picked":"Runic Dome"},{"not_picked":["Fusion Hammer","Empty Cage"],"picked":"Philosopher\u0027s Stone"}],"items_purged_floors":[7,30,45],"is_endless":false,"potions_floor_spawned":[3,8,10,11,13,23,25,31,37,42,44,46,48],"ascension_level":1}