{"gold_per_floor":[118,118,15,30,30,30,60,60,109,184,209,209,242,252,252,331,331,342,342,342],"floor_reached":20,"playtime":391,"items_purged":["Strike_B"],"score":426,"play_id":"6cbd3aa3-85c0-43cf-ba96-85634d517c9e","local_time":"20190210022425","is_ascension_mode":true,"campfire_choices":[{"data":"Zap","floor":6,"key":"SMITH"},{"data":"Defragment","floor":8,"key":"SMITH"},{"data":"Barrage","floor":15,"key":"SMITH"}],"neow_cost":"NONE","seed_source_timestamp":1150332319832400,"circlet_count":0,"master_deck":["AscendersBane","Strike_B","Strike_B","Defend_B","Defend_B","Defend_B","Zap+1","Dualcast","Ball Lightning","Ball Lightning","Sweeping Beam","Defragment+1","Machine Learning","Barrage+1","Conserve Battery","Echo Form","Loop"],"relics":["Cracked Core","NeowsBlessing","Bottled Lightning","Boot","Incense Burner","Juzu Bracelet","Nuclear Battery","MutagenicStrength"],"potions_floor_usage":[11,16],"damage_taken":[{"damage":0,"enemies":"2 Louse","floor":1,"turns":1},{"damage":0,"enemies":"Jaw Worm","floor":4,"turns":1},{"damage":0,"enemies":"Lagavulin","floor":7,"turns":2},{"damage":6,"enemies":"Gremlin Nob","floor":11,"turns":3},{"damage":30,"enemies":"Lagavulin","floor":13,"turns":4},{"damage":0,"enemies":"Cultist","floor":14,"turns":3},{"damage":1,"enemies":"Slime Boss","floor":16,"turns":6},{"damage":27,"enemies":"Shell Parasite","floor":18,"turns":6},{"damage":40,"enemies":"Colosseum Slavers","floor":20,"turns":3}],"seed_played":"-6202821664942244257","potions_obtained":[{"floor":4,"key":"Swift Potion"},{"floor":14,"key":"Block Potion"},{"floor":16,"key":"Energy Potion"}],"is_trial":false,"path_per_floor":["M","?","$","M","?","R","E","R","T","?","E","?","E","M","R","B",null,"M","?","?"],"character_chosen":"DEFECT","items_purchased":["Ball Lightning"],"campfire_rested":0,"item_purchase_floors":[3],"current_hp_per_floor":[64,69,69,69,69,69,69,69,69,58,52,45,15,15,15,14,61,34,34,0],"gold":342,"neow_bonus":"THREE_ENEMY_KILL","is_prod":false,"is_daily":false,"chose_seed":false,"campfire_upgraded":3,"win_rate":0,"timestamp":1549733065,"path_taken":["M","?","$","M","?","R","E","R","T","?","E","?","E","M","R","BOSS","M","?","?"],"build_version":"2019-01-23","purchased_purges":1,"victory":false,"max_hp_per_floor":[71,76,76,76,76,76,76,76,76,76,76,76,76,76,76,76,76,76,76,76],"card_choices":[{"not_picked":["Scrape","Hello World"],"picked":"Ball Lightning","floor":1},{"not_picked":["Cold Snap","Coolheaded"],"picked":"Sweeping Beam","floor":4},{"not_picked":["Coolheaded","Streamline"],"picked":"Defragment","floor":7},{"not_picked":["Turbo","Go for the Eyes"],"picked":"Machine Learning","floor":11},{"not_picked":["Rip and Tear","Sweeping Beam"],"picked":"Barrage","floor":13},{"not_picked":["Reprogram","Sweeping Beam"],"picked":"Conserve Battery","floor":14},{"not_picked":["Reboot","All For One"],"picked":"Echo Form","floor":16},{"not_picked":["Storm","Coolheaded"],"picked":"Loop","floor":18}],"player_experience":1108123,"relics_obtained":[{"floor":7,"key":"Bottled Lightning"},{"floor":9,"key":"Boot"},{"floor":11,"key":"Incense Burner"},{"floor":13,"key":"Juzu Bracelet"}],"event_choices":[{"damage_healed":0,"gold_gain":0,"player_choice":"Donut","damage_taken":0,"max_hp_gain":5,"max_hp_loss":0,"event_name":"Big Fish","floor":2,"gold_loss":0},{"cards_removed":["Strike_B"],"damage_healed":0,"gold_gain":0,"player_choice":"Forget","damage_taken":0,"max_hp_gain":0,"max_hp_loss":0,"event_name":"Living Wall","floor":5,"gold_loss":0},{"damage_healed":0,"gold_gain":75,"player_choice":"Gather Gold","damage_taken":11,"max_hp_gain":0,"max_hp_loss":0,"event_name":"World of Goop","floor":10,"gold_loss":0},{"cards_removed":["Defend_B"],"damage_healed":0,"gold_gain":0,"player_choice":"Card Removal","damage_taken":7,"max_hp_gain":0,"max_hp_loss":0,"event_name":"Golden Wing","floor":12,"gold_loss":0},{"damage_healed":0,"gold_gain":0,"player_choice":"Inject Mutagens","damage_taken":0,"relics_obtained":["MutagenicStrength"],"max_hp_gain":0,"max_hp_loss":0,"event_name":"Drug Dealer","floor":19,"gold_loss":0},{"damage_healed":0,"gold_gain":0,"player_choice":"Fight","damage_taken":0,"max_hp_gain":0,"max_hp_loss":0,"event_name":"Colosseum","floor":20,"gold_loss":0}],"is_beta":false,"boss_relics":[{"not_picked":["Runic Dome","Snecko Eye"],"picked":"Nuclear Battery"}],"items_purged_floors":[3],"is_endless":false,"potions_floor_spawned":[4,14,16],"killed_by":"Colosseum Slavers","ascension_level":20}