{"gold_per_floor":[109,109,23,23,34,34,68,68,68,68],"floor_reached":10,"playtime":1012,"items_purged":[],"score":70,"play_id":"49f74159-949c-4f4e-9699-5276751c02d7","local_time":"20190209012655","is_ascension_mode":true,"campfire_choices":[{"data":"Iron Wave","floor":6.0,"key":"SMITH"},{"floor":8.0,"key":"REST"}],"neow_cost":"NONE","seed_source_timestamp":0,"circlet_count":0,"master_deck":["Strike_R","Strike_R","Strike_R","Strike_R","Strike_R+1","Defend_R","Defend_R","Defend_R","Defend_R","Bash+1","Whirlwind","Finesse+1","Iron Wave+1","Impervious+1"],"special_seed":0,"relics":["Burning Blood","Toxic Egg 2","Ancient Tea Set","Pantograph"],"potions_floor_usage":[10,10],"damage_taken":[{"damage":18.0,"enemies":"Jaw Worm","floor":1.0,"turns":4.0},{"damage":6.0,"enemies":"2 Louse","floor":5.0,"turns":3.0},{"damage":23.0,"enemies":"Gremlin Nob","floor":7.0,"turns":5.0},{"damage":45,"enemies":"Lagavulin","floor":10,"turns":9}],"seed_played":"-5363218008639523444","potions_obtained":[{"floor":0.0,"key":"PowerPotion"},{"floor":0.0,"key":"Energy Potion"},{"floor":0.0,"key":"FearPotion"},{"floor":5.0,"key":"SpeedPotion"}],"is_trial":false,"path_per_floor":["M","?","$","?","M","R","E","R","T","E"],"character_chosen":"IRONCLAD","items_purchased":["Finesse+1"],"campfire_rested":1,"item_purchase_floors":[3],"current_hp_per_floor":[68,43,43,27,27,27,10,34,34,0],"gold":68,"neow_bonus":"THREE_SMALL_POTIONS","is_prod":false,"is_daily":false,"chose_seed":false,"campfire_upgraded":1,"win_rate":0,"timestamp":1549672015,"path_taken":["M","?","$","?","M","R","E","R","T","E"],"build_version":"2019-01-23","purchased_purges":0,"victory":false,"max_hp_per_floor":[80,80,80,80,80,80,80,80,80,80],"card_choices":[{"not_picked":["Evolve","Sword Boomerang"],"picked":"Whirlwind","floor":1.0},{"not_picked":["Uppercut","Heavy Blade"],"picked":"Iron Wave","floor":5.0},{"not_picked":["Wild Strike","Body Slam"],"picked":"Impervious+1","floor":7.0}],"player_experience":77782,"relics_obtained":[{"floor":7.0,"key":"Ancient Tea Set"},{"floor":9,"key":"Pantograph"}],"event_choices":[{"damage_healed":0.0,"max_hp_gain":0.0,"max_hp_loss":0.0,"gold_gain":0.0,"event_name":"Scrap Ooze","player_choice":"Success","floor":2.0,"gold_loss":0.0,"damage_taken":25.0,"relics_obtained":["Toxic Egg 2"]},{"damage_healed":0.0,"max_hp_gain":0.0,"max_hp_loss":0.0,"gold_gain":0.0,"event_name":"Shining Light","player_choice":"Entered Light","floor":4.0,"gold_loss":0.0,"damage_taken":16.0,"cards_upgraded":["Bash","Strike_R"]}],"is_beta":false,"boss_relics":[],"items_purged_floors":[],"is_endless":false,"potions_floor_spawned":[1,5,7],"killed_by":"Lagavulin","ascension_level":2}