{"gold_per_floor":[112,112,132,132,103,103,113,113,140,140,140,171,187,217,217,217],"floor_reached":16,"playtime":493,"items_purged":[],"score":216,"play_id":"b93e7535-4fc4-4dff-8972-392c01375d33","local_time":"20181117003656","is_ascension_mode":true,"campfire_choices":[{"floor":6,"key":"RECALL"},{"data":"Armaments","floor":8,"key":"SMITH"},{"data":"Bandage Up","floor":11,"key":"SMITH"},{"data":"Bash","floor":15,"key":"SMITH"}],"neow_cost":"PERCENT_DAMAGE","seed_source_timestamp":246292105216900,"circlet_count":0,"master_deck":["AscendersBane","Strike_R","Strike_R","Strike_R","Strike_R","Strike_R","Defend_R","Defend_R","Defend_R","Bash+1","Bandage Up+1","Enlightenment","Pommel Strike","Armaments+1","Thunderclap","Iron Wave","Disarm","Iron Wave","Shockwave"],"relics":["Burning Blood","CultistMask","Strawberry","Bronze Scales","Bottled Flame"],"potions_floor_usage":[12,14,14],"damage_taken":[{"damage":9,"enemies":"Small Slimes","floor":1,"turns":5},{"damage":1,"enemies":"Cultist","floor":3,"turns":3},{"damage":4,"enemies":"2 Louse","floor":7,"turns":3},{"damage":22,"enemies":"3 Sentries","floor":12,"turns":14},{"damage":15,"enemies":"Exordium Thugs","floor":13,"turns":4},{"damage":10,"enemies":"Gremlin Nob","floor":14,"turns":4},{"damage":75,"enemies":"Slime Boss","floor":16,"turns":8}],"seed_played":"-7784603305107104638","potions_obtained":[{"floor":1,"key":"PowerPotion"},{"floor":7,"key":"Weak Potion"},{"floor":12,"key":"AttackPotion"}],"is_trial":false,"path_per_floor":["M","?","M","?","$","R","M","R","T","?","R","E","M","E","R","B"],"character_chosen":"IRONCLAD","items_purchased":["Thunderclap"],"campfire_rested":0,"item_purchase_floors":[5],"current_hp_per_floor":[51,51,60,60,60,60,66,66,73,73,73,63,60,62,62,0],"gold":217,"neow_bonus":"RANDOM_COLORLESS_2","is_prod":false,"is_daily":false,"chose_seed":false,"campfire_upgraded":3,"win_rate":0,"timestamp":1542382616,"path_taken":["M","?","?","?","?","R","M","R","T","?","R","E","M","E","R","BOSS"],"build_version":"2018-11-15","purchased_purges":0,"victory":false,"max_hp_per_floor":[75,75,75,75,75,75,75,75,82,82,82,82,82,82,82,82],"card_choices":[{"not_picked":["Clash","Shrug It Off"],"picked":"Pommel Strike","floor":1},{"not_picked":["Intimidate","Whirlwind"],"picked":"Armaments","floor":3},{"not_picked":["Clash","Barricade"],"picked":"Iron Wave","floor":7},{"not_picked":["Perfected Strike","Ghostly Armor"],"picked":"Disarm","floor":12},{"not_picked":["Wild Strike","Bloodletting"],"picked":"Iron Wave","floor":13},{"not_picked":["Flex","Anger"],"picked":"Shockwave","floor":14}],"player_experience":828228,"relics_obtained":[{"floor":9,"key":"Strawberry"},{"floor":12,"key":"Bronze Scales"},{"floor":14,"key":"Bottled Flame"}],"event_choices":[{"cards_removed":["Defend_R"],"damage_healed":0,"gold_gain":0,"player_choice":"Offered Basic","damage_taken":0,"max_hp_gain":0,"max_hp_loss":0,"event_name":"Bonfire Elementals","floor":2,"gold_loss":0},{"damage_healed":0,"gold_gain":0,"player_choice":"Trade","damage_taken":0,"relics_obtained":["CultistMask"],"max_hp_gain":0,"max_hp_loss":0,"event_name":"FaceTrader","floor":4,"gold_loss":0},{"damage_healed":0,"gold_gain":0,"player_choice":"Ignored","damage_taken":0,"max_hp_gain":0,"max_hp_loss":0,"event_name":"Liars Game","floor":10,"gold_loss":0}],"is_beta":false,"boss_relics":[],"items_purged_floors":[],"is_endless":false,"potions_floor_spawned":[1,7,12],"killed_by":"Slime Boss","ascension_level":20}