{"gold_per_floor":[114,130,130,130,148,182,182,201,254,268,300,320,92,125,125,227,227,239,239,1,36,36,136,171,171,171,171,186,217,217,231,231,327,327,337,337,337,353,353,379,379,391,391,613,613,648,47,65,65,65],"floor_reached":51,"playtime":2809,"items_purged":["Strike_R","Strike_R"],"score":910,"play_id":"74c72826-93b2-45e1-8bd8-601be2e16927","local_time":"20190217115700","is_ascension_mode":true,"campfire_choices":[{"data":"Uppercut","floor":7,"key":"SMITH"},{"data":"True Grit","floor":15,"key":"SMITH"},{"data":"Limit Break","floor":27,"key":"SMITH"},{"data":"Heavy Blade","floor":30,"key":"SMITH"},{"data":"Inflame","floor":32,"key":"SMITH"},{"data":"Madness","floor":41,"key":"SMITH"},{"data":"Limit Break","floor":45,"key":"SMITH"},{"data":"Offering","floor":49,"key":"SMITH"}],"neow_cost":"NONE","seed_source_timestamp":178050766935815,"circlet_count":0,"master_deck":["Strike_R","Strike_R+1","Defend_R","Defend_R","Defend_R+1","Defend_R","Bash+1","Twin Strike","Anger","Uppercut+1","Inflame+1","Heavy Blade+1","Shrug It Off","True Grit+1","Limit Break+1","Limit Break+1","Disarm","Armaments+1","Reaper","Dark Shackles","Madness+1","Sword Boomerang+1","Pummel","Offering+1","Master of Strategy"],"relics":["Burning Blood","Self Forming Clay","Dream Catcher","Regal Pillow","PreservedInsect","Anchor","Eternal Feather","MutagenicStrength","Singing Bowl","Red Mask","Bird Faced Urn","The Courier","Art of War","Sundial","Meat on the Bone","Philosopher\u0027s Stone","Centennial Puzzle","Bottled Lightning","Vajra","Mango"],"potions_floor_usage":[6,21,21,23,31,31,33,38,40,42],"damage_taken":[{"damage":13,"enemies":"Jaw Worm","floor":1,"turns":5},{"damage":4,"enemies":"2 Louse","floor":2,"turns":3},{"damage":5,"enemies":"Small Slimes","floor":5,"turns":4},{"damage":20,"enemies":"3 Sentries","floor":6,"turns":6},{"damage":3,"enemies":"Looter","floor":8,"turns":2},{"damage":0,"enemies":"3 Louse","floor":10,"turns":3},{"damage":14,"enemies":"Gremlin Nob","floor":11,"turns":3},{"damage":5,"enemies":"Blue Slaver","floor":12,"turns":4},{"damage":5,"enemies":"Lagavulin","floor":14,"turns":4},{"damage":38,"enemies":"The Guardian","floor":16,"turns":9},{"damage":8,"enemies":"Shell Parasite","floor":18,"turns":6},{"damage":3,"enemies":"Masked Bandits","floor":21,"turns":3},{"damage":13,"enemies":"Colosseum Slavers","floor":23,"turns":3},{"damage":6,"enemies":"Colosseum Nobs","floor":23,"turns":4},{"damage":8,"enemies":"Book of Stabbing","floor":24,"turns":4},{"damage":10,"enemies":"3 Byrds","floor":28,"turns":6},{"damage":66,"enemies":"Gremlin Leader","floor":29,"turns":7},{"damage":12,"enemies":"Snake Plant","floor":31,"turns":5},{"damage":80,"enemies":"Collector","floor":33,"turns":10},{"damage":9,"enemies":"Orb Walker","floor":35,"turns":4},{"damage":20,"enemies":"3 Darklings","floor":38,"turns":7},{"damage":54,"enemies":"Nemesis","floor":40,"turns":7},{"damage":31,"enemies":"Jaw Worm Horde","floor":42,"turns":6},{"damage":25,"enemies":"Giant Head","floor":46,"turns":6},{"damage":22,"enemies":"Sphere and 2 Shapes","floor":48,"turns":4},{"damage":46,"enemies":"Time Eater","floor":50,"turns":6}],"seed_played":"-4150350614381854945","potions_obtained":[{"floor":1,"key":"Strength Potion"},{"floor":8,"key":"Fire Potion"},{"floor":11,"key":"BloodPotion"},{"floor":12,"key":"AttackPotion"},{"floor":21,"key":"Fruit Juice"},{"floor":23,"key":"FairyPotion"},{"floor":29,"key":"Dexterity Potion"},{"floor":31,"key":"EssenceOfSteel"},{"floor":33,"key":"Block Potion"},{"floor":38,"key":"EssenceOfSteel"},{"floor":40,"key":"BloodPotion"},{"floor":46,"key":"GamblersBrew"},{"floor":48,"key":"GamblersBrew"}],"is_trial":false,"path_per_floor":["M","M","?","?","M","E","R","M","T","M","E","M","$","E","R","B",null,"M","?","$","?","?","?","E","?","T","R","M","E","R","M","R","B",null,"M","?","?","M","?","E","R","M","T","?","R","E","$","M","R","B",null],"character_chosen":"IRONCLAD","items_purchased":["PreservedInsect","Singing Bowl","Vajra","Mango","Master of Strategy"],"campfire_rested":0,"item_purchase_floors":[13,20,47,47,47],"current_hp_per_floor":[73,75,80,63,64,50,50,53,53,59,51,52,52,53,53,21,85,83,83,83,92,92,87,89,89,89,96,94,36,48,65,77,29,100,101,101,93,91,91,57,69,69,69,69,81,64,78,66,81,73],"gold":65,"neow_bonus":"UPGRADE_CARD","is_prod":false,"is_daily":false,"chose_seed":false,"campfire_upgraded":8,"win_rate":0,"timestamp":1550401020,"path_taken":["M","M","?","?","M","E","R","M","T","M","E","M","?","E","R","BOSS","M","?","$","?","?","?","E","?","T","R","M","E","R","M","R","BOSS","M","?","?","M","?","E","R","?","T","?","R","E","$","M","R","BOSS"],"build_version":"2019-01-23","purchased_purges":2,"victory":true,"max_hp_per_floor":[80,80,85,85,85,85,85,85,85,85,85,85,85,85,85,85,85,85,85,85,92,92,94,96,96,96,96,98,98,98,98,98,100,100,102,102,104,104,99,99,99,101,101,101,101,101,115,117,117,117],"card_choices":[{"not_picked":["Bloodletting","Armaments"],"picked":"Twin Strike","floor":1},{"not_picked":["Twin Strike","Power Through"],"picked":"Anger","floor":2},{"not_picked":["Anger","Pummel"],"picked":"Uppercut","floor":5},{"not_picked":["Warcry","Carnage"],"picked":"Inflame","floor":6},{"not_picked":["Dark Embrace","Clothesline"],"picked":"Heavy Blade","floor":8},{"not_picked":["Body Slam","Sentinel"],"picked":"Shrug It Off","floor":10},{"not_picked":["Armaments","Blood for Blood"],"picked":"True Grit","floor":11},{"not_picked":["Evolve","Dropkick","Clothesline"],"picked":"SKIP","floor":12},{"not_picked":["Twin Strike","Shrug It Off"],"picked":"Limit Break","floor":14},{"not_picked":["Juggernaut","Dark Embrace"],"picked":"Limit Break","floor":16},{"not_picked":["Anger","Wild Strike","True Grit"],"picked":"SKIP","floor":18},{"not_picked":["Dropkick+1","Burning Pact+1","Reckless Charge"],"picked":"Singing Bowl","floor":21},{"not_picked":["Clothesline+1","Headbutt","Thunderclap+1"],"picked":"Singing Bowl","floor":23},{"not_picked":["Rampage","Dark Embrace","Warcry"],"picked":"Singing Bowl","floor":24},{"not_picked":["Cleave","Thunderclap","Heavy Blade"],"picked":"Singing Bowl","floor":28},{"not_picked":["Sentinel+1","Warcry"],"picked":"Armaments+1","floor":29},{"not_picked":["Searing Blow","Dropkick"],"picked":"Reaper","floor":31},{"not_picked":["Reaper","Berserk","Dark Embrace"],"picked":"Singing Bowl","floor":33},{"not_picked":["Iron Wave","Dropkick","Evolve+1"],"picked":"Singing Bowl","floor":35},{"not_picked":["Transmutation","Discovery"],"picked":"Dark Shackles","floor":37},{"not_picked":["Mind Blast","Finesse"],"picked":"Madness","floor":37},{"not_picked":["Enlightenment","Metamorphosis","Panacea"],"picked":"Singing Bowl","floor":37},{"not_picked":["True Grit+1","Clash"],"picked":"Sword Boomerang+1","floor":38},{"not_picked":["Anger","Pommel Strike+1"],"picked":"Pummel","floor":40},{"not_picked":["Clothesline+1","Perfected Strike+1","Rampage+1"],"picked":"Singing Bowl","floor":42},{"not_picked":["Dark Embrace","Shockwave"],"picked":"Offering","floor":46},{"not_picked":["Clothesline+1","Hemokinesis+1","Clash"],"picked":"Singing Bowl","floor":48}],"player_experience":211397,"relics_obtained":[{"floor":6,"key":"Self Forming Clay"},{"floor":9,"key":"Dream Catcher"},{"floor":11,"key":"Regal Pillow"},{"floor":14,"key":"Anchor"},{"floor":21,"key":"Red Mask"},{"floor":23,"key":"Bird Faced Urn"},{"floor":23,"key":"The Courier"},{"floor":24,"key":"Art of War"},{"floor":26,"key":"Sundial"},{"floor":29,"key":"Meat on the Bone"},{"floor":40,"key":"Centennial Puzzle"},{"floor":46,"key":"Bottled Lightning"}],"event_choices":[{"damage_healed":0,"gold_gain":0,"player_choice":"Donut","damage_taken":0,"max_hp_gain":5,"max_hp_loss":0,"event_name":"Big Fish","floor":3,"gold_loss":0},{"damage_healed":0,"gold_gain":0,"player_choice":"Entered Light","damage_taken":17,"max_hp_gain":0,"max_hp_loss":0,"event_name":"Shining Light","floor":4,"gold_loss":0,"cards_upgraded":["Defend_R","Strike_R"]},{"damage_healed":0,"gold_gain":0,"player_choice":"Inject Mutagens","damage_taken":0,"relics_obtained":["MutagenicStrength"],"max_hp_gain":0,"max_hp_loss":0,"event_name":"Drug Dealer","floor":19,"gold_loss":0},{"damage_healed":0,"gold_gain":0,"player_choice":"Fought Bandits","damage_taken":0,"max_hp_gain":0,"max_hp_loss":0,"event_name":"Masked Bandits","floor":21,"gold_loss":0},{"damage_healed":0,"gold_gain":0,"player_choice":"Ignored","damage_taken":0,"max_hp_gain":0,"max_hp_loss":0,"event_name":"The Mausoleum","floor":22,"gold_loss":0},{"damage_healed":0,"gold_gain":0,"player_choice":"Fight","damage_taken":0,"max_hp_gain":0,"max_hp_loss":0,"event_name":"Colosseum","floor":23,"gold_loss":0},{"damage_healed":0,"gold_gain":0,"player_choice":"Fought Nobs","damage_taken":0,"max_hp_gain":0,"max_hp_loss":0,"event_name":"Colosseum","floor":23,"gold_loss":0},{"damage_healed":0,"gold_gain":0,"player_choice":"Read","damage_taken":0,"max_hp_gain":0,"max_hp_loss":0,"event_name":"The Library","floor":25,"gold_loss":0,"cards_obtained":["Disarm"]},{"cards_removed":["Strike_R"],"damage_healed":0,"gold_gain":0,"player_choice":"Removed Attack","damage_taken":0,"max_hp_gain":0,"max_hp_loss":0,"event_name":"Falling","floor":36,"gold_loss":0},{"damage_healed":0,"gold_gain":0,"player_choice":"Memory 3","damage_taken":10,"max_hp_gain":0,"max_hp_loss":0,"event_name":"SensoryStone","floor":37,"gold_loss":0},{"damage_healed":0,"gold_gain":0,"player_choice":"Max HP","damage_taken":0,"max_hp_gain":0,"max_hp_loss":5,"event_name":"Winding Halls","floor":39,"gold_loss":0},{"damage_healed":0,"gold_gain":222,"player_choice":"Wore Mask","damage_taken":0,"max_hp_gain":0,"max_hp_loss":0,"event_name":"Tomb of Lord Red Mask","floor":44,"gold_loss":0}],"is_beta":false,"boss_relics":[{"not_picked":["Fusion Hammer","Runic Pyramid"],"picked":"Eternal Feather"},{"not_picked":["Black Star","Snecko Eye"],"picked":"Philosopher\u0027s Stone"}],"items_purged_floors":[13,47],"is_endless":false,"potions_floor_spawned":[1,8,11,12,21,23,29,31,33,38,40,46,48],"ascension_level":2}