{"gold_per_floor":[116,116,116,131,141,167,167,201,201,13,13,13,13,25,25,129,129,140,239,239,258,271,271,299,299,299,313,313,345,345,198,198,296,296,307,318,18,18,38,67,77,111,111,138,138,138,64,118,118,118,118,118,18,45,45],"floor_reached":56,"playtime":3366,"items_purged":["Rupture","Strike_R"],"score":1622,"play_id":"42e46b2f-8afe-48f9-8038-ca215f33641c","local_time":"20181118134224","is_ascension_mode":true,"campfire_choices":[{"data":"Barricade","floor":7,"key":"SMITH"},{"data":"Power Through","floor":13,"key":"SMITH"},{"data":"Armaments","floor":15,"key":"SMITH"},{"floor":23,"key":"REST"},{"data":"True Grit","floor":25,"key":"SMITH"},{"data":"Evolve","floor":28,"key":"SMITH"},{"data":"Ghostly Armor","floor":30,"key":"SMITH"},{"data":"Bash","floor":32,"key":"SMITH"},{"data":"Offering","floor":46,"key":"SMITH"},{"floor":49,"key":"RECALL"},{"data":"Ghostly","floor":52,"key":"SMITH"}],"neow_cost":"TEN_PERCENT_HP_LOSS","seed_source_timestamp":2104458782417976,"circlet_count":0,"master_deck":["Strike_R","Strike_R","Strike_R+1","Defend_R","Defend_R","Defend_R","Bash+1","Barricade+1","Power Through+1","Evolve+1","Ghostly Armor+1","Mayhem+1","Armaments+1","Juggernaut+1","Ghostly+1","Ghostly","Ghostly","Ghostly","Ghostly","True Grit+1","Anger+1","Body Slam+1","Headbutt","Berserk+1","Warcry+1","Warcry+1","Flame Barrier","Offering+1","Metallicize+1","Power Through","Feel No Pain+1"],"relics":["Burning Blood","Paper Frog","Blue Candle","Frozen Egg 2","Omamori","Runic Dome","Whetstone","FossilizedHelix","Dream Catcher","Black Star","Thread and Needle","WarpedTongs","Gremlin Horn","Sundial","Mango","Prayer Wheel","Nunchaku","Unceasing Top","Torii","Pantograph","Question Card"],"potions_floor_usage":[6,8,16,55,55,55],"damage_taken":[{"damage":6,"enemies":"Jaw Worm","floor":1,"turns":6},{"damage":2,"enemies":"2 Louse","floor":4,"turns":4},{"damage":6,"enemies":"Cultist","floor":5,"turns":4},{"damage":29,"enemies":"3 Sentries","floor":6,"turns":9},{"damage":37,"enemies":"Gremlin Nob","floor":8,"turns":6},{"damage":3,"enemies":"Red Slaver","floor":14,"turns":6},{"damage":5,"enemies":"Hexaghost","floor":16,"turns":14},{"damage":27,"enemies":"Spheric Guardian","floor":18,"turns":6},{"damage":2,"enemies":"Chosen","floor":21,"turns":7},{"damage":25,"enemies":"3 Cultists","floor":22,"turns":9},{"damage":0,"enemies":"Book of Stabbing","floor":24,"turns":7},{"damage":0,"enemies":"Cultist and Chosen","floor":27,"turns":6},{"damage":0,"enemies":"Slavers","floor":29,"turns":8},{"damage":0,"enemies":"Collector","floor":33,"turns":9},{"damage":0,"enemies":"Orb Walker","floor":35,"turns":6},{"damage":2,"enemies":"3 Darklings","floor":36,"turns":9},{"damage":0,"enemies":"Maw","floor":39,"turns":8},{"damage":0,"enemies":"Reptomancer","floor":40,"turns":6},{"damage":0,"enemies":"Spire Growth","floor":41,"turns":6},{"damage":0,"enemies":"Giant Head","floor":42,"turns":10},{"damage":0,"enemies":"Reptomancer","floor":44,"turns":6},{"damage":0,"enemies":"2 Orb Walkers","floor":48,"turns":6},{"damage":0,"enemies":"Donu and Deca","floor":50,"turns":10},{"damage":0,"enemies":"Shield and Spear","floor":54,"turns":7},{"damage":8,"enemies":"The Heart","floor":55,"turns":8}],"seed_played":"7677260168650891702","potions_obtained":[{"floor":1,"key":"Poison Potion"},{"floor":5,"key":"PowerPotion"},{"floor":16,"key":"Fruit Juice"},{"floor":21,"key":"Dexterity Potion"},{"floor":22,"key":"Explosive Potion"},{"floor":33,"key":"EssenceOfSteel"}],"is_trial":false,"path_per_floor":["M","?","?","M","M","E","R","E","T","$","?","?","R","M","R","B",null,"M","?","?","M","M","R","E","R","T","M","R","E","R","$","R","B",null,"M","M","$","?","M","E","M","E","T","E","?","R","$","?","R","B",null,"R","$","E","B",null],"character_chosen":"IRONCLAD","items_purchased":["Mayhem+1","Ancient Potion","Thread and Needle","Metallicize+1"],"campfire_rested":1,"item_purchase_floors":[10,31,37,47],"current_hp_per_floor":[72,77,77,77,77,54,54,23,23,23,16,35,35,38,38,44,82,61,61,41,41,22,34,40,40,40,41,41,41,41,41,41,41,41,41,41,41,41,41,41,41,55,55,55,55,55,55,55,55,55,55,55,55,55,53],"gold":45,"neow_bonus":"THREE_RARE_CARDS","is_prod":false,"is_daily":false,"chose_seed":false,"campfire_upgraded":9,"win_rate":0,"timestamp":1542566544,"path_taken":["M","?","?","?","M","E","R","E","T","?","?","?","R","M","R","BOSS","M","?","?","M","M","R","E","R","T","M","R","E","R","$","R","BOSS","M","M","$","?","?","E","M","E","T","E","?","R","?","?","R","BOSS","R","$","E","BOSS"],"build_version":"2018-11-15","purchased_purges":2,"victory":true,"max_hp_per_floor":[72,77,77,77,77,77,77,77,77,77,77,77,77,77,77,82,82,82,82,41,41,41,41,41,41,41,41,41,41,41,41,41,41,41,41,41,41,41,41,41,41,55,55,55,55,55,55,55,55,55,55,55,55,55,55],"card_choices":[{"not_picked":["Brutality","Bludgeon"],"picked":"Barricade","floor":0},{"not_picked":["Inflame","Warcry"],"picked":"Power Through","floor":1},{"not_picked":["Bloodletting","Clash","Twin Strike"],"picked":"SKIP","floor":4},{"not_picked":["Whirlwind","Havoc"],"picked":"Evolve","floor":5},{"not_picked":["Warcry","Headbutt"],"picked":"Ghostly Armor","floor":6},{"not_picked":["Intimidate","Searing Blow","Dropkick"],"picked":"SKIP","floor":8},{"not_picked":["Havoc","Warcry"],"picked":"Armaments","floor":14},{"not_picked":["Feed","Limit Break"],"picked":"Juggernaut+1","floor":16},{"not_picked":["Infernal Blade","Cleave","Burning Pact"],"picked":"SKIP","floor":18},{"not_picked":["Sword Boomerang","Wild Strike"],"picked":"True Grit","floor":21},{"not_picked":["Corruption+1","Perfected Strike"],"picked":"Anger+1","floor":22},{"not_picked":["Fiend Fire","Anger"],"picked":"Body Slam","floor":24},{"not_picked":["Spot Weakness","Thunderclap"],"picked":"Headbutt","floor":27},{"not_picked":["Thunderclap+1","Clothesline","Rupture+1"],"picked":"SKIP","floor":29},{"not_picked":["Limit Break","Bludgeon"],"picked":"Berserk+1","floor":33},{"not_picked":["Rage+1","Twin Strike+1"],"picked":"Warcry+1","floor":35},{"not_picked":["Pummel+1","Pommel Strike","Flex"],"picked":"SKIP","floor":36},{"not_picked":["Intimidate","Rupture+1","Carnage+1"],"picked":"SKIP","floor":39},{"not_picked":["Rampage+1","Seeing Red","Feel No Pain+1"],"picked":"SKIP","floor":40},{"not_picked":["Perfected Strike","Armaments"],"picked":"Warcry+1","floor":41},{"not_picked":["Pommel Strike","Hemokinesis+1"],"picked":"Flame Barrier","floor":42},{"not_picked":["Bloodletting+1","Headbutt"],"picked":"Offering","floor":44},{"not_picked":["Cleave","Heavy Blade+1"],"picked":"Power Through","floor":48},{"not_picked":["Perfected Strike","Infernal Blade"],"picked":"Feel No Pain+1","floor":54}],"player_experience":3462168,"relics_obtained":[{"floor":6,"key":"Paper Frog"},{"floor":8,"key":"Blue Candle"},{"floor":9,"key":"Frozen Egg 2"},{"floor":24,"key":"Whetstone"},{"floor":26,"key":"FossilizedHelix"},{"floor":29,"key":"Dream Catcher"},{"floor":40,"key":"Gremlin Horn"},{"floor":40,"key":"Sundial"},{"floor":42,"key":"Mango"},{"floor":42,"key":"Prayer Wheel"},{"floor":44,"key":"Nunchaku"},{"floor":44,"key":"Unceasing Top"},{"floor":48,"key":"Torii"},{"floor":54,"key":"Pantograph"},{"floor":54,"key":"Question Card"}],"event_choices":[{"damage_healed":0,"gold_gain":0,"player_choice":"Donut","damage_taken":0,"max_hp_gain":5,"max_hp_loss":0,"event_name":"Big Fish","floor":2,"gold_loss":0},{"damage_healed":0,"gold_gain":0,"cards_transformed":["Strike_R"],"player_choice":"Transformed","damage_taken":0,"max_hp_gain":0,"max_hp_loss":0,"event_name":"Transmorgrifier","floor":3,"gold_loss":0,"cards_obtained":["Rupture"]},{"damage_healed":0,"gold_gain":0,"player_choice":"Success","damage_taken":7,"relics_obtained":["Omamori"],"max_hp_gain":0,"max_hp_loss":0,"event_name":"Scrap Ooze","floor":11,"gold_loss":0},{"damage_healed":19,"gold_gain":0,"player_choice":"Healed and dodged fight","damage_taken":0,"max_hp_gain":0,"max_hp_loss":0,"event_name":"Mushrooms","floor":12,"gold_loss":0,"cards_obtained":["Parasite"]},{"damage_healed":0,"gold_gain":99,"player_choice":"Stole From Cult","damage_taken":0,"max_hp_gain":0,"max_hp_loss":0,"event_name":"Nest","floor":19,"gold_loss":0},{"damage_healed":0,"gold_gain":0,"player_choice":"Became a Ghost","damage_taken":0,"max_hp_gain":0,"max_hp_loss":41,"event_name":"Ghosts","floor":20,"gold_loss":0,"cards_obtained":["Ghostly","Ghostly","Ghostly","Ghostly","Ghostly"]},{"damage_healed":0,"gold_gain":0,"player_choice":"Rummage","damage_taken":0,"relics_obtained":["WarpedTongs"],"max_hp_gain":0,"max_hp_loss":0,"event_name":"Accursed Blacksmith","floor":38,"gold_loss":0,"cards_obtained":["Pain"]},{"cards_removed":["Defend_R"],"damage_healed":0,"gold_gain":0,"player_choice":"Removed Skill","damage_taken":0,"max_hp_gain":0,"max_hp_loss":0,"event_name":"Falling","floor":45,"gold_loss":0},{"damage_healed":0,"gold_gain":0,"player_choice":"Fight","damage_taken":0,"max_hp_gain":0,"max_hp_loss":0,"event_name":"Mysterious Sphere","floor":48,"gold_loss":0}],"is_beta":true,"boss_relics":[{"not_picked":["Philosopher\u0027s Stone","Calling Bell"],"picked":"Runic Dome"},{"not_picked":["Mark of Pain","White Beast Statue"],"picked":"Black Star"}],"items_purged_floors":[31,53],"is_endless":false,"potions_floor_spawned":[1,5,16,21,22,33,35,39,48,54],"ascension_level":1}