{"gold_per_floor":[112,112,19,19,169,200,200,219,219,249,264,277,277,289,289,289],"floor_reached":16,"playtime":362,"items_purged":[],"score":270,"play_id":"22853dbd-4353-421c-9855-4237c9d780c6","local_time":"20190210214247","is_ascension_mode":true,"campfire_choices":[{"data":"Creative AI","floor":7,"key":"SMITH"},{"data":"Rip and Tear","floor":15,"key":"SMITH"}],"neow_cost":"NONE","seed_source_timestamp":1219843317827900,"circlet_count":0,"master_deck":["AscendersBane","Strike_B","Strike_B","Strike_B","Strike_B","Defend_B","Defend_B","Defend_B","Defend_B","Zap","Dualcast","Hologram","Creative AI+1","Hologram","Zap","Rip and Tear+1","Doubt","Glacier","Compile Driver+1","Meteor Strike+1","Beam Cell+1","FTL+1"],"special_seed":0,"relics":["Cracked Core","NeowsBlessing","Gambling Chip","Molten Egg 2","Pear","Mummified Hand"],"potions_floor_usage":[10,16,16],"damage_taken":[{"damage":0.0,"enemies":"Jaw Worm","floor":1.0,"turns":1.0},{"damage":0,"enemies":"3 Sentries","floor":6,"turns":1},{"damage":0,"enemies":"Cultist","floor":8,"turns":1},{"damage":44,"enemies":"Gremlin Nob","floor":10,"turns":5},{"damage":10,"enemies":"Small Slimes","floor":11,"turns":3},{"damage":6,"enemies":"Blue Slaver","floor":12,"turns":3},{"damage":10,"enemies":"Exordium Wildlife","floor":14,"turns":4},{"damage":15,"enemies":"Slime Boss","floor":16,"turns":6}],"seed_played":"584163072534012980","potions_obtained":[{"floor":10,"key":"Block Potion"},{"floor":12,"key":"Swift Potion"},{"floor":14,"key":"Explosive Potion"}],"is_trial":false,"path_per_floor":["M","?","$","T","?","E","R","M","T","E","M","M","?","M","R","B"],"character_chosen":"DEFECT","items_purchased":["Rip and Tear","Block Potion"],"campfire_rested":0,"item_purchase_floors":[3,3],"current_hp_per_floor":[64,64,64,64,64,64,64,64,74,30,20,14,19,9,9,0],"gold":289,"neow_bonus":"THREE_ENEMY_KILL","is_prod":false,"is_daily":false,"chose_seed":false,"campfire_upgraded":2,"win_rate":0,"timestamp":1549802567,"path_taken":["M","?","?","?","?","E","R","?","T","E","M","M","?","M","R","BOSS"],"build_version":"2019-01-23","purchased_purges":0,"victory":false,"max_hp_per_floor":[71,71,71,71,71,71,71,71,81,81,81,81,86,86,86,86],"card_choices":[{"not_picked":["Compile Driver","Coolheaded"],"picked":"Hologram","floor":1.0},{"not_picked":["Leap","Reprogram"],"picked":"Glacier","floor":6},{"not_picked":["Turbo","Hologram"],"picked":"Compile Driver+1","floor":8},{"not_picked":["Hello World","Darkness","Go for the Eyes+1"],"picked":"SKIP","floor":10},{"not_picked":["Capacitor","Chill"],"picked":"Meteor Strike+1","floor":11},{"not_picked":["Turbo","Sweeping Beam+1"],"picked":"Beam Cell+1","floor":12},{"not_picked":["Turbo","Lockon+1"],"picked":"FTL+1","floor":14}],"player_experience":1113724,"relics_obtained":[{"floor":4,"key":"Gambling Chip"},{"floor":6,"key":"Molten Egg 2"},{"floor":9,"key":"Pear"},{"floor":10,"key":"Mummified Hand"}],"event_choices":[{"damage_healed":0,"gold_gain":0,"player_choice":"3 cards matched","damage_taken":0,"max_hp_gain":0,"max_hp_loss":0,"event_name":"Match and Keep!","floor":2,"gold_loss":0,"cards_obtained":["Creative AI","Hologram","Zap"]},{"damage_healed":0,"gold_gain":150,"player_choice":"AGREE","damage_taken":0,"max_hp_gain":0,"max_hp_loss":0,"event_name":"Liars Game","floor":5,"gold_loss":0,"cards_obtained":["Doubt"]},{"damage_healed":0,"gold_gain":0,"player_choice":"Donut","damage_taken":0,"max_hp_gain":5,"max_hp_loss":0,"event_name":"Big Fish","floor":13,"gold_loss":0}],"is_beta":false,"boss_relics":[],"items_purged_floors":[],"is_endless":false,"potions_floor_spawned":[10,12,14],"killed_by":"Slime Boss","ascension_level":20}