{"gold_per_floor":[129,151,163,187,199,211,255,279,317,344,356,368,380,426,438,546,558,580,609,546,473,14,14],"floor_reached":23,"playtime":1415,"items_purged":["Strike_B"],"score":288,"play_id":"dc54356e-c8bf-4ebb-865d-b9036b941508","local_time":"20181228230249","is_ascension_mode":true,"campfire_choices":[{"data":"White Noise","floor":6,"key":"SMITH"},{"floor":11,"key":"REST"},{"data":"Rainbow","floor":15,"key":"SMITH"}],"neow_cost":"NONE","seed_source_timestamp":1078558256897379,"circlet_count":0,"master_deck":["Strike_B","Defend_B","Defend_B","Defend_B+1","Defend_B","Zap+1","Dualcast","Conserve Battery","White Noise+1","Rainbow+1","Coolheaded","Hyperbeam","Buffer","Fission","Conserve Battery","Undo","Defragment"],"relics":["Cracked Core","MawBank","Lantern","Smiling Mask","Juzu Bracelet","Pantograph","Snecko Eye","DataDisk","Anchor","Chemical X"],"potions_floor_usage":[7,16],"damage_taken":[{"damage":0,"enemies":"2 Louse","floor":1,"turns":2},{"damage":5,"enemies":"Small Slimes","floor":2,"turns":3},{"damage":0,"enemies":"Cultist","floor":4,"turns":3},{"damage":21,"enemies":"3 Sentries","floor":7,"turns":11},{"damage":11,"enemies":"Red Slaver","floor":8,"turns":4},{"damage":0,"enemies":"Exordium Wildlife","floor":10,"turns":3},{"damage":0,"enemies":"Lagavulin","floor":14,"turns":10},{"damage":0,"enemies":"The Guardian","floor":16,"turns":11},{"damage":0,"enemies":"Chosen","floor":18,"turns":6},{"damage":6,"enemies":"3 Byrds","floor":19,"turns":4},{"damage":69,"enemies":"Book of Stabbing","floor":23,"turns":11}],"seed_played":"3316986921862166072","potions_obtained":[{"floor":4,"key":"EssenceOfSteel"},{"floor":7,"key":"Weak Potion"},{"floor":10,"key":"Dexterity Potion"}],"is_trial":false,"path_per_floor":["M","M","?","M","?","R","E","M","T","M","R","?","?","E","R","B",null,"M","M","?","?","$","E"],"character_chosen":"DEFECT","items_purchased":["Anchor","Defragment","Chemical X"],"campfire_rested":1,"item_purchase_floors":[22,22,22],"current_hp_per_floor":[75,70,55,55,48,48,27,16,16,16,38,38,38,38,38,63,75,75,69,69,69,69,0],"gold":14,"neow_bonus":"RANDOM_COMMON_RELIC","is_prod":false,"is_daily":false,"chose_seed":false,"campfire_upgraded":2,"win_rate":0,"timestamp":1546056169,"path_taken":["M","M","?","M","?","R","E","M","T","M","R","?","?","E","R","BOSS","M","M","?","?","$","E"],"build_version":"2018-12-25","purchased_purges":1,"victory":false,"max_hp_per_floor":[75,75,75,75,75,75,75,75,75,75,75,75,75,75,75,75,75,75,75,75,75,75,75],"card_choices":[{"not_picked":["Rebound","Beam Cell"],"picked":"Conserve Battery","floor":1},{"not_picked":["Stack","Beam Cell"],"picked":"Gash","floor":2},{"not_picked":["Steam","Go for the Eyes"],"picked":"White Noise","floor":4},{"not_picked":["Blizzard","Barrage"],"picked":"Rainbow","floor":7},{"not_picked":["Steam Power","Sweeping Beam"],"picked":"Coolheaded","floor":8},{"not_picked":["Turbo","Genetic Algorithm","Streamline"],"picked":"SKIP","floor":10},{"not_picked":["Lockon","Stack"],"picked":"Buffer","floor":14},{"not_picked":["Meteor Strike","Thunder Strike"],"picked":"Fission","floor":16},{"not_picked":["Sweeping Beam","Go for the Eyes"],"picked":"Conserve Battery","floor":18},{"not_picked":["Coolheaded","Hologram"],"picked":"Undo","floor":19}],"player_experience":3919303,"relics_obtained":[{"floor":7,"key":"Smiling Mask"},{"floor":9,"key":"Juzu Bracelet"},{"floor":14,"key":"Pantograph"}],"event_choices":[{"damage_healed":0,"gold_gain":0,"player_choice":"Entered Light","damage_taken":15,"max_hp_gain":0,"max_hp_loss":0,"event_name":"Shining Light","floor":3,"gold_loss":0,"cards_upgraded":["Defend_B","Zap"]},{"damage_healed":0,"gold_gain":0,"player_choice":"Success","damage_taken":7,"relics_obtained":["Lantern"],"max_hp_gain":0,"max_hp_loss":0,"event_name":"Scrap Ooze","floor":5,"gold_loss":0},{"cards_removed":["Strike_B"],"damage_healed":0,"gold_gain":0,"player_choice":"Offered Basic","damage_taken":0,"max_hp_gain":0,"max_hp_loss":0,"event_name":"Bonfire Elementals","floor":12,"gold_loss":0},{"damage_healed":0,"gold_gain":0,"cards_transformed":["Strike_B"],"player_choice":"Transformed","damage_taken":0,"max_hp_gain":0,"max_hp_loss":0,"event_name":"Transmorgrifier","floor":13,"gold_loss":0,"cards_obtained":["Hyperbeam"]},{"cards_removed":["Gash"],"damage_healed":0,"gold_gain":0,"player_choice":"Gave Gold","damage_taken":0,"max_hp_gain":0,"max_hp_loss":0,"event_name":"Beggar","floor":20,"gold_loss":75},{"damage_healed":0,"gold_gain":0,"player_choice":"Obtained Relic","damage_taken":0,"relics_obtained":["DataDisk"],"max_hp_gain":0,"max_hp_loss":0,"event_name":"Addict","floor":21,"gold_loss":85}],"is_beta":true,"boss_relics":[{"not_picked":["Fusion Hammer","White Beast Statue"],"picked":"Snecko Eye"}],"items_purged_floors":[22],"is_endless":false,"potions_floor_spawned":[4,7,10],"killed_by":"Book of Stabbing","ascension_level":1}