{"gold_per_floor":[119,119,129,54,66,66,81,91,170,170,70,70,96,111,111,111],"floor_reached":16,"playtime":400,"items_purged":["Defend_R","Strike_R"],"score":102,"play_id":"cfc3e6dc-0a45-431c-9e2a-cecfd9b50e67","local_time":"20190222174305","is_ascension_mode":false,"campfire_choices":[{"data":"Bash","floor":6,"key":"SMITH"},{"data":"Defend_R","floor":12,"key":"SMITH"},{"data":"Defend_R","floor":15,"key":"SMITH"}],"neow_cost":"NONE","seed_source_timestamp":763244091228694,"circlet_count":0,"master_deck":["Strike_R","Strike_R","Strike_R+1","Defend_R+1","Defend_R+1","Defend_R","Bash+1","Body Slam+1"],"relics":["Burning Blood","Charon\u0027s Ashes"],"potions_floor_usage":[13],"damage_taken":[{"damage":2,"enemies":"2 Louse","floor":1,"turns":3},{"damage":3,"enemies":"Cultist","floor":3,"turns":5},{"damage":6,"enemies":"Jaw Worm","floor":5,"turns":3},{"damage":16,"enemies":"Lots of Slimes","floor":7,"turns":6},{"damage":7,"enemies":"Looter","floor":8,"turns":5},{"damage":30,"enemies":"3 Sentries","floor":13,"turns":11},{"damage":1,"enemies":"3 Louse","floor":14,"turns":3},{"damage":40,"enemies":"Hexaghost","floor":16,"turns":9}],"seed_played":"152987916480071877","potions_obtained":[{"floor":1,"key":"Ancient Potion"},{"floor":3,"key":"Ancient Potion"},{"floor":7,"key":"SpeedPotion"}],"is_trial":false,"path_per_floor":["M","?","M","$","M","R","M","M","T","?","$","R","E","M","R","B"],"character_chosen":"IRONCLAD","items_purchased":[],"campfire_rested":0,"item_purchase_floors":[],"current_hp_per_floor":[88,88,88,88,88,88,78,77,77,59,59,59,35,40,40,0],"gold":111,"neow_bonus":"TEN_PERCENT_HP_BONUS","is_prod":false,"is_daily":false,"chose_seed":false,"campfire_upgraded":3,"win_rate":0,"timestamp":1550824985,"path_taken":["M","?","M","?","?","R","M","?","T","?","$","R","E","M","R","BOSS"],"build_version":"2019-01-23","purchased_purges":2,"victory":false,"max_hp_per_floor":[88,88,88,88,88,88,88,88,88,88,88,88,88,88,88,88],"card_choices":[{"not_picked":["Infernal Blade","Shrug It Off","Uppercut"],"picked":"SKIP","floor":1},{"not_picked":["Sword Boomerang","Heavy Blade","Armaments"],"picked":"SKIP","floor":3},{"not_picked":["Clash","Cleave","Perfected Strike"],"picked":"SKIP","floor":5},{"not_picked":["Thunderclap","Headbutt"],"picked":"Body Slam","floor":7},{"not_picked":["Shockwave","Intimidate","Wild Strike"],"picked":"SKIP","floor":8},{"not_picked":["Immolate","Clothesline","Juggernaut"],"picked":"SKIP","floor":13},{"not_picked":["Pommel Strike","Headbutt","Clothesline"],"picked":"SKIP","floor":14}],"player_experience":1155598,"relics_obtained":[{"floor":13,"key":"Charon\u0027s Ashes"}],"event_choices":[{"cards_removed":["Strike_R"],"damage_healed":0,"gold_gain":0,"player_choice":"Purged","damage_taken":0,"max_hp_gain":0,"max_hp_loss":0,"event_name":"Purifier","floor":2,"gold_loss":0},{"damage_healed":0,"gold_gain":0,"player_choice":"Entered Light","damage_taken":18,"max_hp_gain":0,"max_hp_loss":0,"event_name":"Shining Light","floor":10,"gold_loss":0,"cards_upgraded":["Body Slam","Strike_R"]}],"is_beta":false,"boss_relics":[],"items_purged_floors":[4,11],"is_endless":false,"potions_floor_spawned":[1,3,7],"killed_by":"Hexaghost","ascension_level":0}