{"gold_per_floor":[109,36,36,47,58,89,108,139,139,172,192,207,242,242,242,338,338,351,370,370,397,417,417],"floor_reached":23,"playtime":2306,"items_purged":[],"score":234,"play_id":"c37a4829-a7c9-4feb-855f-e19fa151e6b6","local_time":"20190204232409","is_ascension_mode":true,"campfire_choices":[{"data":"Bludgeon","floor":15,"key":"SMITH"}],"neow_cost":"TEN_PERCENT_HP_LOSS","seed_source_timestamp":692874582896848,"circlet_count":0,"master_deck":["Strike_R","Strike_R","Strike_R","Strike_R","Strike_R","Defend_R+1","Defend_R","Defend_R","Defend_R","Bash","Bludgeon+1","Thunderclap+1","Rampage","Metallicize","Inflame","Shrug It Off","Thunderclap","Blood for Blood","Searing Blow","Iron Wave","Immolate","Exhume","Clothesline","Metallicize","Flame Barrier","Heavy Blade+1"],"relics":["Burning Blood","Oddly Smooth Stone","Letter Opener","Meat on the Bone","Dream Catcher","Pen Nib","Black Star","Lantern"],"potions_floor_usage":[12,16,16],"damage_taken":[{"damage":6,"enemies":"Jaw Worm","floor":1,"turns":2},{"damage":3,"enemies":"Small Slimes","floor":4,"turns":2},{"damage":0,"enemies":"Cultist","floor":5,"turns":2},{"damage":36,"enemies":"Gremlin Nob","floor":6,"turns":5},{"damage":15,"enemies":"Exordium Thugs","floor":7,"turns":6},{"damage":6,"enemies":"3 Sentries","floor":8,"turns":7},{"damage":21,"enemies":"Gremlin Nob","floor":10,"turns":4},{"damage":0,"enemies":"Exordium Wildlife","floor":11,"turns":3},{"damage":20,"enemies":"Looter","floor":12,"turns":3},{"damage":18,"enemies":"3 Sentries","floor":13,"turns":6},{"damage":36,"enemies":"Hexaghost","floor":16,"turns":8},{"damage":1,"enemies":"Chosen","floor":18,"turns":4},{"damage":20,"enemies":"Shell Parasite","floor":19,"turns":7},{"damage":27,"enemies":"Sentry and Sphere","floor":22,"turns":7},{"damage":51,"enemies":"Slavers","floor":23,"turns":5}],"seed_played":"-1634813478170918466","potions_obtained":[{"floor":5,"key":"SpeedPotion"},{"floor":6,"key":"GamblersBrew"},{"floor":7,"key":"EssenceOfSteel"}],"is_trial":false,"path_per_floor":["M","$","?","M","M","E","M","E","T","E","M","M","E","?","R","B",null,"M","M","?","T","M","E"],"character_chosen":"IRONCLAD","items_purchased":["Rampage"],"campfire_rested":0,"item_purchase_floors":[2],"current_hp_per_floor":[72,72,58,61,67,37,28,28,28,25,43,41,41,41,41,23,72,72,58,58,58,49,0],"gold":417,"neow_bonus":"THREE_RARE_CARDS","is_prod":false,"is_daily":false,"chose_seed":false,"campfire_upgraded":1,"win_rate":0,"timestamp":1549351449,"path_taken":["M","$","?","M","M","E","M","E","T","E","M","M","E","?","R","BOSS","M","?","?","?","M","E"],"build_version":"2019-01-23","purchased_purges":0,"victory":false,"max_hp_per_floor":[72,72,72,72,72,72,72,72,72,72,72,72,72,72,72,72,72,72,72,72,72,72,72],"card_choices":[{"not_picked":["Fiend Fire","Berserk"],"picked":"Bludgeon","floor":0},{"not_picked":["Pommel Strike","Disarm"],"picked":"Thunderclap","floor":1},{"not_picked":["Seeing Red","Reckless Charge"],"picked":"Metallicize","floor":4},{"not_picked":["Sword Boomerang","Rampage"],"picked":"Inflame","floor":5},{"not_picked":["Cleave","Havoc"],"picked":"Shrug It Off","floor":6},{"not_picked":["Warcry","Combust"],"picked":"Thunderclap","floor":7},{"not_picked":["Pommel Strike","Rage"],"picked":"Blood for Blood","floor":8},{"not_picked":["Dark Embrace","Body Slam","Anger"],"picked":"SKIP","floor":10},{"not_picked":["Spot Weakness","Heavy Blade"],"picked":"Searing Blow","floor":11},{"not_picked":["Dropkick","Shrug It Off"],"picked":"Pommel Strike","floor":12},{"not_picked":["Clash","True Grit"],"picked":"Iron Wave","floor":13},{"not_picked":["Fiend Fire","Berserk"],"picked":"Exhume","floor":16},{"not_picked":["Iron Wave+1","Armaments"],"picked":"Clothesline","floor":18},{"not_picked":["True Grit","Wild Strike"],"picked":"Metallicize","floor":19},{"not_picked":["Iron Wave","Wild Strike"],"picked":"Heavy Blade+1","floor":22}],"player_experience":75674,"relics_obtained":[{"floor":6,"key":"Oddly Smooth Stone"},{"floor":8,"key":"Letter Opener"},{"floor":9,"key":"Meat on the Bone"},{"floor":10,"key":"Dream Catcher"},{"floor":13,"key":"Pen Nib"},{"floor":21,"key":"Lantern"}],"event_choices":[{"damage_healed":0,"gold_gain":0,"player_choice":"Entered Light","damage_taken":14,"max_hp_gain":0,"max_hp_loss":0,"event_name":"Shining Light","floor":3,"gold_loss":0,"cards_upgraded":["Defend_R","Thunderclap"]},{"damage_healed":0,"gold_gain":0,"cards_transformed":["Pommel Strike"],"player_choice":"Transformed","damage_taken":0,"max_hp_gain":0,"max_hp_loss":0,"event_name":"Transmorgrifier","floor":14,"gold_loss":0,"cards_obtained":["Immolate"]},{"damage_healed":0,"gold_gain":0,"player_choice":"Read","damage_taken":0,"max_hp_gain":0,"max_hp_loss":0,"event_name":"The Library","floor":20,"gold_loss":0,"cards_obtained":["Flame Barrier"]}],"is_beta":false,"boss_relics":[{"not_picked":["Philosopher\u0027s Stone","White Beast Statue"],"picked":"Black Star"}],"items_purged_floors":[],"is_endless":false,"potions_floor_spawned":[5,6,7,8,11],"killed_by":"Slavers","ascension_level":1}