{"gold_per_floor":[20,20,32,32,50,85,85,110,110,110,110,110,142,142,142,262,262,276,147,147,272,272,272,313,337,337,337,376,397,412,111,111,234,234,249,273,148,162,287,330,330,343,388,165,165,203,203,227,227,227,227,227,111,155,155],"floor_reached":55,"playtime":3315,"items_purged":["Strike_B","Injury","Strike_B+1","Strike_B+1"],"score":1009,"play_id":"a9c0e165-ff09-4438-9817-9face73fccbd","local_time":"20190223011023","is_ascension_mode":true,"campfire_choices":[{"floor":7.0,"key":"REST"},{"data":"White Noise","floor":10.0,"key":"SMITH"},{"data":"Dualcast","floor":12.0,"key":"SMITH"},{"data":"Buffer","floor":15.0,"key":"SMITH"},{"floor":23.0,"key":"REST"},{"floor":27.0,"key":"RECALL"},{"floor":32.0,"key":"REST"},{"floor":41.0,"key":"REST"},{"floor":45.0,"key":"REST"},{"floor":49.0,"key":"REST"},{"floor":52.0,"key":"REST"}],"neow_cost":"NO_GOLD","seed_source_timestamp":32297371176063,"circlet_count":0,"master_deck":["Strike_B+1","Defend_B+1","Defend_B+1","Defend_B+1","Defend_B+1","Zap+1","Dualcast+1","Streamline+1","Ball Lightning","White Noise+1","Buffer+1","Machine Learning","Ball Lightning","Conserve Battery","Core Surge","Skim+1","Creative AI","Coolheaded","Thunder Strike","Tempest","Hologram+1","Glacier+1","Go for the Eyes+1","Force Field","Force Field+1","Seek","Consume","Capacitor"],"special_seed":0,"relics":["Cracked Core","Bag of Preparation","Sundial","Boot","Mercury Hourglass","Golden Idol","Fusion Hammer","Ice Cream","Symbiotic Virus","Pantograph","Gremlin Horn","Potion Belt","Eternal Feather","Thread and Needle","Mummified Hand","Juzu Bracelet","Bottled Lightning","Bird Faced Urn"],"potions_floor_usage":[55,55],"damage_taken":[{"damage":0.0,"enemies":"Small Slimes","floor":1.0,"turns":3.0},{"damage":0.0,"enemies":"2 Louse","floor":3.0,"turns":2.0},{"damage":2.0,"enemies":"Jaw Worm","floor":5.0,"turns":3.0},{"damage":15.0,"enemies":"Lagavulin","floor":6.0,"turns":5.0},{"damage":16.0,"enemies":"Gremlin Nob","floor":8.0,"turns":3.0},{"damage":20.0,"enemies":"3 Sentries","floor":13.0,"turns":6.0},{"damage":17.0,"enemies":"Hexaghost","floor":16.0,"turns":7.0},{"damage":0.0,"enemies":"Chosen","floor":18.0,"turns":4.0},{"damage":12.0,"enemies":"Colosseum Slavers","floor":21.0,"turns":3.0},{"damage":23.0,"enemies":"Colosseum Nobs","floor":21.0,"turns":4.0},{"damage":0.0,"enemies":"Gremlin Leader","floor":24.0,"turns":4.0},{"damage":0.0,"enemies":"2 Thieves","floor":25.0,"turns":3.0},{"damage":23.0,"enemies":"Book of Stabbing","floor":28.0,"turns":6.0},{"damage":0.0,"enemies":"3 Cultists","floor":29.0,"turns":3.0},{"damage":8.0,"enemies":"Snake Plant","floor":30.0,"turns":4.0},{"damage":0.0,"enemies":"Automaton","floor":33.0,"turns":8.0},{"damage":0.0,"enemies":"3 Shapes","floor":35.0,"turns":4.0},{"damage":12.0,"enemies":"Orb Walker","floor":36.0,"turns":4.0},{"damage":1.0,"enemies":"Writhing Mass","floor":38.0,"turns":5.0},{"damage":0.0,"enemies":"Mind Bloom Boss Battle","floor":39.0,"turns":7.0},{"damage":0.0,"enemies":"Reptomancer","floor":40.0,"turns":6.0},{"damage":0.0,"enemies":"Maw","floor":42.0,"turns":7.0},{"damage":0.0,"enemies":"Nemesis","floor":46.0,"turns":5.0},{"damage":0.0,"enemies":"Jaw Worm Horde","floor":47.0,"turns":2.0},{"damage":0.0,"enemies":"4 Shapes","floor":48.0,"turns":2.0},{"damage":35.0,"enemies":"Awakened One","floor":50.0,"turns":14.0},{"damage":52.0,"enemies":"Shield and Spear","floor":54.0,"turns":5.0},{"damage":90,"enemies":"The Heart","floor":55,"turns":6}],"seed_played":"654574372877212312","potions_obtained":[{"floor":3.0,"key":"SpeedPotion"},{"floor":6.0,"key":"Regen Potion"},{"floor":13.0,"key":"AttackPotion"},{"floor":18.0,"key":"Fire Potion"},{"floor":25.0,"key":"Energy Potion"},{"floor":28.0,"key":"Weak Potion"},{"floor":29.0,"key":"SkillPotion"},{"floor":36.0,"key":"LiquidBronze"},{"floor":39.0,"key":"Dexterity Potion"},{"floor":42.0,"key":"SmokeBomb"},{"floor":54.0,"key":"Explosive Potion"}],"is_trial":false,"path_per_floor":["M","?","M","?","M","E","R","E","T","R","?","R","E","?","R","B",null,"M","$","?","?","?","R","E","M","T","R","E","M","M","$","R","B",null,"M","M","$","M","?","E","R","M","T","$","R","E","M","M","R","B",null,"R","$","E","B"],"character_chosen":"DEFECT","items_purchased":["Ball Lightning","Creative AI","Coolheaded","Regen Potion","Consume","Capacitor"],"campfire_rested":7,"item_purchase_floors":[19,31,31,44,53,53],"current_hp_per_floor":[89,89,89,71,69,54,80,64,64,64,61,61,41,41,41,38,89,89,89,89,54,54,80,80,80,80,80,57,57,49,49,75,89,89,89,77,77,76,89,89,89,89,89,89,89,89,89,89,89,69,89,89,89,37,0],"gold":155,"neow_bonus":"TWENTY_PERCENT_HP_BONUS","is_prod":false,"is_daily":false,"chose_seed":false,"campfire_upgraded":3,"win_rate":0,"timestamp":1550880623,"path_taken":["M","?","M","?","M","E","R","E","T","R","?","R","E","?","R","BOSS","M","$","?","?","?","R","E","M","T","R","E","M","?","$","R","BOSS","M","M","$","M","?","E","R","M","T","$","R","E","M","M","R","BOSS","R","$","E","BOSS"],"build_version":"2019-01-23","purchased_purges":4,"victory":false,"max_hp_per_floor":[89,89,89,89,89,89,89,89,89,89,89,89,89,89,89,89,89,89,89,89,89,89,89,89,89,89,89,89,89,89,89,89,89,89,89,89,89,89,89,89,89,89,89,89,89,89,89,89,89,89,89,89,89,89,89],"card_choices":[{"not_picked":["Barrage","Coolheaded"],"picked":"Streamline","floor":1.0},{"not_picked":["Redo","Turbo","Rebound"],"picked":"SKIP","floor":3.0},{"not_picked":["FTL","Undo"],"picked":"Ball Lightning","floor":5.0},{"not_picked":["Stack","Scrape"],"picked":"White Noise","floor":6.0},{"not_picked":["Heatsinks","Redo","Tempest"],"picked":"SKIP","floor":8.0},{"not_picked":["Darkness","Chill"],"picked":"Buffer","floor":13.0},{"not_picked":["All For One","Seek"],"picked":"Machine Learning","floor":16.0},{"not_picked":["Streamline","Barrage","Darkness"],"picked":"SKIP","floor":18.0},{"not_picked":["Recycle","Heatsinks","Barrage"],"picked":"SKIP","floor":24.0},{"not_picked":["Tempest","Gash"],"picked":"Conserve Battery","floor":25.0},{"not_picked":["Cold Snap","Scrape"],"picked":"Core Surge","floor":28.0},{"not_picked":["White Noise","Gash"],"picked":"Skim+1","floor":29.0},{"not_picked":["Turbo","Beam Cell","Melter"],"picked":"SKIP","floor":30.0},{"not_picked":["Seek","Meteor Strike"],"picked":"Thunder Strike","floor":33.0},{"not_picked":["Conserve Battery+1","Chaos+1"],"picked":"Tempest","floor":35.0},{"not_picked":["Compile Driver+1","Undo+1"],"picked":"Hologram+1","floor":36.0},{"not_picked":["Turbo","Coolheaded"],"picked":"Glacier+1","floor":38.0},{"not_picked":["Chill","Melter"],"picked":"Go for the Eyes+1","floor":39.0},{"not_picked":["Melter","Reprogram+1","FTL"],"picked":"SKIP","floor":40.0},{"not_picked":["Fusion+1","Turbo+1"],"picked":"Force Field","floor":42.0},{"not_picked":["Barrage","Auto Shields+1"],"picked":"Force Field+1","floor":46.0},{"not_picked":["Ball Lightning","Beam Cell+1"],"picked":"Seek","floor":48.0},{"not_picked":["Doom and Gloom+1","Conserve Battery","Ball Lightning+1"],"picked":"SKIP","floor":54.0}],"player_experience":238763,"relics_obtained":[{"floor":6.0,"key":"Bag of Preparation"},{"floor":8.0,"key":"Sundial"},{"floor":13.0,"key":"Mercury Hourglass"},{"floor":21.0,"key":"Ice Cream"},{"floor":21.0,"key":"Symbiotic Virus"},{"floor":24.0,"key":"Pantograph"},{"floor":26.0,"key":"Gremlin Horn"},{"floor":28.0,"key":"Potion Belt"},{"floor":39.0,"key":"Thread and Needle"},{"floor":40.0,"key":"Mummified Hand"},{"floor":43.0,"key":"Juzu Bracelet"},{"floor":46.0,"key":"Bottled Lightning"},{"floor":54.0,"key":"Bird Faced Urn"}],"event_choices":[{"damage_healed":0.0,"max_hp_gain":0.0,"max_hp_loss":0.0,"gold_gain":0.0,"event_name":"Living Wall","player_choice":"Grow","floor":2.0,"gold_loss":0.0,"damage_taken":0.0,"cards_upgraded":["Zap"]},{"damage_healed":0.0,"max_hp_gain":0.0,"max_hp_loss":0.0,"gold_gain":0.0,"event_name":"Shining Light","player_choice":"Entered Light","floor":4.0,"gold_loss":0.0,"damage_taken":18.0,"cards_upgraded":["Streamline","Strike_B"]},{"damage_healed":0.0,"max_hp_gain":0.0,"max_hp_loss":0.0,"gold_gain":0.0,"event_name":"Scrap Ooze","player_choice":"Success","floor":11.0,"gold_loss":0.0,"damage_taken":3.0,"relics_obtained":["Boot"]},{"damage_healed":0.0,"max_hp_gain":0.0,"max_hp_loss":0.0,"gold_gain":0.0,"event_name":"Golden Idol","player_choice":"Take Wound","floor":14.0,"gold_loss":0.0,"damage_taken":0.0,"relics_obtained":["Golden Idol"],"cards_obtained":["Injury"]},{"damage_healed":0.0,"max_hp_gain":0.0,"max_hp_loss":0.0,"gold_gain":0.0,"event_name":"Cursed Tome","player_choice":"Ignored","floor":20.0,"gold_loss":0.0,"damage_taken":0.0},{"damage_healed":0.0,"max_hp_gain":0.0,"max_hp_loss":0.0,"gold_gain":0.0,"event_name":"Colosseum","player_choice":"Fight","floor":21.0,"gold_loss":0.0,"damage_taken":0.0},{"damage_healed":0.0,"max_hp_gain":0.0,"max_hp_loss":0.0,"gold_gain":0.0,"event_name":"Colosseum","player_choice":"Fought Nobs","floor":21.0,"gold_loss":0.0,"damage_taken":0.0},{"damage_healed":0.0,"max_hp_gain":0.0,"max_hp_loss":0.0,"gold_gain":0.0,"event_name":"Back to Basics","player_choice":"Simplicity","floor":22.0,"gold_loss":0.0,"damage_taken":0.0,"cards_upgraded":["Strike_B","Strike_B","Defend_B","Defend_B","Defend_B","Defend_B"]},{"damage_healed":0.0,"max_hp_gain":0.0,"max_hp_loss":0.0,"gold_gain":0.0,"event_name":"MindBloom","player_choice":"Fight","floor":39.0,"gold_loss":0.0,"damage_taken":0.0}],"is_beta":false,"boss_relics":[{"not_picked":["Busted Crown","Velvet Choker"],"picked":"Fusion Hammer"},{"not_picked":["Calling Bell","FrozenCore"],"picked":"Eternal Feather"}],"items_purged_floors":[19,31,37,44],"is_endless":false,"potions_floor_spawned":[3,6,13,18,25,28,29,36,39,42,47,54],"killed_by":"The Heart","ascension_level":3}