{"gold_per_floor":[111,111,111,111,130,161,161,161,161,175,175,198,198,211,211,336,336,351,58,58,74,74,74],"floor_reached":23,"playtime":600,"items_purged":["Immolate"],"score":257,"play_id":"8c2064b1-4710-487b-af17-d39c80411f20","local_time":"20190215003923","is_ascension_mode":true,"campfire_choices":[{"data":"Juggernaut","floor":8,"key":"SMITH"},{"data":"Bash","floor":11,"key":"SMITH"},{"data":"Armaments","floor":13,"key":"SMITH"},{"data":"Body Slam","floor":15,"key":"SMITH"}],"neow_cost":"NONE","seed_source_timestamp":9091047718051,"circlet_count":0,"master_deck":["Strike_R","Strike_R","Strike_R","Strike_R","Defend_R","Defend_R","Defend_R","Bash+1","Cleave","Juggernaut+1","Iron Wave","Armaments+1","Body Slam+1","Demon Form","Iron Wave","Body Slam","Flame Barrier","Barricade","Flame Barrier","Shame"],"relics":["Burning Blood","NeowsBlessing","Bloody Idol","Darkstone Periapt","Blue Candle","Orrery","Dream Catcher"],"potions_floor_usage":[16,16,16,23,23],"damage_taken":[{"damage":0,"enemies":"Jaw Worm","floor":1,"turns":1},{"damage":0,"enemies":"Small Slimes","floor":5,"turns":1},{"damage":0,"enemies":"Lagavulin","floor":6,"turns":1},{"damage":0,"enemies":"2 Louse","floor":10,"turns":1},{"damage":9,"enemies":"Red Slaver","floor":12,"turns":3},{"damage":0,"enemies":"3 Louse","floor":14,"turns":1},{"damage":51,"enemies":"Hexaghost","floor":16,"turns":9},{"damage":33,"enemies":"Chosen","floor":18,"turns":5},{"damage":36,"enemies":"2 Thieves","floor":21,"turns":4},{"damage":36,"enemies":"Gremlin Leader","floor":23,"turns":5}],"seed_played":"3006626567430459751","potions_obtained":[{"floor":1,"key":"Dexterity Potion"},{"floor":5,"key":"LiquidBronze"},{"floor":7,"key":"SpeedPotion"},{"floor":16,"key":"AttackPotion"},{"floor":21,"key":"Ancient Potion"}],"is_trial":false,"path_per_floor":["M","?","?","?","M","E","?","R","T","M","R","M","R","M","R","B",null,"M","$","?","M","?","E"],"character_chosen":"IRONCLAD","items_purchased":["Barricade","Flame Barrier"],"campfire_rested":0,"item_purchase_floors":[19,19],"current_hp_per_floor":[80,80,73,53,59,65,65,65,65,71,71,68,68,74,74,29,80,53,53,59,29,29,0],"gold":74,"neow_bonus":"THREE_ENEMY_KILL","is_prod":false,"is_daily":false,"chose_seed":false,"campfire_upgraded":4,"win_rate":0,"timestamp":1550219963,"path_taken":["M","?","?","?","M","E","?","R","T","?","R","M","R","M","R","BOSS","M","$","?","M","?","E"],"build_version":"2019-01-23","purchased_purges":1,"victory":false,"max_hp_per_floor":[80,80,80,80,80,80,80,80,80,80,80,80,80,80,80,80,80,80,80,86,86,86,86],"card_choices":[{"not_picked":["Metallicize","Headbutt"],"picked":"Cleave","floor":1},{"not_picked":["Uppercut","Warcry","Heavy Blade"],"picked":"SKIP","floor":5},{"not_picked":["Clash","Iron Wave"],"picked":"Immolate","floor":6},{"not_picked":["Pommel Strike","Shockwave"],"picked":"Iron Wave","floor":10},{"not_picked":["Clothesline","Feel No Pain"],"picked":"Armaments","floor":12},{"not_picked":["Thunderclap","Clothesline"],"picked":"Body Slam","floor":14},{"not_picked":["Fiend Fire","Bludgeon"],"picked":"Demon Form","floor":16},{"not_picked":["Clothesline","Cleave"],"picked":"Iron Wave","floor":17},{"not_picked":["Clothesline","Inflame"],"picked":"Body Slam","floor":17},{"not_picked":["Seeing Red","Dual Wield"],"picked":"Flame Barrier","floor":17},{"not_picked":["Evolve","Pommel Strike","Reckless Charge"],"picked":"SKIP","floor":18},{"not_picked":["Wild Strike","Perfected Strike+1","Iron Wave+1"],"picked":"SKIP","floor":21}],"player_experience":166361,"relics_obtained":[{"floor":6,"key":"Darkstone Periapt"},{"floor":9,"key":"Blue Candle"}],"event_choices":[{"damage_healed":0,"gold_gain":0,"cards_transformed":["Defend_R"],"player_choice":"Change","damage_taken":0,"max_hp_gain":0,"max_hp_loss":0,"event_name":"Living Wall","floor":2,"gold_loss":0,"cards_obtained":["Juggernaut"]},{"cards_removed":["Strike_R"],"damage_healed":0,"gold_gain":0,"player_choice":"Card Removal","damage_taken":7,"max_hp_gain":0,"max_hp_loss":0,"event_name":"Golden Wing","floor":3,"gold_loss":0},{"damage_healed":0,"gold_gain":0,"player_choice":"Take Damage","damage_taken":20,"relics_obtained":["Golden Idol"],"max_hp_gain":0,"max_hp_loss":0,"event_name":"Golden Idol","floor":4,"gold_loss":0},{"damage_healed":0,"gold_gain":0,"player_choice":"Got Potions","damage_taken":0,"max_hp_gain":0,"max_hp_loss":0,"event_name":"Lab","floor":7,"gold_loss":0},{"damage_healed":0,"gold_gain":0,"player_choice":"Stole Relic","damage_taken":0,"relics_obtained":["Dream Catcher"],"max_hp_gain":0,"max_hp_loss":0,"event_name":"Addict","floor":20,"gold_loss":0,"cards_obtained":["Shame"]},{"damage_healed":0,"gold_gain":0,"player_choice":"Gave Idol","damage_taken":0,"relics_obtained":["Bloody Idol"],"max_hp_gain":0,"max_hp_loss":0,"event_name":"Forgotten Altar","floor":22,"relics_lost":["Golden Idol"],"gold_loss":0}],"is_beta":false,"boss_relics":[{"not_picked":["Busted Crown","Eternal Feather"],"picked":"Orrery"}],"items_purged_floors":[19],"is_endless":false,"potions_floor_spawned":[1,5,12,16,21],"killed_by":"Gremlin Leader","ascension_level":4}