{"gold_per_floor":[109,109,109,121,133,167,167,192,218,184,196,212,212,16,16,118,118,135,60,76,101,111,111,121,150,150,27,27,45,45,145,145,145],"floor_reached":33,"playtime":1653,"items_purged":["Strike_B","Defend_B"],"score":316,"play_id":"da83f678-6d3a-435d-a663-c168bca6bd19","local_time":"20190222210842","is_ascension_mode":true,"campfire_choices":[{"data":"Sunder","floor":7.0,"key":"SMITH"},{"floor":13.0,"key":"REST"},{"data":"Defragment","floor":15.0,"key":"SMITH"},{"data":"Hologram","floor":23.0,"key":"SMITH"},{"floor":32,"key":"REST"}],"neow_cost":"NONE","seed_source_timestamp":19446887390489,"circlet_count":0,"master_deck":["Strike_B","Defend_B","Defend_B","Defend_B","Zap+1","Dualcast","Sunder+1","Glacier","BootSequence","Hologram+1","Biased Cognition","Defragment+1","Steam","Amplify","Conserve Battery+1","White Noise+1","Hologram+1","Coolheaded"],"special_seed":0,"relics":["Cracked Core","Regal Pillow","Oddly Smooth Stone","Pen Nib","Eternal Feather","Juzu Bracelet","Frozen Egg 2","Bronze Scales"],"potions_floor_usage":[25,25,33],"damage_taken":[{"damage":9.0,"enemies":"2 Louse","floor":1.0,"turns":3.0},{"damage":1.0,"enemies":"Small Slimes","floor":4.0,"turns":3.0},{"damage":2.0,"enemies":"Jaw Worm","floor":5.0,"turns":3.0},{"damage":11.0,"enemies":"Lagavulin","floor":6.0,"turns":7.0},{"damage":24.0,"enemies":"Gremlin Nob","floor":8.0,"turns":4.0},{"damage":16.0,"enemies":"Exordium Wildlife","floor":11.0,"turns":4.0},{"damage":0.0,"enemies":"Large Slime","floor":12.0,"turns":5.0},{"damage":14.0,"enemies":"Slime Boss","floor":16.0,"turns":11.0},{"damage":18.0,"enemies":"Spheric Guardian","floor":18.0,"turns":9.0},{"damage":13.0,"enemies":"3 Byrds","floor":20.0,"turns":4.0},{"damage":0.0,"enemies":"Snake Plant","floor":22.0,"turns":5.0},{"damage":0.0,"enemies":"Centurion and Healer","floor":24.0,"turns":7.0},{"damage":39,"enemies":"Slavers","floor":25,"turns":8},{"damage":8,"enemies":"Snecko","floor":29,"turns":7},{"damage":52,"enemies":"Automaton","floor":33,"turns":14}],"seed_played":"7817467745763482733","potions_obtained":[{"floor":1.0,"key":"Dexterity Potion"},{"floor":5.0,"key":"Dexterity Potion"},{"floor":12.0,"key":"Weak Potion"},{"floor":16.0,"key":"LiquidBronze"},{"floor":20.0,"key":"Strength Potion"},{"floor":24.0,"key":"Ancient Potion"},{"floor":29,"key":"Swift Potion"}],"is_trial":false,"path_per_floor":["M","?","?","M","M","E","R","E","T","?","M","M","R","$","R","B",null,"M","?","M","T","M","R","M","E","T","$","?","M","?","?","R","B"],"character_chosen":"DEFECT","items_purchased":["Defragment","Steam","Coolheaded"],"campfire_rested":2,"item_purchase_floors":[14,14,27],"current_hp_per_floor":[66,59,59,58,56,45,45,21,21,21,5,5,42,42,42,28,75,57,57,44,44,44,53,53,14,14,14,14,6,6,6,52,0],"gold":145,"neow_bonus":"UPGRADE_CARD","is_prod":false,"is_daily":false,"chose_seed":false,"campfire_upgraded":3,"win_rate":0,"timestamp":1550866122,"path_taken":["M","?","?","M","M","E","R","E","T","?","M","M","R","$","R","BOSS","M","?","M","?","M","R","M","E","T","?","?","M","?","?","R","BOSS"],"build_version":"2019-01-23","purchased_purges":2,"victory":false,"max_hp_per_floor":[75,75,75,75,75,75,75,75,75,75,75,75,75,75,75,75,75,75,75,75,75,75,75,75,75,75,75,75,75,75,75,75,75],"card_choices":[{"not_picked":["FTL","Hologram"],"picked":"Sunder","floor":1.0},{"not_picked":["Beam Cell","Genetic Algorithm"],"picked":"Glacier","floor":4.0},{"not_picked":["Fusion","Glacier"],"picked":"BootSequence","floor":5.0},{"not_picked":["Streamline","Skim"],"picked":"Hologram","floor":6.0},{"not_picked":["Cold Snap","Blizzard"],"picked":"Biased Cognition","floor":8.0},{"not_picked":["Turbo","Beam Cell","Chaos"],"picked":"SKIP","floor":11.0},{"not_picked":["Barrage","Compile Driver","Storm"],"picked":"SKIP","floor":12.0},{"not_picked":["Multi-Cast","Reboot"],"picked":"Amplify","floor":16.0},{"not_picked":["Gash","Hello World+1"],"picked":"Conserve Battery+1","floor":18.0},{"not_picked":["Sweeping Beam","Streamline+1"],"picked":"White Noise+1","floor":20.0},{"not_picked":["Melter","Turbo","Skim"],"picked":"SKIP","floor":22.0},{"not_picked":["Streamline","BootSequence"],"picked":"Hologram+1","floor":24.0},{"not_picked":["Conserve Battery","Amplify","Streamline"],"picked":"SKIP","floor":25},{"not_picked":["Redo","Gash+1","Hologram+1"],"picked":"SKIP","floor":29}],"player_experience":226589,"relics_obtained":[{"floor":6.0,"key":"Regal Pillow"},{"floor":8.0,"key":"Oddly Smooth Stone"},{"floor":9.0,"key":"Pen Nib"},{"floor":21.0,"key":"Juzu Bracelet"},{"floor":25,"key":"Frozen Egg 2"},{"floor":26,"key":"Bronze Scales"}],"event_choices":[{"cards_removed":["Strike_B"],"damage_healed":0.0,"max_hp_gain":0.0,"max_hp_loss":0.0,"gold_gain":0.0,"event_name":"Golden Wing","player_choice":"Card Removal","floor":2.0,"gold_loss":0.0,"damage_taken":7.0},{"damage_healed":0.0,"max_hp_gain":0.0,"max_hp_loss":0.0,"gold_gain":0.0,"event_name":"Liars Game","player_choice":"Ignored","floor":3.0,"gold_loss":0.0,"damage_taken":0.0},{"damage_healed":0.0,"max_hp_gain":0.0,"max_hp_loss":0.0,"gold_gain":0.0,"event_name":"World of Goop","player_choice":"Left Gold","floor":10.0,"gold_loss":34.0,"damage_taken":0.0},{"cards_removed":["Strike_B"],"damage_healed":0.0,"max_hp_gain":0.0,"max_hp_loss":0.0,"gold_gain":0.0,"event_name":"Beggar","player_choice":"Gave Gold","floor":19.0,"gold_loss":75.0,"damage_taken":0.0},{"damage_healed":0,"gold_gain":0,"player_choice":"Smashed Altar","damage_taken":0,"max_hp_gain":0,"max_hp_loss":0,"event_name":"Forgotten Altar","floor":28,"gold_loss":0,"cards_obtained":["Decay"]},{"cards_removed":["Decay"],"damage_healed":0,"gold_gain":0,"player_choice":"Removed Curses","damage_taken":0,"max_hp_gain":0,"max_hp_loss":0,"event_name":"Fountain of Cleansing","floor":30,"gold_loss":0},{"damage_healed":0,"gold_gain":100,"player_choice":"Pray","damage_taken":0,"max_hp_gain":0,"max_hp_loss":0,"event_name":"Golden Shrine","floor":31,"gold_loss":0}],"is_beta":false,"boss_relics":[{"not_picked":["White Beast Statue","Busted Crown"],"picked":"Eternal Feather"}],"items_purged_floors":[14,27],"is_endless":false,"potions_floor_spawned":[1,5,12,16,20,24,29],"killed_by":"Automaton","ascension_level":3}