{"gold_per_floor":[213,230,230,11,11,11,38,38,38,68,68,83,94,111,111,211,261,277,312,325,424,424,424,443,502,525,542,559,188,188,204,204,299,299,317,331,553,553,553,585,585,612,690,741,741,758,769,781,781,781],"floor_reached":51,"playtime":3168,"items_purged":["Strike_R","Strike_R"],"score":796,"play_id":"b249b3a9-710e-4b10-bdc8-613c2a920785","local_time":"20190216174831","is_ascension_mode":true,"campfire_choices":[{"data":"Pommel Strike","floor":6,"key":"SMITH"},{"data":"Bash","floor":8,"key":"SMITH"},{"data":"Battle Trance","floor":11,"key":"SMITH"},{"data":"Flame Barrier","floor":15,"key":"SMITH"},{"floor":23,"key":"REST"},{"floor":32,"key":"REST"},{"data":"Demon Form","floor":41,"key":"SMITH"},{"floor":45,"key":"REST"},{"data":"Limit Break","floor":49,"key":"SMITH"}],"neow_cost":"NONE","seed_source_timestamp":112384028368891,"circlet_count":0,"master_deck":["Strike_R","Defend_R","Defend_R","Defend_R","Defend_R","Bash+1","Flame Barrier+1","Battle Trance+1","Pommel Strike+1","Metallicize","Iron Wave+1","Headbutt","Cleave","Limit Break+1","Demon Form+1","Armaments+1","Flame Barrier+1","Spot Weakness+1","Twin Strike","True Grit","Sword Boomerang","Offering","Metallicize","Shrug It Off","Battle Trance+1","Reaper","Master of Strategy","Enlightenment","Madness","Madness","Uppercut","Pummel+1","Pummel"],"relics":["Burning Blood","Calipers","Singing Bowl","Dream Catcher","Tiny House","Red Mask","Tiny Chest","Anchor","Regal Pillow","Philosopher\u0027s Stone","Omamori","Shuriken","Pantograph","Oddly Smooth Stone"],"potions_floor_usage":[19,20,24,24,25,30,31,33,40,42],"damage_taken":[{"damage":1,"enemies":"Jaw Worm","floor":1,"turns":6},{"damage":6,"enemies":"Cultist","floor":2,"turns":3},{"damage":25,"enemies":"Gremlin Nob","floor":7,"turns":4},{"damage":6,"enemies":"3 Sentries","floor":10,"turns":10},{"damage":0,"enemies":"2 Louse","floor":12,"turns":4},{"damage":2,"enemies":"Gremlin Gang","floor":13,"turns":4},{"damage":7,"enemies":"3 Louse","floor":14,"turns":2},{"damage":31,"enemies":"The Guardian","floor":16,"turns":14},{"damage":22,"enemies":"Chosen","floor":18,"turns":5},{"damage":33,"enemies":"Masked Bandits","floor":19,"turns":6},{"damage":17,"enemies":"Spheric Guardian","floor":20,"turns":5},{"damage":7,"enemies":"Snecko","floor":24,"turns":5},{"damage":31,"enemies":"Slavers","floor":25,"turns":8},{"damage":10,"enemies":"Snake Plant","floor":27,"turns":4},{"damage":25,"enemies":"Shelled Parasite and Fungi","floor":28,"turns":6},{"damage":0,"enemies":"Colosseum Slavers","floor":30,"turns":2},{"damage":3,"enemies":"Centurion and Healer","floor":31,"turns":6},{"damage":15,"enemies":"Champ","floor":33,"turns":11},{"damage":0,"enemies":"Orb Walker","floor":35,"turns":4},{"damage":27,"enemies":"3 Shapes","floor":36,"turns":7},{"damage":32,"enemies":"Giant Head","floor":40,"turns":9},{"damage":90,"enemies":"Reptomancer","floor":42,"turns":6},{"damage":42,"enemies":"Jaw Worm Horde","floor":46,"turns":4},{"damage":15,"enemies":"4 Shapes","floor":47,"turns":8},{"damage":16,"enemies":"Spire Growth","floor":48,"turns":4},{"damage":46,"enemies":"Time Eater","floor":50,"turns":9}],"seed_played":"-1814856928408481454","potions_obtained":[{"floor":1,"key":"BloodPotion"},{"floor":7,"key":"SpeedPotion"},{"floor":10,"key":"PowerPotion"},{"floor":17,"key":"SneckoOil"},{"floor":19,"key":"Dexterity Potion"},{"floor":24,"key":"SkillPotion"},{"floor":27,"key":"SmokeBomb"},{"floor":31,"key":"Ancient Potion"},{"floor":33,"key":"SkillPotion"},{"floor":40,"key":"Energy Potion"},{"floor":46,"key":"Swift Potion"}],"is_trial":false,"path_per_floor":["M","M","?","$","?","R","E","R","T","E","R","M","M","M","R","B",null,"M","?","M","?","?","R","M","E","T","M","M","$","?","M","R","B",null,"M","M","?","?","?","E","R","E","T","T","R","M","M","M","R","B",null],"character_chosen":"IRONCLAD","items_purchased":["Pommel Strike","Metallicize","Iron Wave","Regal Pillow","Dexterity Potion","Metallicize"],"campfire_rested":3,"item_purchase_floors":[4,4,4,29,29,29],"current_hp_per_floor":[80,80,73,73,73,73,54,54,54,54,54,60,66,65,65,40,89,73,48,37,37,37,64,63,38,38,34,15,15,21,24,66,57,91,93,93,93,85,73,93,93,9,9,9,55,53,82,72,72,57],"gold":781,"neow_bonus":"HUNDRED_GOLD","is_prod":false,"is_daily":false,"chose_seed":false,"campfire_upgraded":6,"win_rate":0,"timestamp":1550335711,"path_taken":["M","M","?","$","?","R","E","R","T","E","R","M","M","?","R","BOSS","M","?","M","?","?","R","?","E","T","M","?","$","?","M","R","BOSS","M","M","?","?","?","E","R","E","T","?","R","?","M","M","R","BOSS"],"build_version":"2019-01-23","purchased_purges":2,"victory":true,"max_hp_per_floor":[80,80,80,80,80,80,80,80,80,80,80,80,82,82,82,82,89,89,91,91,91,91,91,91,91,91,91,91,91,91,91,91,91,91,93,95,95,97,97,99,99,99,99,99,101,101,103,103,103,103],"card_choices":[{"not_picked":["Heavy Blade","Thunderclap"],"picked":"Flame Barrier","floor":1},{"not_picked":["Flex","Twin Strike"],"picked":"Battle Trance","floor":2},{"not_picked":["Pommel Strike","Sever Soul","Sentinel"],"picked":"SKIP","floor":7},{"not_picked":["Hemokinesis","Heavy Blade"],"picked":"Headbutt","floor":10},{"not_picked":["Blood for Blood","Sword Boomerang"],"picked":"Cleave","floor":12},{"not_picked":["Havoc","Second Wind","Pummel"],"picked":"Singing Bowl","floor":13},{"not_picked":["Clothesline","Ghostly Armor"],"picked":"Limit Break","floor":14},{"not_picked":["Impervious","Limit Break"],"picked":"Demon Form","floor":16},{"not_picked":["Intimidate","Pommel Strike","Entrench"],"picked":"Singing Bowl","floor":17},{"not_picked":["Clash","Cleave"],"picked":"Armaments+1","floor":18},{"not_picked":["Dropkick","Corruption","Seeing Red+1"],"picked":"Singing Bowl","floor":19},{"not_picked":["Perfected Strike","Flex"],"picked":"Flame Barrier+1","floor":20},{"not_picked":["Sever Soul+1","Wild Strike"],"picked":"Spot Weakness+1","floor":23},{"not_picked":["Sever Soul+1","Wild Strike"],"picked":"Twin Strike","floor":24},{"not_picked":["Clash","Perfected Strike"],"picked":"True Grit","floor":25},{"not_picked":["Hemokinesis+1","Cleave"],"picked":"Sword Boomerang","floor":27},{"not_picked":["Headbutt+1","Flex"],"picked":"Offering","floor":28},{"not_picked":["Cleave+1","Wild Strike"],"picked":"Shrug It Off","floor":31},{"not_picked":["Sentinel","Body Slam+1"],"picked":"Battle Trance+1","floor":32},{"not_picked":["Berserk","Feed"],"picked":"Reaper","floor":33},{"not_picked":["Evolve","Pommel Strike","Whirlwind"],"picked":"Singing Bowl","floor":35},{"not_picked":["Clothesline+1","Thunderclap","Iron Wave"],"picked":"Singing Bowl","floor":36},{"not_picked":["Enlightenment","Secret Technique"],"picked":"Master of Strategy","floor":38},{"not_picked":["Secret Technique","Impatience"],"picked":"Enlightenment","floor":38},{"not_picked":["Flash of Steel","Impatience","Jack Of All Trades"],"picked":"Singing Bowl","floor":38},{"not_picked":["Twin Strike+1","Carnage+1","Evolve+1"],"picked":"Singing Bowl","floor":40},{"not_picked":["Carnage","Body Slam+1"],"picked":"Uppercut","floor":42},{"not_picked":["Dropkick+1","Rage+1","Twin Strike"],"picked":"Singing Bowl","floor":45},{"not_picked":["Sword Boomerang","Perfected Strike+1"],"picked":"Pummel+1","floor":46},{"not_picked":["Sentinel+1","Iron Wave+1","Rage+1"],"picked":"Singing Bowl","floor":47},{"not_picked":["Body Slam","Flex"],"picked":"Pummel","floor":48}],"player_experience":201014,"relics_obtained":[{"floor":7,"key":"Calipers"},{"floor":9,"key":"Singing Bowl"},{"floor":10,"key":"Dream Catcher"},{"floor":19,"key":"Red Mask"},{"floor":25,"key":"Tiny Chest"},{"floor":26,"key":"Anchor"},{"floor":40,"key":"Omamori"},{"floor":42,"key":"Shuriken"},{"floor":43,"key":"Pantograph"},{"floor":44,"key":"Oddly Smooth Stone"}],"event_choices":[{"cards_removed":["Strike_R"],"damage_healed":0,"gold_gain":0,"player_choice":"Card Removal","damage_taken":7,"max_hp_gain":0,"max_hp_loss":0,"event_name":"Golden Wing","floor":3,"gold_loss":0},{"cards_removed":["Strike_R"],"damage_healed":0,"gold_gain":0,"player_choice":"Purged","damage_taken":0,"max_hp_gain":0,"max_hp_loss":0,"event_name":"Purifier","floor":5,"gold_loss":0},{"damage_healed":0,"gold_gain":0,"player_choice":"Fought Bandits","damage_taken":0,"max_hp_gain":0,"max_hp_loss":0,"event_name":"Masked Bandits","floor":19,"gold_loss":0},{"damage_healed":0,"gold_gain":99,"player_choice":"Stole From Cult","damage_taken":0,"max_hp_gain":0,"max_hp_loss":0,"event_name":"Nest","floor":21,"gold_loss":0},{"damage_healed":0,"gold_gain":0,"player_choice":"Ignored","damage_taken":0,"max_hp_gain":0,"max_hp_loss":0,"event_name":"N\u0027loth","floor":22,"gold_loss":0},{"damage_healed":0,"gold_gain":0,"player_choice":"Fight","damage_taken":0,"max_hp_gain":0,"max_hp_loss":0,"event_name":"Colosseum","floor":30,"gold_loss":0},{"damage_healed":0,"gold_gain":0,"player_choice":"Fled From Nobs","damage_taken":0,"max_hp_gain":0,"max_hp_loss":0,"event_name":"Colosseum","floor":30,"gold_loss":0},{"damage_healed":0,"gold_gain":222,"player_choice":"Wore Mask","damage_taken":0,"max_hp_gain":0,"max_hp_loss":0,"event_name":"Tomb of Lord Red Mask","floor":37,"gold_loss":0},{"damage_healed":0,"gold_gain":0,"player_choice":"Memory 3","damage_taken":10,"max_hp_gain":0,"max_hp_loss":0,"event_name":"SensoryStone","floor":38,"gold_loss":0},{"damage_healed":0,"gold_gain":0,"player_choice":"Embrace Madness","damage_taken":12,"max_hp_gain":0,"max_hp_loss":0,"event_name":"Winding Halls","floor":39,"gold_loss":0,"cards_obtained":["Madness","Madness"]}],"is_beta":false,"boss_relics":[{"not_picked":["Runic Dome","Fusion Hammer"],"picked":"Tiny House"},{"not_picked":["Black Blood","Calling Bell"],"picked":"Philosopher\u0027s Stone"}],"items_purged_floors":[4,29],"is_endless":false,"potions_floor_spawned":[1,7,10,18,19,24,27,31,33,40,46],"ascension_level":1}