{"gold_per_floor":[110,124,46,60,78,108,108,124,124,124,156,176,176,186,186,286,286,297,9,42,42,56,56,73,73,100,117,57,57,57,57],"floor_reached":31,"playtime":2129,"items_purged":[],"score":247,"play_id":"27574b09-5278-4a82-96cc-69113513f370","local_time":"20190215185831","is_ascension_mode":false,"campfire_choices":[{"floor":7,"key":"REST"},{"floor":10,"key":"REST"},{"floor":15,"key":"REST"},{"floor":23,"key":"REST"}],"neow_cost":"NONE","seed_source_timestamp":183941971632500,"circlet_count":0,"master_deck":["Strike_B","Strike_B","Strike_B","Strike_B","Defend_B","Defend_B","Defend_B","Defend_B","Zap","Dualcast","Static Discharge","Doom and Gloom","FIFO Queue","Cold Snap","Reinforced Body","Tempest","Go for the Eyes","Double Energy+1","hubris:Ukulele","Thunder Strike","Ball Lightning","Hello World+1"],"relics":["Cracked Core","hubris:Spice","hubris:GlazedTorus","Centennial Puzzle","hubris:BallOfYels"],"potions_floor_usage":[16,16,20],"damage_taken":[{"damage":1,"enemies":"conspire:RoseBush","floor":1,"turns":3},{"damage":0,"enemies":"Small Slimes","floor":2,"turns":4},{"damage":2,"enemies":"2 Louse","floor":4,"turns":2},{"damage":18,"enemies":"Lots of Slimes","floor":5,"turns":3},{"damage":36,"enemies":"3 Sentries","floor":6,"turns":5},{"damage":12,"enemies":"3 Louse","floor":8,"turns":2},{"damage":27,"enemies":"Gremlin Nob","floor":11,"turns":4},{"damage":16,"enemies":"Gremlin Gang","floor":12,"turns":2},{"damage":7,"enemies":"Exordium Thugs","floor":14,"turns":4},{"damage":12,"enemies":"The Guardian","floor":16,"turns":7},{"damage":20,"enemies":"Spheric Guardian","floor":18,"turns":4},{"damage":19,"enemies":"conspire:MimicChest","floor":20,"turns":5},{"damage":31,"enemies":"conspire:FuzzyDice","floor":22,"turns":5},{"damage":41,"enemies":"Shelled Parasite and Fungi","floor":24,"turns":4},{"damage":0,"enemies":"conspire:HollyBat","floor":27,"turns":7},{"damage":7,"enemies":"Snake Plant","floor":31,"turns":1}],"seed_played":"1531707100680592803","potions_obtained":[{"floor":2,"key":"SpeedPotion"},{"floor":5,"key":"Weak Potion"},{"floor":6,"key":"Toxic Potion"},{"floor":18,"key":"LifebloodPotion"},{"floor":24,"key":"Venom Potion"}],"is_trial":false,"path_per_floor":["M","M","$","M","M","E","R","M","T","R","E","M","?","M","R","B",null,"M","$","?","?","M","R","M","$","T","M","?","?","$","M"],"character_chosen":"DEFECT","items_purchased":["Doom and Gloom","hubris:Spice"],"campfire_rested":4,"item_purchase_floors":[3,19],"current_hp_per_floor":[81,81,81,79,61,33,60,48,48,75,56,40,40,33,62,50,90,70,70,51,51,20,42,1,1,1,1,1,1,1,0],"gold":57,"neow_bonus":"TEN_PERCENT_HP_BONUS","is_prod":false,"is_daily":false,"chose_seed":false,"campfire_upgraded":0,"win_rate":0.0,"timestamp":1550275111,"path_taken":["M","?","$","M","M","E","R","M","T","R","E","M","?","M","R","BOSS","M","$","?","?","M","R","?","?","T","M","?","?","$","M"],"build_version":"2019-01-23","purchased_purges":0,"victory":false,"max_hp_per_floor":[82,82,82,82,82,90,90,90,90,90,98,98,98,98,98,98,90,90,82,82,74,74,74,74,74,74,74,74,74,74,74],"card_choices":[{"not_picked":["BasicCrystalCard","Cold Snap"],"picked":"Static Discharge","floor":1},{"not_picked":["Turbo","Rip and Tear","Gash"],"picked":"SKIP","floor":2},{"not_picked":["ReplayGash","Seek"],"picked":"FIFO Queue","floor":4},{"not_picked":["Go for the Eyes","White Noise"],"picked":"Cold Snap","floor":5},{"not_picked":["Go for the Eyes","ReplayTheSpireMod:System Scan"],"picked":"Reinforced Body","floor":6},{"not_picked":["Sweeping Beam","ReplayTheSpireMod:Dual Polarity"],"picked":"Tempest","floor":8},{"not_picked":["Self Repair","Compile Driver"],"picked":"Go for the Eyes","floor":11},{"not_picked":["BasicCrystalCard","Leap"],"picked":"Double Energy","floor":12},{"not_picked":["Steam","ReplayTheSpireMod:Calculation Training"],"picked":"hubris:Ukulele","floor":14},{"not_picked":["hubris:SpiceAddiction","Meteor Strike"],"picked":"Thunder Strike","floor":16},{"not_picked":["Hologram+1","hubris:SpiceAddiction"],"picked":"Ball Lightning","floor":18},{"not_picked":["Conserve Battery+1","Ball Lightning+1"],"picked":"Hello World+1","floor":22},{"not_picked":["Scrape","Chaos+1","BasicCrystalCard"],"picked":"SKIP","floor":24},{"not_picked":["hubris:SpiceAddiction","Steam+1","hubris:SpiceAddiction"],"picked":"SKIP","floor":27}],"player_experience":85447,"relics_obtained":[{"floor":6,"key":"hubris:Spice"},{"floor":9,"key":"hubris:GlazedTorus"},{"floor":11,"key":"hubris:Spice"},{"floor":20,"key":"Centennial Puzzle"},{"floor":26,"key":"hubris:BallOfYels"}],"event_choices":[{"damage_healed":0,"gold_gain":0,"player_choice":"Grow","damage_taken":0,"max_hp_gain":0,"max_hp_loss":0,"event_name":"Living Wall","floor":13,"gold_loss":0,"cards_upgraded":["Double Energy"]},{"damage_healed":0,"gold_gain":0,"player_choice":"Gave Potion","damage_taken":0,"relics_obtained":["hubris:Spice"],"max_hp_gain":0,"max_hp_loss":0,"event_name":"WeMeetAgain","floor":21,"gold_loss":0},{"damage_healed":0,"gold_gain":0,"player_choice":"Ignored","damage_taken":0,"max_hp_gain":0,"max_hp_loss":0,"event_name":"NoteForYourself","floor":29,"gold_loss":0}],"is_beta":false,"boss_relics":[{"not_picked":["hubris:RunicObelisk","hubris:Spice"],"picked":"hubris:Spice"}],"items_purged_floors":[],"is_endless":false,"potions_floor_spawned":[2,5,6,14,18,24],"killed_by":"Snake Plant","ascension_level":0}