{"gold_per_floor":[111,111,121,121,67,67,96,112,137,169,183,217,229,242,242,321,321,332,247,247,261,311,311,342,63,63,96,96,7,7,17,17,92,92,103,113,126,141,158,158,158,158,158,175,0,100,117,129,129,129,129],"floor_reached":52,"playtime":2640,"items_purged":[],"score":1878,"play_id":"5bc77ffd-549f-4ef1-915a-04fbaa30ecd9","local_time":"20190125183226","is_ascension_mode":true,"campfire_choices":[{"data":"Bash","floor":6.0,"key":"SMITH"},{"data":"Whirlwind","floor":15,"key":"SMITH"},{"data":"Clothesline","floor":23,"key":"SMITH"},{"data":"Demon Form","floor":28,"key":"SMITH"},{"data":"Metallicize","floor":30,"key":"SMITH"},{"data":"Disarm","floor":32,"key":"SMITH"},{"data":"Feel No Pain","floor":40,"key":"SMITH"},{"data":"Pummel","floor":42,"key":"SMITH"},{"data":"Shrug It Off","floor":49,"key":"SMITH"}],"neow_cost":"NONE","seed_source_timestamp":1327386606958829,"circlet_count":0,"master_deck":["AscendersBane","Strike_R","Strike_R","Strike_R","Defend_R+1","Defend_R","Defend_R","Defend_R+1","Bash+1","Whirlwind+1","Clothesline+1","Shrug It Off","Feel No Pain+1","Seeing Red","Metallicize+1","Spot Weakness","Pummel+1","Reaper","Shrug It Off+1","Demon Form+1","Rampage","Disarm+1","Pommel Strike+1","Disarm+1","Heavy Blade+1","Limit Break+1","Sword Boomerang+1"],"special_seed":0,"relics":["Burning Blood","NeowsBlessing","Centennial Puzzle","War Paint","Orichalcum","Bronze Scales","Bottled Flame","Snecko Eye","Sundial","Boot","Pantograph","Toxic Egg 2","Turnip","Busted Crown","Mercury Hourglass","Red Mask","Ginger"],"potions_floor_usage":[10,12,14,18,24,37,44,50,51],"damage_taken":[{"damage":0.0,"enemies":"Jaw Worm","floor":1.0,"turns":1.0},{"damage":0.0,"enemies":"2 Louse","floor":3.0,"turns":1.0},{"damage":0.0,"enemies":"Lagavulin","floor":7.0,"turns":1.0},{"damage":1,"enemies":"Small Slimes","floor":8,"turns":3},{"damage":20,"enemies":"Gremlin Nob","floor":10,"turns":5},{"damage":5,"enemies":"Looter","floor":11,"turns":3},{"damage":20,"enemies":"Lagavulin","floor":12,"turns":7},{"damage":16,"enemies":"Lots of Slimes","floor":13,"turns":3},{"damage":0,"enemies":"Gremlin Gang","floor":14,"turns":1},{"damage":34,"enemies":"The Guardian","floor":16,"turns":14},{"damage":13,"enemies":"2 Thieves","floor":18,"turns":4},{"damage":18,"enemies":"Shell Parasite","floor":21,"turns":5},{"damage":41,"enemies":"Slavers","floor":24,"turns":3},{"damage":9,"enemies":"Gremlin Leader","floor":27,"turns":6},{"damage":17,"enemies":"Sentry and Sphere","floor":31,"turns":7},{"damage":74,"enemies":"Collector","floor":33,"turns":10},{"damage":51,"enemies":"3 Darklings","floor":35,"turns":5},{"damage":2,"enemies":"3 Shapes","floor":36,"turns":5},{"damage":51,"enemies":"Jaw Worm Horde","floor":37,"turns":5},{"damage":2,"enemies":"Writhing Mass","floor":38,"turns":4},{"damage":9,"enemies":"3 Darklings","floor":39,"turns":4},{"damage":4,"enemies":"Spire Growth","floor":44,"turns":4},{"damage":0,"enemies":"Mind Bloom Boss Battle","floor":46,"turns":4},{"damage":18,"enemies":"Jaw Worm Horde","floor":47,"turns":3},{"damage":0,"enemies":"Transient","floor":48,"turns":6},{"damage":35,"enemies":"Awakened One","floor":50,"turns":8},{"damage":51,"enemies":"Donu and Deca","floor":51,"turns":7}],"seed_played":"-5437454664718570139","potions_obtained":[{"floor":3.0,"key":"Poison Potion"},{"floor":10,"key":"SpeedPotion"},{"floor":12,"key":"FearPotion"},{"floor":14,"key":"Energy Potion"},{"floor":16,"key":"SteroidPotion"},{"floor":18,"key":"EssenceOfSteel"},{"floor":24,"key":"FearPotion"},{"floor":36,"key":"Weak Potion"},{"floor":38,"key":"Swift Potion"},{"floor":46,"key":"PowerPotion"}],"is_trial":false,"path_per_floor":["M","?","M","?","$","R","E","M","T","E","M","E","M","M","R","B",null,"M","?","?","M","?","R","E","$","T","E","R","$","R","M","R","B",null,"M","M","M","M","M","R","?","R","T","M","?","?","M","M","R","B","B",null],"character_chosen":"IRONCLAD","items_purchased":["Fire Potion","Pantograph","Disarm+1"],"campfire_rested":0,"item_purchase_floors":[5,25,29],"current_hp_per_floor":[74,69,75,80,80,80,80,80,80,66,67,53,43,49,49,21,65,63,63,63,67,67,67,45,45,45,63,63,63,63,52,52,29,67,46,66,44,76,80,80,76,76,76,76,76,76,76,76,76,76,50],"gold":129,"neow_bonus":"THREE_ENEMY_KILL","is_prod":false,"is_daily":false,"chose_seed":false,"campfire_upgraded":9,"win_rate":0,"timestamp":1548459146,"path_taken":["M","?","M","?","?","R","E","M","T","E","M","E","M","M","R","BOSS","M","?","?","M","?","R","E","?","T","E","R","$","R","M","R","BOSS","M","M","?","?","M","R","?","R","T","M","?","?","M","M","R","BOSS","BOSS"],"build_version":"2019-01-23","purchased_purges":0,"victory":true,"max_hp_per_floor":[75,75,75,80,80,80,80,80,80,80,80,80,80,80,80,80,80,80,80,80,80,80,80,80,80,80,80,80,80,80,80,80,80,80,80,80,80,80,80,80,76,76,76,76,76,76,76,76,76,76,76],"card_choices":[{"not_picked":["Anger","Clash"],"picked":"Whirlwind","floor":1.0},{"not_picked":["Sword Boomerang","Anger"],"picked":"Clothesline","floor":3.0},{"not_picked":["Fire Breathing","Sentinel"],"picked":"Shrug It Off","floor":7},{"not_picked":["Headbutt","Havoc"],"picked":"Feel No Pain","floor":8},{"not_picked":["Limit Break","Wild Strike"],"picked":"Seeing Red","floor":10},{"not_picked":["Havoc","Combust"],"picked":"Metallicize","floor":11},{"not_picked":["Second Wind","Combust","Infernal Blade"],"picked":"SKIP","floor":12},{"not_picked":["Searing Blow","Wild Strike"],"picked":"Spot Weakness","floor":13},{"not_picked":["Power Through","Dark Embrace"],"picked":"Pummel","floor":14},{"not_picked":["Barricade","Exhume"],"picked":"Reaper","floor":16},{"not_picked":["Wild Strike","Flex"],"picked":"Shrug It Off","floor":18},{"not_picked":["Anger","Thunderclap","Cleave"],"picked":"SKIP","floor":21},{"not_picked":["Clash+1","Feed"],"picked":"Disarm","floor":24},{"not_picked":["Flex+1","Anger"],"picked":"Pommel Strike+1","floor":27},{"not_picked":["Clash","Sword Boomerang"],"picked":"Heavy Blade+1","floor":31},{"not_picked":["Barricade","Berserk"],"picked":"Limit Break+1","floor":33},{"not_picked":["Anger"],"picked":"SKIP","floor":35},{"not_picked":[],"picked":"Sword Boomerang+1","floor":36},{"not_picked":["Anger+1"],"picked":"SKIP","floor":37},{"not_picked":["Flex+1"],"picked":"SKIP","floor":38},{"not_picked":["Blood for Blood+1"],"picked":"SKIP","floor":39},{"not_picked":["Iron Wave"],"picked":"SKIP","floor":44},{"not_picked":["Power Through+1"],"picked":"SKIP","floor":47},{"not_picked":["Evolve"],"picked":"SKIP","floor":48}],"player_experience":818477,"relics_obtained":[{"floor":7,"key":"War Paint"},{"floor":9,"key":"Orichalcum"},{"floor":10,"key":"Bronze Scales"},{"floor":12,"key":"Bottled Flame"},{"floor":24,"key":"Boot"},{"floor":26,"key":"Toxic Egg 2"},{"floor":27,"key":"Turnip"},{"floor":43,"key":"Mercury Hourglass"},{"floor":46,"key":"Ginger"}],"event_choices":[{"damage_healed":0.0,"max_hp_gain":0.0,"max_hp_loss":0.0,"gold_gain":0.0,"event_name":"Scrap Ooze","player_choice":"Success","floor":2.0,"gold_loss":0.0,"damage_taken":5.0,"relics_obtained":["Centennial Puzzle"]},{"damage_healed":0.0,"max_hp_gain":5.0,"max_hp_loss":0.0,"gold_gain":0.0,"event_name":"Big Fish","player_choice":"Donut","floor":4.0,"gold_loss":0.0,"damage_taken":0.0},{"damage_healed":0,"gold_gain":0,"player_choice":"Obtained Relic","damage_taken":0,"relics_obtained":["Sundial"],"max_hp_gain":0,"max_hp_loss":0,"event_name":"Addict","floor":19,"gold_loss":85},{"damage_healed":0,"gold_gain":0,"cards_transformed":["Strike_R","Strike_R"],"player_choice":"Became Test Subject","damage_taken":0,"max_hp_gain":0,"max_hp_loss":0,"event_name":"Drug Dealer","floor":20,"gold_loss":0,"cards_obtained":["Demon Form","Rampage"]},{"damage_healed":0,"gold_gain":50,"player_choice":"Stole From Cult","damage_taken":0,"max_hp_gain":0,"max_hp_loss":0,"event_name":"Nest","floor":22,"gold_loss":0},{"damage_healed":0,"gold_gain":0,"player_choice":"Max HP","damage_taken":0,"max_hp_gain":0,"max_hp_loss":4,"event_name":"Winding Halls","floor":41,"gold_loss":0},{"damage_healed":0,"gold_gain":0,"player_choice":"Paid","damage_taken":0,"relics_obtained":["Red Mask"],"max_hp_gain":0,"max_hp_loss":0,"event_name":"Tomb of Lord Red Mask","floor":45,"gold_loss":175},{"damage_healed":0,"gold_gain":0,"player_choice":"Fight","damage_taken":0,"max_hp_gain":0,"max_hp_loss":0,"event_name":"MindBloom","floor":46,"gold_loss":0}],"is_beta":false,"boss_relics":[{"not_picked":["Black Blood","Orrery"],"picked":"Snecko Eye"},{"not_picked":["Coffee Dripper","Runic Pyramid"],"picked":"Busted Crown"}],"items_purged_floors":[],"is_endless":false,"potions_floor_spawned":[3,10,12,14,16,18,24,31,36,38,46,47,48],"ascension_level":20}