{"gold_per_floor":[119,136,155,80,92,121,121,151,163,175,199,241,253,291,303,388,400,424,6,6,6,18,18,49,68,68,68,94,94,94,110,110,187,187,200,218,0,13,32,32,32,64,64,64,78,104,104,4,4,4],"floor_reached":50,"playtime":3150,"items_purged":["Strike_B","Dualcast"],"score":1161,"play_id":"418e9a0c-339d-4bd0-a3db-029cebf169ea","local_time":"20190120155311","is_ascension_mode":true,"campfire_choices":[{"data":"Rip and Tear","floor":7.0,"key":"SMITH"},{"floor":10.0,"key":"REST"},{"data":"Go for the Eyes","floor":13.0,"key":"SMITH"},{"data":"Streamline","floor":15.0,"key":"SMITH"},{"data":"Defragment","floor":23.0,"key":"SMITH"},{"floor":27.0,"key":"REST"},{"data":"Genetic Algorithm","floor":30.0,"key":"SMITH"},{"data":"Biased Cognition","floor":32.0,"key":"SMITH"},{"data":"Glacier","floor":41.0,"key":"SMITH"},{"data":"Capacitor","floor":44.0,"key":"SMITH"},{"floor":47.0,"key":"REST"},{"data":"Undo","floor":49.0,"key":"SMITH"}],"neow_cost":"NONE","seed_source_timestamp":884958192825311,"circlet_count":0,"master_deck":["AscendersBane","Defend_B+1","Defend_B+1","Defend_B+1","Defend_B+1","Zap+1","Cold Snap","Go for the Eyes+1","Cold Snap","Conserve Battery+1","Rip and Tear+1","Sunder+1","Ball Lightning","Streamline+1","Biased Cognition+1","Glacier+1","Defragment+1","Compile Driver","Genetic Algorithm+1","Cold Snap","Cold Snap","BootSequence","Compile Driver","Ball Lightning","Sweeping Beam","Aggregate+1","Cold Snap","Capacitor+1","Undo+1","Lockon+1"],"special_seed":0,"relics":["Cracked Core","NeowsBlessing","Oddly Smooth Stone","MawBank","Centennial Puzzle","Sundial","Unceasing Top","Eternal Feather","Whetstone","Orichalcum","Shuriken","Nloth\u0027s Gift","Empty Cage","Bag of Preparation","Dodecahedron","Kunai"],"potions_floor_usage":[],"damage_taken":[{"damage":0.0,"enemies":"2 Louse","floor":1.0,"turns":1.0},{"damage":0.0,"enemies":"Small Slimes","floor":2.0,"turns":1.0},{"damage":0.0,"enemies":"Cultist","floor":3.0,"turns":1.0},{"damage":10.0,"enemies":"Large Slime","floor":5.0,"turns":6.0},{"damage":16.0,"enemies":"Gremlin Nob","floor":6.0,"turns":5.0},{"damage":8.0,"enemies":"Lagavulin","floor":8.0,"turns":6.0},{"damage":1.0,"enemies":"Exordium Thugs","floor":11.0,"turns":4.0},{"damage":3.0,"enemies":"3 Sentries","floor":12.0,"turns":9.0},{"damage":5.0,"enemies":"Lagavulin","floor":14.0,"turns":8.0},{"damage":23.0,"enemies":"The Guardian","floor":16.0,"turns":13.0},{"damage":11.0,"enemies":"2 Thieves","floor":18.0,"turns":3.0},{"damage":5.0,"enemies":"Chosen","floor":22.0,"turns":3.0},{"damage":29.0,"enemies":"Gremlin Leader","floor":24.0,"turns":9.0},{"damage":4.0,"enemies":"Centurion and Healer","floor":25.0,"turns":6.0},{"damage":2.0,"enemies":"Book of Stabbing","floor":28.0,"turns":6.0},{"damage":3.0,"enemies":"Chosen and Byrds","floor":31.0,"turns":7.0},{"damage":37.0,"enemies":"Champ","floor":33.0,"turns":14.0},{"damage":7.0,"enemies":"Orb Walker","floor":35.0,"turns":5.0},{"damage":19.0,"enemies":"3 Darklings","floor":36.0,"turns":5.0},{"damage":25.0,"enemies":"Spire Growth","floor":38.0,"turns":6.0},{"damage":0.0,"enemies":"Writhing Mass","floor":39.0,"turns":7.0},{"damage":48.0,"enemies":"Giant Head","floor":42.0,"turns":9.0},{"damage":0.0,"enemies":"Maw","floor":45.0,"turns":8.0},{"damage":27.0,"enemies":"Nemesis","floor":46.0,"turns":11.0},{"damage":93,"enemies":"Donu and Deca","floor":50,"turns":10}],"seed_played":"917585768919355053","potions_obtained":[{"floor":1.0,"key":"Strength Potion"},{"floor":5.0,"key":"EssenceOfSteel"},{"floor":11.0,"key":"Fire Potion"},{"floor":16.0,"key":"AttackPotion"},{"floor":24.0,"key":"EssenceOfSteel"},{"floor":25.0,"key":"EssenceOfSteel"},{"floor":36.0,"key":"SpeedPotion"}],"is_trial":false,"path_per_floor":["M","M","M","?","M","E","R","E","T","R","M","E","R","E","R","B",null,"M","$","?","?","M","R","E","M","T","R","E","?","R","M","R","B",null,"M","M","$","M","M","?","R","E","T","R","M","E","R","$","R","B"],"character_chosen":"DEFECT","items_purchased":["Defragment","Whetstone","PowerPotion","Block Potion","Sweeping Beam","FocusPotion","FocusPotion"],"campfire_rested":3,"item_purchase_floors":[19,19,19,19,37,37,37],"current_hp_per_floor":[64,64,64,64,54,38,38,30,30,51,50,47,47,42,42,19,58,47,47,47,47,42,54,25,21,21,54,52,52,64,61,71,34,62,55,36,36,11,11,81,81,33,33,48,48,21,63,63,81,0],"gold":4,"neow_bonus":"THREE_ENEMY_KILL","is_prod":false,"is_daily":false,"chose_seed":false,"campfire_upgraded":9,"win_rate":0,"timestamp":1548017591,"path_taken":["M","M","M","?","M","E","R","E","T","R","M","E","R","E","R","BOSS","M","$","?","?","M","R","E","M","T","R","E","?","R","M","R","BOSS","M","M","$","?","M","?","R","E","T","R","M","E","R","?","R","BOSS"],"build_version":"2019-01-19","purchased_purges":2,"victory":false,"max_hp_per_floor":[71,71,71,71,71,71,71,71,71,71,71,71,71,71,71,71,71,71,71,71,71,71,71,71,71,71,71,71,71,71,71,71,71,71,71,71,71,71,71,81,81,81,81,81,81,81,81,81,81,81],"card_choices":[{"not_picked":["Darkness","Go for the Eyes"],"picked":"Cold Snap","floor":1.0},{"not_picked":["Hello World","Chaos"],"picked":"Go for the Eyes","floor":2.0},{"not_picked":["Darkness","Stack"],"picked":"Cold Snap","floor":3.0},{"not_picked":["Stack","Steam"],"picked":"Conserve Battery","floor":5.0},{"not_picked":["Biased Cognition","Fusion"],"picked":"Rip and Tear","floor":6.0},{"not_picked":["BootSequence","Skim"],"picked":"Sunder","floor":8.0},{"not_picked":["Darkness","Chaos","Stack"],"picked":"SKIP","floor":11.0},{"not_picked":["Compile Driver","Force Field"],"picked":"Ball Lightning","floor":12.0},{"not_picked":["Barrage","Thunder Strike"],"picked":"Streamline","floor":14.0},{"not_picked":["Amplify","Machine Learning"],"picked":"Biased Cognition","floor":16.0},{"not_picked":["Coolheaded","Turbo"],"picked":"Glacier","floor":18.0},{"not_picked":["Reinforced Body","Steam+1"],"picked":"Compile Driver","floor":22.0},{"not_picked":["Reinforced Body","Coolheaded"],"picked":"Genetic Algorithm","floor":24.0},{"not_picked":["Compile Driver","Rebound"],"picked":"Cold Snap","floor":25.0},{"not_picked":["Rebound","Doom and Gloom"],"picked":"Cold Snap","floor":28.0},{"not_picked":["Beam Cell","Streamline"],"picked":"BootSequence","floor":31.0},{"not_picked":["Hyperbeam","Multi-Cast"],"picked":"Fission","floor":33.0},{"not_picked":["Leap+1","Go for the Eyes"],"picked":"Compile Driver","floor":35.0},{"not_picked":["Doom and Gloom","Fusion"],"picked":"Ball Lightning","floor":36.0},{"not_picked":["Redo","Turbo+1"],"picked":"Aggregate+1","floor":38.0},{"not_picked":["Genetic Algorithm+1","Conserve Battery"],"picked":"Cold Snap","floor":39.0},{"not_picked":["Core Surge","Machine Learning"],"picked":"Capacitor","floor":42.0},{"not_picked":["Cold Snap","Hologram"],"picked":"Undo","floor":45.0},{"not_picked":["Machine Learning","Melter"],"picked":"Lockon+1","floor":46.0}],"player_experience":794141,"relics_obtained":[{"floor":6.0,"key":"Oddly Smooth Stone"},{"floor":8.0,"key":"MawBank"},{"floor":9.0,"key":"Centennial Puzzle"},{"floor":12.0,"key":"Sundial"},{"floor":14.0,"key":"Unceasing Top"},{"floor":24.0,"key":"Orichalcum"},{"floor":26.0,"key":"Shuriken"},{"floor":28.0,"key":"War Paint"},{"floor":42.0,"key":"Bag of Preparation"},{"floor":43.0,"key":"Dodecahedron"},{"floor":46.0,"key":"Kunai"}],"event_choices":[{"cards_removed":["Strike_B"],"damage_healed":0.0,"max_hp_gain":0.0,"max_hp_loss":0.0,"gold_gain":0.0,"event_name":"The Cleric","player_choice":"Card Removal","floor":4.0,"gold_loss":75.0,"damage_taken":0.0},{"damage_healed":0.0,"max_hp_gain":0.0,"max_hp_loss":0.0,"gold_gain":0.0,"event_name":"Ghosts","player_choice":"Ignored","floor":20.0,"gold_loss":0.0,"damage_taken":0.0},{"damage_healed":0.0,"max_hp_gain":0.0,"max_hp_loss":0.0,"gold_gain":0.0,"event_name":"Back to Basics","player_choice":"Simplicity","floor":21.0,"gold_loss":0.0,"damage_taken":0.0,"cards_upgraded":["Strike_B","Defend_B","Defend_B","Defend_B","Defend_B"]},{"damage_healed":0.0,"max_hp_gain":0.0,"max_hp_loss":0.0,"gold_gain":0.0,"event_name":"N\u0027loth","player_choice":"Traded Relic","floor":29.0,"relics_lost":["War Paint"],"gold_loss":0.0,"damage_taken":0.0,"relics_obtained":["Nloth\u0027s Gift"]},{"cards_removed":["Fission"],"damage_healed":60.0,"max_hp_gain":10.0,"max_hp_loss":0.0,"gold_gain":0.0,"event_name":"Bonfire Elementals","player_choice":"Offered Rare","floor":40.0,"gold_loss":0.0,"damage_taken":0.0}],"is_beta":true,"boss_relics":[{"not_picked":["Tiny House","Busted Crown"],"picked":"Eternal Feather"},{"not_picked":["Pandora\u0027s Box","Velvet Choker"],"picked":"Empty Cage"}],"items_purged_floors":[19,48],"is_endless":false,"potions_floor_spawned":[1,5,11,16,22,24,25,36,39],"killed_by":"Donu and Deca","ascension_level":20}