{"gold_per_floor":[112,129,129,129,147,147,172,186,236,269,269,289,289,306,306,383,383,394,394,409,426,426],"floor_reached":22,"playtime":613,"items_purged":[],"score":396,"play_id":"cdd7f755-f0b0-4139-8fb4-51e35973c715","local_time":"20190219222330","is_ascension_mode":true,"campfire_choices":[{"data":"Neutralize","floor":6.0,"key":"SMITH"},{"data":"Adrenaline","floor":11.0,"key":"SMITH"},{"data":"Neutralize","floor":13.0,"key":"SMITH"},{"data":"Bouncing Flask","floor":15.0,"key":"SMITH"}],"neow_cost":"NONE","seed_source_timestamp":0,"circlet_count":0,"master_deck":["AscendersBane","Defend_G","Defend_G","Defend_G","Defend_G","Defend_G","Strike_G","Strike_G","Strike_G","Strike_G","Strike_G","Survivor","Neutralize+1","Noxious Fumes","Noxious Fumes","Bouncing Flask+1","Neutralize+1","Flying Knee","Dagger Spray+1","Adrenaline+1","Deadly Poison","Flying Knee+1","Die Die Die+1","Poisoned Stab+1","Bullet Time","Cloak And Dagger"],"special_seed":0,"relics":["Ring of the Snake","Molten Egg 2","Ancient Tea Set","Oddly Smooth Stone","Busted Crown"],"potions_floor_usage":[21],"damage_taken":[{"damage":1.0,"enemies":"Small Slimes","floor":1.0,"turns":5.0},{"damage":0.0,"enemies":"Cultist","floor":2.0,"turns":4.0},{"damage":5.0,"enemies":"Jaw Worm","floor":5.0,"turns":4.0},{"damage":12.0,"enemies":"Lagavulin","floor":7.0,"turns":5.0},{"damage":9.0,"enemies":"Red Slaver","floor":8.0,"turns":4.0},{"damage":17.0,"enemies":"3 Sentries","floor":10.0,"turns":6.0},{"damage":0.0,"enemies":"Looter","floor":12.0,"turns":3.0},{"damage":3.0,"enemies":"Blue Slaver","floor":14.0,"turns":3.0},{"damage":4.0,"enemies":"Hexaghost","floor":16.0,"turns":7.0},{"damage":24.0,"enemies":"2 Thieves","floor":18.0,"turns":3.0},{"damage":22,"enemies":"3 Byrds","floor":20,"turns":4},{"damage":16,"enemies":"Sentry and Sphere","floor":21,"turns":4},{"damage":13,"enemies":"Snake Plant","floor":22,"turns":2}],"seed_played":"-6293539875291857042","potions_obtained":[{"floor":1.0,"key":"LiquidBronze"},{"floor":5.0,"key":"SkillPotion"},{"floor":8.0,"key":"Strength Potion"},{"floor":18.0,"key":"SpeedPotion"},{"floor":20,"key":"Regen Potion"}],"is_trial":false,"path_per_floor":["M","M","?","$","M","R","E","M","T","E","R","M","R","M","R","B",null,"M","?","M","M","M"],"character_chosen":"THE_SILENT","items_purchased":[],"campfire_rested":0,"item_purchase_floors":[],"current_hp_per_floor":[64,64,64,64,59,59,47,38,38,21,21,21,21,18,18,14,58,34,34,12,10,0],"gold":426,"neow_bonus":"TEN_PERCENT_HP_BONUS","is_prod":false,"is_daily":false,"chose_seed":false,"campfire_upgraded":4,"win_rate":0,"timestamp":1550582610,"path_taken":["M","M","?","?","M","R","E","M","T","E","R","M","R","M","R","BOSS","M","?","M","M","M"],"build_version":"2019-01-23","purchased_purges":0,"victory":false,"max_hp_per_floor":[72,72,72,72,72,72,72,72,72,72,72,72,72,72,72,72,72,72,72,72,72,72],"card_choices":[{"not_picked":["Quick Slash","Leg Sweep"],"picked":"Noxious Fumes","floor":1.0},{"not_picked":["Masterful Stab","Deflect"],"picked":"Noxious Fumes","floor":2.0},{"not_picked":["Slice","Underhanded Strike"],"picked":"Flying Knee","floor":5.0},{"not_picked":["Choke","Outmaneuver","Setup"],"picked":"SKIP","floor":7.0},{"not_picked":["Acrobatics","Choke+1"],"picked":"Dagger Spray+1","floor":8.0},{"not_picked":["Sucker Punch+1","Bouncing Flask"],"picked":"Adrenaline","floor":10.0},{"not_picked":["Acrobatics","Prepared"],"picked":"Deadly Poison","floor":12.0},{"not_picked":["Well Laid Plans","Backflip"],"picked":"Flying Knee+1","floor":14.0},{"not_picked":["Grand Finale+1","Storm of Steel"],"picked":"Die Die Die+1","floor":16.0},{"not_picked":[],"picked":"Poisoned Stab+1","floor":18.0},{"not_picked":["Quick Slash+1"],"picked":"SKIP","floor":20},{"not_picked":[],"picked":"Cloak And Dagger","floor":21}],"player_experience":1138696,"relics_obtained":[{"floor":7.0,"key":"Molten Egg 2"},{"floor":9.0,"key":"Ancient Tea Set"},{"floor":10.0,"key":"Oddly Smooth Stone"}],"event_choices":[{"damage_healed":0.0,"max_hp_gain":0.0,"max_hp_loss":0.0,"gold_gain":0.0,"event_name":"Match and Keep!","player_choice":"2 cards matched","floor":3.0,"gold_loss":0.0,"damage_taken":0.0,"cards_obtained":["Bouncing Flask","Neutralize"]},{"damage_healed":0,"gold_gain":0,"player_choice":"1 cards matched","damage_taken":0,"max_hp_gain":0,"max_hp_loss":0,"event_name":"Match and Keep!","floor":19,"gold_loss":0,"cards_obtained":["Bullet Time"]}],"is_beta":false,"boss_relics":[{"not_picked":["Tiny House","Snecko Eye"],"picked":"Busted Crown"}],"items_purged_floors":[],"is_endless":false,"potions_floor_spawned":[1,5,8,10,12,14,18,20],"killed_by":"Snake Plant","ascension_level":20}