{"gold_per_floor":[110,121,121,35,35,35,69,14,14,53,53,69,113,127,127,216,216,231,231,75,88,88,88],"floor_reached":23,"playtime":738,"items_purged":["Strike_R"],"score":414,"play_id":"a067151b-528d-4517-b130-4b9bb4fd23d4","local_time":"20190211203941","is_ascension_mode":true,"campfire_choices":[{"data":"Combust","floor":6,"key":"SMITH"},{"data":"Inflame","floor":15,"key":"SMITH"}],"neow_cost":"NONE","seed_source_timestamp":2805877426177122,"circlet_count":0,"master_deck":["AscendersBane","Strike_R","Strike_R","Strike_R","Strike_R","Defend_R","Defend_R","Defend_R","Defend_R","Bash+1","Combust+1","Inflame+1","Flame Barrier","True Grit","Armaments+1","Uppercut","True Grit+1","Infernal Blade+1","Limit Break+1","Shrug It Off+1"],"relics":["Burning Blood","Golden Idol","Nunchaku","Happy Flower","Toxic Egg 2","Smiling Mask","Snecko Eye"],"potions_floor_usage":[7,10,13,16],"damage_taken":[{"damage":4,"enemies":"Jaw Worm","floor":1,"turns":4},{"damage":12,"enemies":"2 Louse","floor":2,"turns":3},{"damage":27,"enemies":"Gremlin Nob","floor":7,"turns":4},{"damage":17,"enemies":"Lagavulin","floor":10,"turns":8},{"damage":1,"enemies":"Cultist","floor":12,"turns":4},{"damage":20,"enemies":"Gremlin Nob","floor":13,"turns":4},{"damage":3,"enemies":"Blue Slaver","floor":14,"turns":4},{"damage":21,"enemies":"The Guardian","floor":16,"turns":12},{"damage":28,"enemies":"2 Thieves","floor":18,"turns":5},{"damage":3,"enemies":"Chosen","floor":21,"turns":3},{"damage":53,"enemies":"Book of Stabbing","floor":23,"turns":4}],"seed_played":"467646848471783559","potions_obtained":[{"floor":1,"key":"Fire Potion"},{"floor":10,"key":"Block Potion"},{"floor":13,"key":"FearPotion"}],"is_trial":false,"path_per_floor":["M","M","?","$","?","R","E","$","T","E","?","M","E","M","R","B",null,"M","?","$","M","?","E"],"character_chosen":"IRONCLAD","items_purchased":["Flame Barrier","Fire Potion","Fruit Juice"],"campfire_rested":0,"item_purchase_floors":[4,8,20],"current_hp_per_floor":[70,64,64,64,64,64,43,43,43,32,32,37,23,26,26,11,54,32,46,46,49,49,0],"gold":88,"neow_bonus":"UPGRADE_CARD","is_prod":false,"is_daily":false,"chose_seed":false,"campfire_upgraded":2,"win_rate":0,"timestamp":1549935581,"path_taken":["M","M","?","$","?","R","E","$","T","E","?","M","E","M","R","BOSS","M","?","$","M","?","E"],"build_version":"2019-01-23","purchased_purges":1,"victory":false,"max_hp_per_floor":[75,75,68,68,68,68,68,68,68,68,68,68,68,68,68,68,68,68,68,68,68,68,68],"card_choices":[{"not_picked":["Evolve","Sword Boomerang"],"picked":"Combust","floor":1},{"not_picked":["Heavy Blade","Seeing Red"],"picked":"Inflame","floor":2},{"not_picked":["Body Slam","Havoc"],"picked":"True Grit","floor":7},{"not_picked":["Dual Wield","Wild Strike"],"picked":"Armaments","floor":10},{"not_picked":["Fire Breathing","Anger"],"picked":"Uppercut","floor":12},{"not_picked":["Evolve","Rage+1"],"picked":"True Grit+1","floor":13},{"not_picked":["Havoc+1","Bludgeon"],"picked":"Infernal Blade+1","floor":14},{"not_picked":["Exhume+1","Bludgeon"],"picked":"Limit Break+1","floor":16},{"not_picked":["Cleave","Clash"],"picked":"Shrug It Off+1","floor":18},{"not_picked":["Sword Boomerang","Iron Wave","Seeing Red+1"],"picked":"SKIP","floor":21}],"player_experience":926914,"relics_obtained":[{"floor":7,"key":"Nunchaku"},{"floor":9,"key":"Happy Flower"},{"floor":10,"key":"Toxic Egg 2"},{"floor":13,"key":"Smiling Mask"}],"event_choices":[{"damage_healed":0,"gold_gain":0,"player_choice":"Lose Max HP","damage_taken":0,"relics_obtained":["Golden Idol"],"max_hp_gain":0,"max_hp_loss":7,"event_name":"Golden Idol","floor":3,"gold_loss":0},{"damage_healed":0,"gold_gain":0,"player_choice":"Leave","damage_taken":0,"max_hp_gain":0,"max_hp_loss":0,"event_name":"The Cleric","floor":5,"gold_loss":0},{"damage_healed":0,"gold_gain":0,"player_choice":"Ignored","damage_taken":0,"max_hp_gain":0,"max_hp_loss":0,"event_name":"Liars Game","floor":11,"gold_loss":0},{"damage_healed":14,"gold_gain":0,"player_choice":"Heal","damage_taken":0,"max_hp_gain":0,"max_hp_loss":0,"event_name":"The Library","floor":19,"gold_loss":0},{"damage_healed":0,"gold_gain":0,"player_choice":"Ignored","damage_taken":0,"max_hp_gain":0,"max_hp_loss":0,"event_name":"Vampires","floor":22,"gold_loss":0}],"is_beta":false,"boss_relics":[{"not_picked":["Orrery","Astrolabe"],"picked":"Snecko Eye"}],"items_purged_floors":[20],"is_endless":false,"potions_floor_spawned":[1,10,13],"killed_by":"Book of Stabbing","ascension_level":20}