{"gold_per_floor":[113,133,133,143,143,143,47,79,103,103,134,144,163,195,195,195],"floor_reached":16,"playtime":1306,"items_purged":[],"score":240,"play_id":"fd0c2714-70b0-48e5-90b5-9989d619afc2","local_time":"20190219145300","is_ascension_mode":true,"campfire_choices":[{"data":"Storm of Steel","floor":6,"key":"SMITH"},{"data":"Neutralize","floor":10,"key":"SMITH"},{"floor":15,"key":"REST"}],"neow_cost":"TEN_PERCENT_HP_LOSS","seed_source_timestamp":454545605148937,"circlet_count":0,"master_deck":["AscendersBane","Defend_G","Defend_G","Defend_G","Defend_G","Defend_G+1","Strike_G","Strike_G","Strike_G","Strike_G","Strike_G","Survivor","Neutralize+1","Blade Dance","Flying Knee","Storm of Steel+1","Accuracy","Blade Dance","Predator","Cloak And Dagger+1","Finisher","Blur","Backflip"],"special_seed":0,"relics":["Ring of the Snake","Turnip","Bag of Preparation","Boot","War Paint","Potion Belt"],"potions_floor_usage":[8,12,14],"damage_taken":[{"damage":4.0,"enemies":"Small Slimes","floor":1.0,"turns":6.0},{"damage":0.0,"enemies":"2 Louse","floor":2.0,"turns":3.0},{"damage":2,"enemies":"Jaw Worm","floor":4,"turns":5},{"damage":10,"enemies":"3 Sentries","floor":8,"turns":5},{"damage":20,"enemies":"Lagavulin","floor":11,"turns":6},{"damage":7,"enemies":"3 Louse","floor":12,"turns":4},{"damage":0,"enemies":"Blue Slaver","floor":13,"turns":2},{"damage":9,"enemies":"3 Sentries","floor":14,"turns":3},{"damage":26,"enemies":"Slime Boss","floor":16,"turns":8}],"seed_played":"-6547416805158029074","potions_obtained":[{"floor":2.0,"key":"Fire Potion"},{"floor":4,"key":"SteroidPotion"},{"floor":11,"key":"AttackPotion"}],"is_trial":false,"path_per_floor":["M","M","?","M","?","R","$","E","T","R","E","M","M","E","R","B"],"character_chosen":"THE_SILENT","items_purchased":["Accuracy","Blade Dance"],"campfire_rested":1,"item_purchase_floors":[7,7],"current_hp_per_floor":[55,55,55,53,53,53,53,43,43,43,23,16,16,7,25,0],"gold":195,"neow_bonus":"ONE_RARE_RELIC","is_prod":false,"is_daily":false,"chose_seed":false,"campfire_upgraded":2,"win_rate":0,"timestamp":1550605980,"path_taken":["M","M","?","M","?","R","$","E","T","R","E","M","M","E","R","BOSS"],"build_version":"2019-01-23","purchased_purges":0,"victory":false,"max_hp_per_floor":[60,60,60,60,60,60,60,60,60,60,60,60,60,60,60,60],"card_choices":[{"not_picked":["Outmaneuver","Calculated Gamble"],"picked":"Blade Dance","floor":1.0},{"not_picked":["Slice","Acrobatics"],"picked":"Flying Knee","floor":2.0},{"not_picked":["Underhanded Strike","Prepared"],"picked":"Storm of Steel","floor":4},{"not_picked":["A Thousand Cuts","Reflex"],"picked":"Predator","floor":8},{"not_picked":["Blur","Concentrate"],"picked":"Cloak And Dagger","floor":11},{"not_picked":["Poisoned Stab","Bane"],"picked":"Finisher","floor":12},{"not_picked":["Heel Hook","Outmaneuver"],"picked":"Blur","floor":13},{"not_picked":["Underhanded Strike","Tactician"],"picked":"Backflip","floor":14}],"player_experience":960677,"relics_obtained":[{"floor":8,"key":"Bag of Preparation"},{"floor":9,"key":"Boot"},{"floor":11,"key":"War Paint"},{"floor":14,"key":"Potion Belt"}],"event_choices":[{"damage_healed":0,"gold_gain":0,"player_choice":"Ignored","damage_taken":0,"max_hp_gain":0,"max_hp_loss":0,"event_name":"Golden Idol","floor":3,"gold_loss":0},{"damage_healed":0,"gold_gain":0,"player_choice":"Leave","damage_taken":0,"max_hp_gain":0,"max_hp_loss":0,"event_name":"The Cleric","floor":5,"gold_loss":0}],"is_beta":false,"boss_relics":[],"items_purged_floors":[],"is_endless":false,"potions_floor_spawned":[2,4,11],"killed_by":"Slime Boss","ascension_level":20}