{"gold_per_floor":[117,117,117,134,154,174,187,222,222,222,122,135,135,210,210,310,310,321,340,107,118,136,136],"floor_reached":23,"playtime":12047,"items_purged":[],"score":220,"play_id":"5a095947-f535-4c52-8561-e7283fc04534","local_time":"20190215232234","is_ascension_mode":false,"campfire_choices":[{"data":"Flechettes","floor":13,"key":"SMITH"},{"floor":15,"key":"REST"}],"neow_cost":"NONE","seed_source_timestamp":453168991565714,"circlet_count":0,"master_deck":["Defend_G","Defend_G","Defend_G","Defend_G","Defend_G","Strike_G","Strike_G","Strike_G","Strike_G","Survivor","Neutralize","Masterful Stab","Burst","Regret","Deflect","Dodge and Roll","Choke","Flechettes+1","Deflect","Parasite","Masterful Stab","Dagger Throw","Poisoned Stab","Envenom+1","Escape Plan","Deadly Poison","Caltrops+1","Underhanded Strike","Prepared+1"],"relics":["Ring of the Snake","Oddly Smooth Stone","Mango","Frozen Egg 2","Black Star","Lee\u0027s Waffle"],"potions_floor_usage":[8,8,8,16,21,22,22,22,22,23],"damage_taken":[{"damage":0,"enemies":"Jaw Worm","floor":1,"turns":6},{"damage":2,"enemies":"Small Slimes","floor":4,"turns":4},{"damage":0,"enemies":"Cultist","floor":5,"turns":4},{"damage":3,"enemies":"Lots of Slimes","floor":6,"turns":8},{"damage":2,"enemies":"Blue Slaver","floor":7,"turns":5},{"damage":21,"enemies":"Gremlin Nob","floor":8,"turns":7},{"damage":0,"enemies":"Exordium Thugs","floor":12,"turns":4},{"damage":32,"enemies":"The Guardian","floor":16,"turns":17},{"damage":54,"enemies":"Spheric Guardian","floor":18,"turns":10},{"damage":18,"enemies":"Chosen","floor":19,"turns":5},{"damage":25,"enemies":"Centurion and Healer","floor":21,"turns":8},{"damage":52,"enemies":"Cultist and Chosen","floor":22,"turns":6},{"damage":32,"enemies":"Book of Stabbing","floor":23,"turns":6}],"seed_played":"-977271780354349468","potions_obtained":[{"floor":4,"key":"EssenceOfSteel"},{"floor":5,"key":"Ancient Potion"},{"floor":6,"key":"GhostInAJar"},{"floor":8,"key":"Dexterity Potion"},{"floor":16,"key":"Block Potion"},{"floor":19,"key":"EntropicBrew"},{"floor":22,"key":"GhostInAJar"}],"is_trial":false,"path_per_floor":["M","?","?","M","M","M","M","E","T","?","$","M","R","?","R","B",null,"M","M","$","M","M","E"],"character_chosen":"THE_SILENT","items_purchased":["Masterful Stab","Dagger Throw","Lee\u0027s Waffle","Caltrops+1"],"campfire_rested":1,"item_purchase_floors":[11,11,20,20],"current_hp_per_floor":[77,77,77,75,75,72,70,63,63,85,85,85,85,74,91,59,91,37,19,98,73,30,0],"gold":136,"neow_bonus":"TEN_PERCENT_HP_BONUS","is_prod":false,"is_daily":false,"chose_seed":false,"campfire_upgraded":1,"win_rate":0.0,"timestamp":1550290954,"path_taken":["M","?","?","M","M","M","M","E","T","?","$","M","R","?","R","BOSS","M","M","$","M","M","E"],"build_version":"2019-01-23","purchased_purges":0,"victory":false,"max_hp_per_floor":[77,77,77,77,77,77,77,91,91,91,91,91,91,91,91,91,91,91,91,98,98,98,98],"card_choices":[{"not_picked":["Blade Dance","Slice"],"picked":"Masterful Stab","floor":1},{"not_picked":["Poisoned Stab","Prepared"],"picked":"Deflect","floor":4},{"not_picked":["Slice","Blur"],"picked":"Dodge and Roll","floor":5},{"not_picked":["All Out Attack","Backstab"],"picked":"Choke","floor":6},{"not_picked":["Unload","Predator"],"picked":"Flechettes","floor":7},{"not_picked":["Tools of the Trade","Dodge and Roll"],"picked":"Deflect","floor":8},{"not_picked":["Blade Dance","Predator"],"picked":"Poisoned Stab","floor":12},{"not_picked":["Burst","Unload"],"picked":"Envenom+1","floor":16},{"not_picked":["Underhanded Strike","Deflect"],"picked":"Escape Plan","floor":18},{"not_picked":["Prepared+1","Dagger Spray+1"],"picked":"Deadly Poison","floor":19},{"not_picked":["Expertise+1","Prepared"],"picked":"Underhanded Strike","floor":21},{"not_picked":["PiercingWail+1","Acrobatics"],"picked":"Prepared+1","floor":22}],"player_experience":8788,"relics_obtained":[{"floor":8,"key":"Mango"},{"floor":9,"key":"Frozen Egg 2"}],"event_choices":[{"damage_healed":0,"gold_gain":0,"cards_transformed":["Strike_G"],"player_choice":"Change","damage_taken":0,"max_hp_gain":0,"max_hp_loss":0,"event_name":"Living Wall","floor":2,"gold_loss":0,"cards_obtained":["Burst"]},{"damage_healed":0,"gold_gain":0,"player_choice":"Box","damage_taken":0,"relics_obtained":["Oddly Smooth Stone"],"max_hp_gain":0,"max_hp_loss":0,"event_name":"Big Fish","floor":3,"gold_loss":0,"cards_obtained":["Regret"]},{"damage_healed":22,"gold_gain":0,"player_choice":"Healed and dodged fight","damage_taken":0,"max_hp_gain":0,"max_hp_loss":0,"event_name":"Mushrooms","floor":10,"gold_loss":0,"cards_obtained":["Parasite"]},{"damage_healed":0,"gold_gain":75,"player_choice":"Gather Gold","damage_taken":11,"max_hp_gain":0,"max_hp_loss":0,"event_name":"World of Goop","floor":14,"gold_loss":0}],"is_beta":false,"boss_relics":[{"not_picked":["Fusion Hammer","Velvet Choker"],"picked":"Black Star"}],"items_purged_floors":[],"is_endless":false,"potions_floor_spawned":[4,5,6,8,16,19,22],"killed_by":"Book of Stabbing","ascension_level":0}