{"gold_per_floor":[117,133,133,58,73,73,89,89,114,114,126,201,201,220,220,318,318,305,305,317,329,39,64,77,106,130,130,130,130,130,130,130,227,227,241,87,87,97,115,150,165,165,165,165,198,211,211,244,244,244],"floor_reached":51,"playtime":3229,"items_purged":["Strike_G","Strike_G","Strike_G+1"],"score":901,"play_id":"0f0c5faf-f445-4d65-abd1-88712be19939","local_time":"20190215185140","is_ascension_mode":true,"campfire_choices":[{"data":"Footwork","floor":6.0,"key":"SMITH"},{"data":"Blade Dance","floor":8.0,"key":"SMITH"},{"data":"Footwork","floor":13.0,"key":"SMITH"},{"data":"Dodge and Roll","floor":15.0,"key":"SMITH"},{"floor":28.0,"key":"REST"},{"data":"Deadly Poison","floor":32.0,"key":"SMITH"},{"data":"Panache","floor":42,"key":"SMITH"},{"data":"Footwork","floor":44,"key":"SMITH"},{"floor":49,"key":"REST"}],"neow_cost":"NONE","seed_source_timestamp":29693033574960,"circlet_count":0,"master_deck":["Defend_G","Defend_G","Defend_G","Defend_G","Defend_G","Survivor","Neutralize+1","Footwork+1","Deflect","Dodge and Roll+1","Blade Dance+1","Footwork+1","Malaise","Backflip+1","Deadly Poison+1","Footwork+1","Infinite Blades","Catalyst","Die Die Die","Wraith Form v2","Backflip+1","Footwork+1","Panache+1","PiercingWail+1","PiercingWail+1","Choke+1","Deflect+1"],"special_seed":0,"relics":["Ring of the Snake","Bag of Preparation","WristBlade","Nloth\u0027s Gift","Membership Card","Juzu Bracelet","Oddly Smooth Stone","Centennial Puzzle","Sozu","Happy Flower","Bottled Tornado","Turnip","Tingsha","Molten Egg 2","Ancient Tea Set"],"potions_floor_usage":[],"damage_taken":[{"damage":0.0,"enemies":"2 Louse","floor":1.0,"turns":1.0},{"damage":0.0,"enemies":"Jaw Worm","floor":2.0,"turns":1.0},{"damage":0.0,"enemies":"Cultist","floor":5.0,"turns":1.0},{"damage":4.0,"enemies":"3 Louse","floor":7.0,"turns":10.0},{"damage":4.0,"enemies":"Looter","floor":11.0,"turns":3.0},{"damage":0.0,"enemies":"2 Fungi Beasts","floor":14.0,"turns":5.0},{"damage":3.0,"enemies":"The Guardian","floor":16.0,"turns":15.0},{"damage":3.0,"enemies":"2 Thieves","floor":18.0,"turns":4.0},{"damage":0.0,"enemies":"3 Byrds","floor":20.0,"turns":12.0},{"damage":5.0,"enemies":"Snecko","floor":21.0,"turns":12.0},{"damage":32.0,"enemies":"Slavers","floor":23.0,"turns":19.0},{"damage":2.0,"enemies":"Centurion and Healer","floor":24.0,"turns":9.0},{"damage":5.0,"enemies":"Book of Stabbing","floor":25.0,"turns":9.0},{"damage":13.0,"enemies":"Automaton","floor":33.0,"turns":16.0},{"damage":2,"enemies":"3 Darklings","floor":35,"turns":8},{"damage":0,"enemies":"3 Shapes","floor":38,"turns":3},{"damage":5,"enemies":"Transient","floor":39,"turns":5},{"damage":1,"enemies":"Reptomancer","floor":40,"turns":10},{"damage":0,"enemies":"4 Shapes","floor":41,"turns":4},{"damage":0,"enemies":"Nemesis","floor":45,"turns":11},{"damage":0,"enemies":"Spire Growth","floor":46,"turns":6},{"damage":22,"enemies":"Giant Head","floor":48,"turns":10},{"damage":36,"enemies":"Awakened One","floor":50,"turns":15}],"seed_played":"-2493569055764580726","potions_obtained":[{"floor":7.0,"key":"SkillPotion"},{"floor":11.0,"key":"Strength Potion"},{"floor":16.0,"key":"AttackPotion"},{"floor":20.0,"key":"Energy Potion"},{"floor":21.0,"key":"Weak Potion"},{"floor":23.0,"key":"Swift Potion"}],"is_trial":false,"path_per_floor":["M","M","?","$","M","R","M","R","T","?","M","?","R","M","R","B",null,"M","?","M","M","$","E","M","E","T","?","R","?","?","?","R","B",null,"M","$","?","M","M","E","M","R","T","R","E","M","?","E","R","B",null],"character_chosen":"THE_SILENT","items_purchased":["Footwork","Membership Card","Footwork","Happy Flower"],"campfire_rested":2,"item_purchase_floors":[22,22,36,36],"current_hp_per_floor":[70,70,56,56,56,56,52,52,52,45,41,30,30,30,30,27,70,67,67,67,62,62,30,28,23,23,23,44,31,31,31,31,18,75,73,73,68,68,63,62,62,62,62,62,62,62,62,40,62,26],"gold":244,"neow_bonus":"THREE_ENEMY_KILL","is_prod":false,"is_daily":false,"chose_seed":false,"campfire_upgraded":7,"win_rate":0,"timestamp":1550253100,"path_taken":["M","M","?","$","M","R","M","R","T","?","M","?","R","M","R","BOSS","M","?","M","?","$","E","M","E","T","?","R","?","?","?","R","BOSS","M","?","?","M","M","E","M","R","T","R","E","M","?","E","R","BOSS"],"build_version":"2019-01-23","purchased_purges":3,"victory":true,"max_hp_per_floor":[70,70,70,70,70,70,70,70,70,70,70,70,70,70,70,70,70,70,70,70,70,70,70,70,70,70,70,70,75,75,75,75,75,75,75,75,75,75,75,75,75,75,75,75,75,75,75,75,75,75],"card_choices":[{"not_picked":["Deflect","Outmaneuver"],"picked":"Footwork","floor":1.0},{"not_picked":["Poisoned Stab","Sucker Punch"],"picked":"Deflect","floor":2.0},{"not_picked":["Deadly Poison","Tactician"],"picked":"Dodge and Roll","floor":5.0},{"not_picked":["Prepared","Reflex"],"picked":"Blade Dance","floor":7.0},{"not_picked":["Quick Slash","Skewer"],"picked":"Footwork","floor":11.0},{"not_picked":["Outmaneuver","Sucker Punch","Flechettes"],"picked":"SKIP","floor":14.0},{"not_picked":["Night Terror","Tools of the Trade"],"picked":"Malaise","floor":16.0},{"not_picked":["Dagger Throw","Skewer","Expertise"],"picked":"SKIP","floor":18.0},{"not_picked":["Dagger Spray","Concentrate"],"picked":"Backflip+1","floor":20.0},{"not_picked":["Concentrate","Acrobatics+1"],"picked":"Deadly Poison","floor":21.0},{"not_picked":["Dagger Throw","Phantasmal Killer"],"picked":"Infinite Blades","floor":23.0},{"not_picked":["Dagger Spray+1","Blade Dance"],"picked":"Catalyst","floor":24.0},{"not_picked":["Grand Finale","Flechettes"],"picked":"Die Die Die","floor":25.0},{"not_picked":["Grand Finale","Storm of Steel"],"picked":"Wraith Form v2","floor":33.0},{"not_picked":["Deflect+1","Leg Sweep"],"picked":"Backflip+1","floor":35},{"not_picked":["Transmutation","Bandage Up"],"picked":"Panache","floor":37},{"not_picked":["Prepared","Outmaneuver+1","Eviscerate+1"],"picked":"SKIP","floor":38},{"not_picked":["Dagger Throw","Tactician+1","Flechettes"],"picked":"SKIP","floor":39},{"not_picked":["Setup+1","Tactician+1"],"picked":"PiercingWail+1","floor":40},{"not_picked":["Poisoned Stab+1","Backflip+1"],"picked":"PiercingWail+1","floor":41},{"not_picked":["Cloak And Dagger+1","Dagger Spray"],"picked":"Choke+1","floor":45},{"not_picked":["Venomology","Flying Knee+1"],"picked":"Deflect+1","floor":46},{"not_picked":["Deadly Poison+1","Prepared+1","Quick Slash+1"],"picked":"SKIP","floor":48}],"player_experience":191284,"relics_obtained":[{"floor":9.0,"key":"Bag of Preparation"},{"floor":23.0,"key":"Juzu Bracelet"},{"floor":25.0,"key":"Oddly Smooth Stone"},{"floor":26.0,"key":"Centennial Puzzle"},{"floor":40,"key":"Bottled Tornado"},{"floor":43,"key":"Turnip"},{"floor":45,"key":"Tingsha"},{"floor":47,"key":"Molten Egg 2"},{"floor":48,"key":"Ancient Tea Set"}],"event_choices":[{"damage_healed":0.0,"max_hp_gain":0.0,"max_hp_loss":0.0,"gold_gain":0.0,"event_name":"Shining Light","player_choice":"Entered Light","floor":3.0,"gold_loss":0.0,"damage_taken":14.0,"cards_upgraded":["Strike_G","Neutralize"]},{"cards_removed":["Strike_G"],"damage_healed":0.0,"max_hp_gain":0.0,"max_hp_loss":0.0,"gold_gain":0.0,"event_name":"Golden Wing","player_choice":"Card Removal","floor":10.0,"gold_loss":0.0,"damage_taken":7.0},{"damage_healed":0.0,"max_hp_gain":0.0,"max_hp_loss":0.0,"gold_gain":75.0,"event_name":"World of Goop","player_choice":"Gather Gold","floor":12.0,"gold_loss":0.0,"damage_taken":11.0},{"damage_healed":0.0,"max_hp_gain":0.0,"max_hp_loss":0.0,"gold_gain":0.0,"event_name":"N\u0027loth","player_choice":"Traded Relic","floor":19.0,"relics_lost":["NeowsBlessing"],"gold_loss":0.0,"damage_taken":0.0,"relics_obtained":["Nloth\u0027s Gift"]},{"damage_healed":0.0,"max_hp_gain":0.0,"max_hp_loss":0.0,"gold_gain":0.0,"event_name":"Vampires","player_choice":"Ignored","floor":27.0,"gold_loss":0.0,"damage_taken":0.0},{"damage_healed":0.0,"max_hp_gain":5.0,"max_hp_loss":0.0,"gold_gain":0.0,"event_name":"Forgotten Altar","player_choice":"Shed Blood","floor":29.0,"gold_loss":0.0,"damage_taken":18.0},{"cards_removed":["Strike_G"],"damage_healed":0.0,"max_hp_gain":0.0,"max_hp_loss":0.0,"gold_gain":0.0,"event_name":"Bonfire Elementals","player_choice":"Offered Basic","floor":30.0,"gold_loss":0.0,"damage_taken":0.0},{"damage_healed":0.0,"max_hp_gain":0.0,"max_hp_loss":0.0,"gold_gain":0.0,"event_name":"Accursed Blacksmith","player_choice":"Forge","floor":31.0,"gold_loss":0.0,"damage_taken":0.0,"cards_upgraded":["Footwork"]},{"damage_healed":0,"gold_gain":0,"player_choice":"Memory 2","damage_taken":5,"max_hp_gain":0,"max_hp_loss":0,"event_name":"SensoryStone","floor":37,"gold_loss":0},{"damage_healed":0,"gold_gain":0,"player_choice":"Relic","damage_taken":0,"max_hp_gain":0,"max_hp_loss":0,"event_name":"Wheel of Change","floor":47,"gold_loss":0}],"is_beta":false,"boss_relics":[{"not_picked":["Runic Dome","Ring of the Serpent"],"picked":"WristBlade"},{"not_picked":["Empty Cage","Eternal Feather"],"picked":"Sozu"}],"items_purged_floors":[4,22,36],"is_endless":false,"potions_floor_spawned":[7,11,16,20,21,23,38,40,41,48],"ascension_level":3}