{"gold_per_floor":[115,115,135,149,149,175,175,208,281,281,292,303,303,330,330,407,407,424,436,436,436,54,88,88,114,114,145,145,162,196,212,212,285,285,300,316,416,416,435,465,494,494,494,494,510,558,4,4,4,4,4,4,4,4,30,30],"floor_reached":57,"playtime":5001,"items_purged":["Searing Blow"],"score":2927,"play_id":"b5bd9a4a-62f3-42ec-8e4d-a21faaaac5b3","local_time":"20190219162355","is_ascension_mode":true,"campfire_choices":[{"data":"Sword Boomerang","floor":7.0,"key":"SMITH"},{"data":"Spot Weakness","floor":10.0,"key":"SMITH"},{"data":"Inflame","floor":13.0,"key":"SMITH"},{"data":"Metallicize","floor":15.0,"key":"SMITH"},{"data":"Limit Break","floor":24.0,"key":"SMITH"},{"data":"Armaments","floor":32.0,"key":"SMITH"},{"floor":40.0,"key":"DIG"},{"floor":42.0,"key":"DIG"},{"floor":49.0,"key":"RECALL"},{"floor":53.0,"key":"DIG"}],"neow_cost":"NONE","seed_source_timestamp":456017243307828,"circlet_count":0,"master_deck":["AscendersBane","Bash+1","Spot Weakness+1","Sword Boomerang+1","Dual Wield","Metallicize+1","Inflame+1","Demon Form+1","Reaper","Ghostly Armor","Spot Weakness","Limit Break+1","Havoc","Pommel Strike","Reaper","Ghostly Armor","True Grit+1","Corruption+1","Feel No Pain+1","Shrug It Off","Sentinel","Combust+1","Ghostly Armor","Warcry+1","Armaments+1","Dark Embrace+1","Shrug It Off","Madness","Madness","Shockwave"],"special_seed":0,"relics":["Burning Blood","Orichalcum","Mango","Bag of Preparation","Self Forming Clay","Frozen Egg 2","Pandora\u0027s Box","OrangePellets","Centennial Puzzle","Mercury Hourglass","FossilizedHelix","Shuriken","Boot","Snecko Eye","Shovel","Tiny Chest","PreservedInsect","Singing Bowl","Gambling Chip","Happy Flower","Bag of Marbles","Lee\u0027s Waffle","Kunai","Blue Candle","Letter Opener"],"potions_floor_usage":[56],"damage_taken":[{"damage":2.0,"enemies":"2 Louse","floor":1.0,"turns":3.0},{"damage":9.0,"enemies":"Jaw Worm","floor":3.0,"turns":3.0},{"damage":4.0,"enemies":"Small Slimes","floor":4.0,"turns":4.0},{"damage":28.0,"enemies":"Lagavulin","floor":6.0,"turns":7.0},{"damage":26.0,"enemies":"3 Sentries","floor":8.0,"turns":7.0},{"damage":8.0,"enemies":"Exordium Wildlife","floor":11.0,"turns":4.0},{"damage":3.0,"enemies":"Large Slime","floor":12.0,"turns":3.0},{"damage":5.0,"enemies":"Lagavulin","floor":14.0,"turns":5.0},{"damage":13.0,"enemies":"Slime Boss","floor":16.0,"turns":7.0},{"damage":19.0,"enemies":"Shell Parasite","floor":18.0,"turns":7.0},{"damage":21.0,"enemies":"2 Thieves","floor":19.0,"turns":4.0},{"damage":72.0,"enemies":"Slavers","floor":23.0,"turns":6.0},{"damage":35.0,"enemies":"Book of Stabbing","floor":25.0,"turns":5.0},{"damage":56.0,"enemies":"Slavers","floor":27.0,"turns":5.0},{"damage":10.0,"enemies":"Cultist and Chosen","floor":29.0,"turns":6.0},{"damage":19.0,"enemies":"Gremlin Leader","floor":30.0,"turns":6.0},{"damage":0.0,"enemies":"Chosen and Byrds","floor":31.0,"turns":4.0},{"damage":7.0,"enemies":"Champ","floor":33.0,"turns":10.0},{"damage":0.0,"enemies":"Orb Walker","floor":35.0,"turns":3.0},{"damage":0.0,"enemies":"3 Shapes","floor":36.0,"turns":5.0},{"damage":6.0,"enemies":"Mind Bloom Boss Battle","floor":37.0,"turns":10.0},{"damage":0.0,"enemies":"Transient","floor":39.0,"turns":4.0},{"damage":0.0,"enemies":"Nemesis","floor":41.0,"turns":5.0},{"damage":0.0,"enemies":"Jaw Worm Horde","floor":45.0,"turns":1.0},{"damage":4.0,"enemies":"2 Orb Walkers","floor":46.0,"turns":4.0},{"damage":12.0,"enemies":"Donu and Deca","floor":50.0,"turns":3.0},{"damage":90.0,"enemies":"Awakened One","floor":51.0,"turns":10.0},{"damage":0.0,"enemies":"Shield and Spear","floor":55.0,"turns":4.0},{"damage":147,"enemies":"The Heart","floor":56,"turns":9}],"seed_played":"2920657778923918304","potions_obtained":[{"floor":1.0,"key":"Explosive Potion"},{"floor":6.0,"key":"BloodPotion"},{"floor":12.0,"key":"Block Potion"},{"floor":23.0,"key":"Ancient Potion"},{"floor":25.0,"key":"SneckoOil"},{"floor":29.0,"key":"Ancient Potion"},{"floor":30.0,"key":"PowerPotion"},{"floor":46.0,"key":"Swift Potion"}],"is_trial":false,"path_per_floor":["M","?","M","M","?","E","R","E","T","R","M","M","R","E","R","B",null,"M","M","?","?","$","E","R","E","T","E","?","M","E","M","R","B",null,"M","M","?","?","M","R","E","R","T","?","M","?","$","T","R","B","B",null,"R","$","E","B",null],"character_chosen":"IRONCLAD","items_purchased":["Feel No Pain+1","OrangePellets","Happy Flower","Bag of Marbles","Lee\u0027s Waffle"],"campfire_rested":0,"item_purchase_floors":[22,22,47,47,47],"current_hp_per_floor":[72,72,69,71,71,63,63,51,51,51,49,52,52,53,53,46,78,89,89,89,89,89,89,89,89,89,89,89,89,89,89,89,89,89,89,89,89,73,89,89,89,89,89,85,93,99,106,106,106,106,87,101,101,101,106,106],"gold":30,"neow_bonus":"RANDOM_COMMON_RELIC","is_prod":false,"is_daily":false,"chose_seed":false,"campfire_upgraded":6,"win_rate":0,"timestamp":1550611435,"path_taken":["M","?","M","M","?","E","R","E","T","R","M","M","R","E","R","BOSS","M","M","?","?","?","E","R","E","T","E","?","?","E","M","R","BOSS","M","M","?","?","M","R","E","R","T","?","?","?","$","?","R","BOSS","BOSS","R","$","E","BOSS"],"build_version":"2019-01-23","purchased_purges":1,"victory":true,"max_hp_per_floor":[75,75,75,75,75,89,89,89,89,89,89,89,89,89,89,89,89,89,89,89,89,89,89,89,89,89,89,89,89,89,89,89,89,89,89,89,89,89,89,89,89,89,89,95,97,99,106,106,106,106,106,106,106,106,106,106],"card_choices":[{"not_picked":["Warcry","Perfected Strike"],"picked":"Spot Weakness","floor":1.0},{"not_picked":["Rampage","Power Through"],"picked":"Sword Boomerang","floor":3.0},{"not_picked":["Clash","Perfected Strike"],"picked":"Dual Wield","floor":4.0},{"not_picked":["Second Wind","Sword Boomerang","Intimidate"],"picked":"SKIP","floor":6.0},{"not_picked":["Feed","Dropkick"],"picked":"Metallicize","floor":8.0},{"not_picked":["Perfected Strike","Heavy Blade"],"picked":"Hemokinesis","floor":11.0},{"not_picked":["Rupture","Thunderclap"],"picked":"Inflame","floor":12.0},{"not_picked":["Power Through","Rupture"],"picked":"Demon Form","floor":14.0},{"not_picked":["Offering","Double Tap"],"picked":"Reaper","floor":16.0},{"not_picked":["Perfected Strike","Headbutt","Havoc"],"picked":"SKIP","floor":18.0},{"not_picked":["Armaments","Whirlwind"],"picked":"True Grit+1","floor":19.0},{"not_picked":["Brutality+1","Uppercut","Sword Boomerang"],"picked":"SKIP","floor":23.0},{"not_picked":["Evolve+1","Dropkick"],"picked":"Shrug It Off","floor":25.0},{"not_picked":["Headbutt","Sever Soul"],"picked":"Sentinel","floor":27.0},{"not_picked":["Clash","Sword Boomerang"],"picked":"Warcry+1","floor":29.0},{"not_picked":["Corruption+1","Thunderclap"],"picked":"Armaments","floor":30.0},{"not_picked":["Pummel","Flex","Body Slam"],"picked":"SKIP","floor":31.0},{"not_picked":["Bludgeon","Fiend Fire"],"picked":"Dark Embrace+1","floor":33.0},{"not_picked":["Havoc","Inflame+1"],"picked":"Shrug It Off","floor":35.0},{"not_picked":["Havoc","Rupture+1","Clothesline"],"picked":"SKIP","floor":36.0},{"not_picked":["Clothesline","Evolve+1","Iron Wave"],"picked":"SKIP","floor":39.0},{"not_picked":["Pommel Strike","Burning Pact","Flex+1"],"picked":"SKIP","floor":41.0},{"not_picked":["Forethought","Blind","Magnetism+1"],"picked":"Singing Bowl","floor":44.0},{"not_picked":["Purity","Blind","Violence"],"picked":"Singing Bowl","floor":44.0},{"not_picked":["Master of Strategy","Chrysalis","Forethought"],"picked":"Singing Bowl","floor":44.0},{"not_picked":["Anger","Pommel Strike+1","Heavy Blade"],"picked":"Singing Bowl","floor":45.0},{"not_picked":["True Grit","Rampage","Anger"],"picked":"Singing Bowl","floor":46.0},{"not_picked":["Pommel Strike","Warcry"],"picked":"Shockwave","floor":55.0}],"player_experience":961983,"relics_obtained":[{"floor":6.0,"key":"Mango"},{"floor":8.0,"key":"Bag of Preparation"},{"floor":9.0,"key":"Self Forming Clay"},{"floor":14.0,"key":"Frozen Egg 2"},{"floor":23.0,"key":"Centennial Puzzle"},{"floor":25.0,"key":"Mercury Hourglass"},{"floor":26.0,"key":"FossilizedHelix"},{"floor":27.0,"key":"Shuriken"},{"floor":30.0,"key":"Boot"},{"floor":37.0,"key":"Shovel"},{"floor":40.0,"key":"Tiny Chest"},{"floor":41.0,"key":"PreservedInsect"},{"floor":42.0,"key":"Singing Bowl"},{"floor":46.0,"key":"Gambling Chip"},{"floor":48.0,"key":"Kunai"},{"floor":53.0,"key":"Blue Candle"},{"floor":55.0,"key":"Letter Opener"}],"event_choices":[{"damage_healed":0.0,"max_hp_gain":0.0,"max_hp_loss":0.0,"gold_gain":0.0,"event_name":"Living Wall","player_choice":"Grow","floor":2.0,"gold_loss":0.0,"damage_taken":0.0,"cards_upgraded":["Bash"]},{"damage_healed":0.0,"max_hp_gain":0.0,"max_hp_loss":0.0,"gold_gain":0.0,"event_name":"Scrap Ooze","player_choice":"Fled","floor":5.0,"gold_loss":0.0,"damage_taken":0.0},{"damage_healed":0.0,"max_hp_gain":0.0,"max_hp_loss":0.0,"gold_gain":0.0,"event_name":"The Mausoleum","player_choice":"Ignored","floor":20.0,"gold_loss":0.0,"damage_taken":0.0},{"damage_healed":0.0,"max_hp_gain":0.0,"max_hp_loss":0.0,"gold_gain":0.0,"event_name":"The Library","player_choice":"Read","floor":21.0,"gold_loss":0.0,"damage_taken":0.0,"cards_obtained":["Corruption"]},{"damage_healed":0.0,"max_hp_gain":0.0,"max_hp_loss":0.0,"gold_gain":0.0,"cards_transformed":["Hemokinesis","Berserk"],"event_name":"Drug Dealer","player_choice":"Became Test Subject","floor":28.0,"gold_loss":0.0,"damage_taken":0.0,"cards_obtained":["Combust","Ghostly Armor"]},{"damage_healed":0.0,"max_hp_gain":0.0,"max_hp_loss":0.0,"gold_gain":0.0,"event_name":"MindBloom","player_choice":"Fight","floor":37.0,"gold_loss":0.0,"damage_taken":0.0},{"damage_healed":0.0,"max_hp_gain":0.0,"max_hp_loss":0.0,"gold_gain":0.0,"event_name":"Winding Halls","player_choice":"Embrace Madness","floor":38.0,"gold_loss":0.0,"damage_taken":16.0,"cards_obtained":["Madness","Madness"]},{"damage_healed":0.0,"max_hp_gain":0.0,"max_hp_loss":0.0,"gold_gain":0.0,"event_name":"SensoryStone","player_choice":"Memory 3","floor":44.0,"gold_loss":0.0,"damage_taken":10.0},{"damage_healed":0.0,"max_hp_gain":0.0,"max_hp_loss":0.0,"gold_gain":0.0,"event_name":"Mysterious Sphere","player_choice":"Fight","floor":46.0,"gold_loss":0.0,"damage_taken":0.0}],"is_beta":false,"boss_relics":[{"not_picked":["Busted Crown","Orrery"],"picked":"Pandora\u0027s Box"},{"not_picked":["Calling Bell","Runic Pyramid"],"picked":"Snecko Eye"}],"items_purged_floors":[22],"is_endless":false,"potions_floor_spawned":[1,6,12,23,25,29,30,31,39,41,46],"ascension_level":20}