{"gold_per_floor":[115,115,131,144,28,53,53,83,83,103,103,122,122,140,140,245,245,260,276,201,221,320,320,346,346,369,384,384,412,423,455,455,552,552,568,584,597,612,612,640,640,674,729,745,645,658,658,70,70,70,70,70,70,102,102],"floor_reached":56,"playtime":5799,"items_purged":["Pain","Decay","Injury"],"score":1570,"play_id":"81d64914-2a21-470c-a054-093419621df0","local_time":"20190213153720","is_ascension_mode":true,"campfire_choices":[{"data":"Zap","floor":7.0,"key":"SMITH"},{"data":"Go for the Eyes","floor":11.0,"key":"SMITH"},{"data":"Dualcast","floor":13.0,"key":"SMITH"},{"data":"Defragment","floor":15.0,"key":"SMITH"},{"data":"Defragment","floor":23.0,"key":"SMITH"},{"data":"Electrodynamics","floor":25.0,"key":"SMITH"},{"data":"Capacitor","floor":32.0,"key":"SMITH"},{"floor":41.0,"key":"RECALL"},{"data":"Defend_B","floor":47.0,"key":"SMITH"},{"data":"Defend_B","floor":49.0,"key":"SMITH"},{"data":"Self Repair","floor":52.0,"key":"SMITH"}],"neow_cost":"TEN_PERCENT_HP_LOSS","seed_source_timestamp":1277837350930900,"circlet_count":0,"master_deck":["Strike_B","Strike_B","Strike_B","Strike_B","Defend_B+1","Defend_B+1","Defend_B+1","Defend_B+1","Zap+1","Dualcast+1","Capacitor+1","Cold Snap","Ball Lightning","Defragment+1","Leap+1","Consume+1","Self Repair+1","Go for the Eyes+1","Undo+1","Defragment+1","Electrodynamics+1","Cold Snap","Glacier+1","Hologram+1","Leap+1","Glacier+1","BootSequence+1","Seek+1","White Noise+1","Redo+1","Seek+1","Seek+1"],"special_seed":0,"relics":["Cracked Core","Mango","Toxic Egg 2","Mercury Hourglass","Bag of Marbles","Dodecahedron","Calling Bell","War Paint","Mummified Hand","StoneCalendar","Pear","Happy Flower","Letter Opener","Pantograph","Inserter","Blue Candle","Bottled Lightning","Gambling Chip","Juzu Bracelet","Calipers","Bronze Scales","Bird Faced Urn"],"potions_floor_usage":[55,55],"damage_taken":[{"damage":1.0,"enemies":"Cultist","floor":1.0,"turns":3.0},{"damage":9.0,"enemies":"2 Louse","floor":3.0,"turns":2.0},{"damage":0.0,"enemies":"Jaw Worm","floor":4.0,"turns":3.0},{"damage":22.0,"enemies":"Lagavulin","floor":6.0,"turns":7.0},{"damage":22.0,"enemies":"Gremlin Nob","floor":8.0,"turns":4.0},{"damage":0.0,"enemies":"Gremlin Gang","floor":10.0,"turns":3.0},{"damage":21.0,"enemies":"Exordium Thugs","floor":12.0,"turns":4.0},{"damage":0.0,"enemies":"2 Fungi Beasts","floor":14.0,"turns":3.0},{"damage":11.0,"enemies":"Slime Boss","floor":16.0,"turns":9.0},{"damage":29.0,"enemies":"Shell Parasite","floor":18.0,"turns":6.0},{"damage":0.0,"enemies":"Chosen","floor":19.0,"turns":4.0},{"damage":3.0,"enemies":"3 Cultists","floor":21.0,"turns":5.0},{"damage":17.0,"enemies":"Slavers","floor":24.0,"turns":4.0},{"damage":13.0,"enemies":"Chosen and Byrds","floor":27.0,"turns":5.0},{"damage":11.0,"enemies":"Gremlin Leader","floor":29.0,"turns":5.0},{"damage":1.0,"enemies":"Centurion and Healer","floor":30.0,"turns":7.0},{"damage":7.0,"enemies":"Book of Stabbing","floor":31.0,"turns":6.0},{"damage":0.0,"enemies":"Champ","floor":33.0,"turns":16.0},{"damage":0.0,"enemies":"3 Shapes","floor":35.0,"turns":1.0},{"damage":11.0,"enemies":"Orb Walker","floor":36.0,"turns":4.0},{"damage":0.0,"enemies":"Maw","floor":37.0,"turns":7.0},{"damage":0.0,"enemies":"3 Darklings","floor":38.0,"turns":1.0},{"damage":0.0,"enemies":"Giant Head","floor":40.0,"turns":9.0},{"damage":2.0,"enemies":"Reptomancer","floor":42.0,"turns":4.0},{"damage":0.0,"enemies":"Transient","floor":44.0,"turns":5.0},{"damage":0.0,"enemies":"Maw","floor":46.0,"turns":6.0},{"damage":0.0,"enemies":"Time Eater","floor":50.0,"turns":11.0},{"damage":25.0,"enemies":"Shield and Spear","floor":54.0,"turns":13.0},{"damage":4,"enemies":"The Heart","floor":55,"turns":12}],"seed_played":"3563814674499487763","potions_obtained":[{"floor":3.0,"key":"EssenceOfSteel"},{"floor":8.0,"key":"Swift Potion"},{"floor":10.0,"key":"SkillPotion"},{"floor":12.0,"key":"Swift Potion"},{"floor":40.0,"key":"EssenceOfSteel"}],"is_trial":false,"path_per_floor":["M","T","M","M","$","E","R","E","T","M","R","M","R","M","R","B",null,"M","M","$","M","?","R","E","R","T","M","T","E","M","E","R","B",null,"M","M","M","M","T","E","R","E","T","M","$","M","R","$","R","B",null,"R","$","E","B",null],"character_chosen":"DEFECT","items_purchased":["Defragment","Leap+1","Calipers","Bronze Scales"],"campfire_rested":0,"item_purchase_floors":[5,5,48,48],"current_hp_per_floor":[81,81,72,72,72,50,50,28,28,35,35,14,14,21,21,17,82,60,67,67,71,71,71,71,71,71,65,65,61,67,67,67,92,92,92,88,92,92,92,92,92,90,90,92,92,92,92,92,92,92,92,92,92,77,92],"gold":102,"neow_bonus":"ONE_RARE_RELIC","is_prod":false,"is_daily":false,"chose_seed":false,"campfire_upgraded":10,"win_rate":0,"timestamp":1550068640,"path_taken":["M","?","M","M","?","E","R","E","T","?","R","M","R","M","R","BOSS","M","M","$","M","?","R","E","R","T","M","?","E","M","E","R","BOSS","M","?","M","?","?","E","R","E","T","M","?","M","R","$","R","BOSS","R","$","E","BOSS"],"build_version":"2019-01-23","purchased_purges":3,"victory":true,"max_hp_per_floor":[82,82,82,82,82,82,82,82,82,82,82,82,82,82,82,82,82,82,82,82,82,82,82,92,92,92,92,92,92,92,92,92,92,92,92,92,92,92,92,92,92,92,92,92,92,92,92,92,92,92,92,92,92,92,92],"card_choices":[{"not_picked":["Compile Driver","Ball Lightning"],"picked":"Capacitor","floor":1.0},{"not_picked":["Steam+1","Consume+1"],"picked":"Cold Snap","floor":3.0},{"not_picked":["Rebound","BootSequence+1"],"picked":"Ball Lightning","floor":4.0},{"not_picked":["Self Repair","Barrage"],"picked":"Consume+1","floor":6.0},{"not_picked":["Turbo+1","Storm"],"picked":"Self Repair","floor":8.0},{"not_picked":["Conserve Battery+1","Beam Cell"],"picked":"Go for the Eyes","floor":10.0},{"not_picked":["Gash","Leap+1"],"picked":"Undo+1","floor":12.0},{"not_picked":["Sunder","Buffer"],"picked":"Defragment","floor":14.0},{"not_picked":["Thunder Strike","Amplify+1"],"picked":"Electrodynamics","floor":16.0},{"not_picked":["Compile Driver","Sweeping Beam+1"],"picked":"Cold Snap","floor":18.0},{"not_picked":["Stack+1","Steam+1","Rebound"],"picked":"SKIP","floor":19.0},{"not_picked":["Barrage","Machine Learning"],"picked":"Glacier+1","floor":21.0},{"not_picked":["Barrage+1","Compile Driver+1"],"picked":"Hologram+1","floor":24.0},{"not_picked":["Recycle+1","Barrage"],"picked":"Leap+1","floor":27.0},{"not_picked":["Steam Power+1","Ball Lightning+1"],"picked":"Glacier+1","floor":29.0},{"not_picked":["Beam Cell","Storm+1","Compile Driver+1"],"picked":"SKIP","floor":30.0},{"not_picked":["Streamline","Steam Power+1"],"picked":"BootSequence+1","floor":31.0},{"not_picked":["All For One","Thunder Strike"],"picked":"Seek+1","floor":33.0},{"not_picked":["Compile Driver","Tempest+1"],"picked":"White Noise+1","floor":35.0},{"not_picked":["Cold Snap+1","Compile Driver+1","Barrage+1"],"picked":"SKIP","floor":36.0},{"not_picked":["Barrage+1","Doom and Gloom+1"],"picked":"Redo+1","floor":37.0},{"not_picked":["Gash+1","Barrage","Turbo+1"],"picked":"SKIP","floor":38.0},{"not_picked":["Darkness+1","Gash+1"],"picked":"Seek+1","floor":40.0},{"not_picked":["Compile Driver+1","Rip and Tear","FTL"],"picked":"SKIP","floor":42.0},{"not_picked":["Sunder+1","Steam+1","Doom and Gloom+1"],"picked":"SKIP","floor":44.0},{"not_picked":["Leap+1","Barrage","Sweeping Beam+1"],"picked":"SKIP","floor":46.0},{"not_picked":["Reprogram+1","Rainbow+1"],"picked":"Seek+1","floor":54.0}],"player_experience":141761,"relics_obtained":[{"floor":2.0,"key":"Toxic Egg 2"},{"floor":6.0,"key":"Mercury Hourglass"},{"floor":8.0,"key":"Bag of Marbles"},{"floor":9.0,"key":"Dodecahedron"},{"floor":17.0,"key":"War Paint"},{"floor":17.0,"key":"Mummified Hand"},{"floor":17.0,"key":"StoneCalendar"},{"floor":24.0,"key":"Pear"},{"floor":26.0,"key":"Happy Flower"},{"floor":29.0,"key":"Letter Opener"},{"floor":31.0,"key":"Pantograph"},{"floor":39.0,"key":"Blue Candle"},{"floor":40.0,"key":"Bottled Lightning"},{"floor":42.0,"key":"Gambling Chip"},{"floor":43.0,"key":"Juzu Bracelet"},{"floor":54.0,"key":"Bird Faced Urn"}],"event_choices":[{"damage_healed":0.0,"max_hp_gain":0.0,"max_hp_loss":0.0,"gold_gain":99.0,"event_name":"Nest","player_choice":"Stole From Cult","floor":22.0,"gold_loss":0.0,"damage_taken":0.0}],"is_beta":false,"boss_relics":[{"not_picked":["Pandora\u0027s Box","Runic Dome"],"picked":"Calling Bell"},{"not_picked":["Nuclear Battery","Velvet Choker"],"picked":"Inserter"}],"items_purged_floors":[20,45,48],"is_endless":false,"potions_floor_spawned":[3,8,10,12,19,21,27,40,44,46],"ascension_level":4}