{"gold_per_floor":[115,115,134,134,134,167,167,177,201,19,19,19,48,61,61,157,157,157,157,157,67,67,67,67,67,67,67,67,67,67,67,67,67,67,67,67,17,17,17,17,17,17,17,17,17,17,17,17,17,17,17,17,17,17,17],"floor_reached":55,"playtime":3420,"items_purged":["Strike_G","Strike_G"],"score":930,"play_id":"c9f67f0f-3be7-4afc-a8ee-10a98b9c1ca4","local_time":"20190217174717","is_ascension_mode":true,"campfire_choices":[{"data":"Neutralize","floor":7.0,"key":"SMITH"},{"data":"Noxious Fumes","floor":11.0,"key":"SMITH"},{"data":"Dodge and Roll","floor":15.0,"key":"SMITH"},{"data":"Well Laid Plans","floor":24.0,"key":"SMITH"},{"data":"Footwork","floor":32.0,"key":"SMITH"},{"floor":40.0,"key":"RECALL"},{"floor":49.0,"key":"REST"},{"floor":52.0,"key":"REST"}],"neow_cost":"NONE","seed_source_timestamp":198393915490761,"circlet_count":0,"master_deck":["Defend_G+1","Defend_G","Defend_G","Defend_G","Strike_G+1","Survivor","Neutralize+1","Flying Knee","Deadly Poison","Dodge and Roll+1","Noxious Fumes+1","Dodge and Roll","Blade Dance","PiercingWail","Adrenaline","Well Laid Plans+1","Dagger Spray","Die Die Die","Footwork+1","Bouncing Flask+1","Tools of the Trade","Bouncing Flask+1","Backflip+1","Noxious Fumes+1"],"special_seed":0,"relics":["Ring of the Snake","NeowsBlessing","PreservedInsect","Blood Vial","Bronze Scales","Ectoplasm","Shuriken","Unceasing Top","Anchor","Smiling Mask","Lantern","Toxic Egg 2","Fusion Hammer","Frozen Egg 2","Bottled Tornado","Oddly Smooth Stone"],"potions_floor_usage":[55,55,55],"damage_taken":[{"damage":0.0,"enemies":"2 Louse","floor":1.0,"turns":1.0},{"damage":0.0,"enemies":"Jaw Worm","floor":3.0,"turns":1.0},{"damage":0.0,"enemies":"Lagavulin","floor":6.0,"turns":1.0},{"damage":0.0,"enemies":"Small Slimes","floor":8.0,"turns":4.0},{"damage":0.0,"enemies":"Gremlin Nob","floor":13.0,"turns":3.0},{"damage":0.0,"enemies":"2 Fungi Beasts","floor":14.0,"turns":3.0},{"damage":35.0,"enemies":"Slime Boss","floor":16.0,"turns":12.0},{"damage":13.0,"enemies":"Spheric Guardian","floor":18.0,"turns":6.0},{"damage":19.0,"enemies":"2 Thieves","floor":21.0,"turns":4.0},{"damage":0.0,"enemies":"Centurion and Healer","floor":22.0,"turns":8.0},{"damage":5.0,"enemies":"Slavers","floor":23.0,"turns":4.0},{"damage":2.0,"enemies":"Book of Stabbing","floor":25.0,"turns":5.0},{"damage":5.0,"enemies":"Slavers","floor":28.0,"turns":3.0},{"damage":9.0,"enemies":"3 Cultists","floor":29.0,"turns":5.0},{"damage":0.0,"enemies":"Chosen and Byrds","floor":30.0,"turns":4.0},{"damage":0.0,"enemies":"Centurion and Healer","floor":31.0,"turns":8.0},{"damage":9.0,"enemies":"Champ","floor":33.0,"turns":11.0},{"damage":5.0,"enemies":"3 Darklings","floor":35.0,"turns":5.0},{"damage":3.0,"enemies":"3 Shapes","floor":38.0,"turns":4.0},{"damage":3.0,"enemies":"Spire Growth","floor":41.0,"turns":5.0},{"damage":0.0,"enemies":"Reptomancer","floor":42.0,"turns":5.0},{"damage":0.0,"enemies":"Giant Head","floor":45.0,"turns":7.0},{"damage":0.0,"enemies":"3 Darklings","floor":46.0,"turns":5.0},{"damage":15.0,"enemies":"Jaw Worm Horde","floor":47.0,"turns":3.0},{"damage":35.0,"enemies":"Time Eater","floor":50.0,"turns":11.0},{"damage":7.0,"enemies":"Shield and Spear","floor":54.0,"turns":6.0},{"damage":67,"enemies":"The Heart","floor":55,"turns":9}],"seed_played":"7286833639130559674","potions_obtained":[{"floor":6.0,"key":"AttackPotion"},{"floor":13.0,"key":"Regen Potion"},{"floor":14.0,"key":"Explosive Potion"},{"floor":21.0,"key":"Energy Potion"},{"floor":29.0,"key":"SpeedPotion"},{"floor":30.0,"key":"Ancient Potion"},{"floor":35.0,"key":"FearPotion"},{"floor":41.0,"key":"SpeedPotion"}],"is_trial":false,"path_per_floor":["M","?","M","?","?","E","R","M","T","$","R","?","E","M","R","B",null,"M","?","T","M","M","E","R","E","T","T","E","M","M","M","R","B",null,"M","?","$","M","$","R","M","E","T","?","E","M","M","?","R","B",null,"R","$","E","B"],"character_chosen":"THE_SILENT","items_purchased":["Noxious Fumes","Dodge and Roll"],"campfire_rested":2,"item_purchase_floors":[10,10],"current_hp_per_floor":[70,56,56,56,49,49,49,49,49,49,49,49,51,53,53,20,70,57,57,57,40,42,53,53,53,53,53,50,43,45,47,47,40,70,65,65,65,64,64,64,63,65,65,65,67,69,55,55,70,35,70,70,70,63,0],"gold":17,"neow_bonus":"THREE_ENEMY_KILL","is_prod":false,"is_daily":false,"chose_seed":false,"campfire_upgraded":5,"win_rate":0,"timestamp":1550422037,"path_taken":["M","?","M","?","?","E","R","M","T","$","R","?","E","M","R","BOSS","M","?","?","M","M","E","R","E","T","?","E","M","M","?","R","BOSS","M","?","$","M","$","R","M","E","T","?","E","M","?","?","R","BOSS","R","$","E","BOSS"],"build_version":"2019-01-23","purchased_purges":2,"victory":false,"max_hp_per_floor":[70,70,70,70,70,70,70,70,70,70,70,70,70,70,70,70,70,70,70,70,70,70,70,70,70,70,70,70,70,70,70,70,70,70,70,70,70,70,70,70,70,70,70,70,70,70,70,70,70,70,70,70,70,70,70],"card_choices":[{"not_picked":["Crippling Poison","Distraction"],"picked":"Flying Knee","floor":1.0},{"not_picked":["Slice","Dagger Throw"],"picked":"Deadly Poison","floor":3.0},{"not_picked":["Night Terror","Distraction"],"picked":"Dodge and Roll","floor":6.0},{"not_picked":["Outmaneuver","Riddle With Holes","Calculated Gamble"],"picked":"SKIP","floor":8.0},{"not_picked":["Cloak And Dagger","Quick Slash"],"picked":"Blade Dance","floor":13.0},{"not_picked":["Distraction","Deadly Poison"],"picked":"PiercingWail","floor":14.0},{"not_picked":["Phantasmal Killer","Storm of Steel"],"picked":"Adrenaline","floor":16.0},{"not_picked":["Expertise+1","Slice"],"picked":"Well Laid Plans","floor":18.0},{"not_picked":["Riddle With Holes+1","Quick Slash"],"picked":"Dagger Spray","floor":21.0},{"not_picked":["Flying Knee+1","All Out Attack","Quick Slash+1"],"picked":"SKIP","floor":22.0},{"not_picked":["Crippling Poison","Accuracy"],"picked":"Die Die Die","floor":23.0},{"not_picked":["Skewer","Escape Plan","All Out Attack"],"picked":"SKIP","floor":25.0},{"not_picked":["Finisher","Deadly Poison"],"picked":"Footwork","floor":28.0},{"not_picked":["Slice","Flechettes","Accuracy"],"picked":"SKIP","floor":29.0},{"not_picked":["Bane","Skewer"],"picked":"Bouncing Flask+1","floor":30.0},{"not_picked":["Deadly Poison+1","Quick Slash","Well Laid Plans"],"picked":"SKIP","floor":31.0},{"not_picked":["Glass Knife","Envenom"],"picked":"Tools of the Trade","floor":33.0},{"not_picked":["Blade Dance+1","Reflex+1","Escape Plan+1"],"picked":"SKIP","floor":35.0},{"not_picked":["Flying Knee+1","Bane"],"picked":"Bouncing Flask+1","floor":38.0},{"not_picked":["PiercingWail+1","Poisoned Stab"],"picked":"Backflip+1","floor":41.0},{"not_picked":["Accuracy","Finisher","Calculated Gamble+1"],"picked":"SKIP","floor":42.0},{"not_picked":["Quick Slash+1","Acrobatics+1","Flying Knee+1"],"picked":"SKIP","floor":45.0},{"not_picked":["Dagger Spray","Well Laid Plans+1"],"picked":"Noxious Fumes+1","floor":46.0},{"not_picked":["Acrobatics+1","Underhanded Strike+1","Poisoned Stab+1"],"picked":"SKIP","floor":47.0},{"not_picked":["All Out Attack","Dash","Envenom+1"],"picked":"SKIP","floor":54.0}],"player_experience":216087,"relics_obtained":[{"floor":6.0,"key":"PreservedInsect"},{"floor":9.0,"key":"Blood Vial"},{"floor":13.0,"key":"Bronze Scales"},{"floor":20.0,"key":"Shuriken"},{"floor":23.0,"key":"Unceasing Top"},{"floor":25.0,"key":"Anchor"},{"floor":26.0,"key":"Smiling Mask"},{"floor":27.0,"key":"Lantern"},{"floor":28.0,"key":"Toxic Egg 2"},{"floor":42.0,"key":"Frozen Egg 2"},{"floor":45.0,"key":"Bottled Tornado"},{"floor":54.0,"key":"Oddly Smooth Stone"}],"event_choices":[{"damage_healed":0.0,"max_hp_gain":0.0,"max_hp_loss":0.0,"gold_gain":0.0,"event_name":"Shining Light","player_choice":"Entered Light","floor":2.0,"gold_loss":0.0,"damage_taken":14.0,"cards_upgraded":["Strike_G","Defend_G"]},{"cards_removed":["Strike_G"],"damage_healed":0.0,"max_hp_gain":0.0,"max_hp_loss":0.0,"gold_gain":0.0,"event_name":"Living Wall","player_choice":"Forget","floor":4.0,"gold_loss":0.0,"damage_taken":0.0},{"cards_removed":["Strike_G"],"damage_healed":0.0,"max_hp_gain":0.0,"max_hp_loss":0.0,"gold_gain":0.0,"event_name":"Golden Wing","player_choice":"Card Removal","floor":5.0,"gold_loss":0.0,"damage_taken":7.0},{"damage_healed":0.0,"max_hp_gain":0.0,"max_hp_loss":0.0,"gold_gain":0.0,"event_name":"The Cleric","player_choice":"Leave","floor":12.0,"gold_loss":0.0,"damage_taken":0.0},{"damage_healed":0.0,"max_hp_gain":0.0,"max_hp_loss":0.0,"gold_gain":0.0,"event_name":"Vampires","player_choice":"Ignored","floor":19.0,"gold_loss":0.0,"damage_taken":0.0},{"damage_healed":0.0,"max_hp_gain":0.0,"max_hp_loss":0.0,"gold_gain":0.0,"event_name":"Tomb of Lord Red Mask","player_choice":"Ignored","floor":36.0,"gold_loss":0.0,"damage_taken":0.0},{"damage_healed":0.0,"max_hp_gain":0.0,"max_hp_loss":0.0,"gold_gain":100.0,"event_name":"Golden Shrine","player_choice":"Pray","floor":44.0,"gold_loss":0.0,"damage_taken":0.0},{"cards_removed":["Defend_G"],"damage_healed":0.0,"max_hp_gain":0.0,"max_hp_loss":0.0,"gold_gain":0.0,"event_name":"Falling","player_choice":"Removed Skill","floor":48.0,"gold_loss":0.0,"damage_taken":0.0}],"is_beta":false,"boss_relics":[{"not_picked":["Coffee Dripper","Tiny House"],"picked":"Ectoplasm"},{"not_picked":["Lizard Tail","White Beast Statue"],"picked":"Fusion Hammer"}],"items_purged_floors":[10,37],"is_endless":false,"potions_floor_spawned":[6,13,14,21,29,30,35,41,42,47],"killed_by":"The Heart","ascension_level":2}