{"gold_per_floor":[212,226,237,249,265,265,293,293,316,347,347,347,364,423,423,498,498,517,537,16,16,16,16,48,48,73,90,90,90,103,136,136,209,209,227,153,153,113,129,129,143,163,186,197,16,51,69,87,87,87],"floor_reached":50,"playtime":2624,"items_purged":[],"score":1123,"play_id":"3a75d38b-4860-4675-8041-cbe3c11d74ca","local_time":"20190209105751","is_ascension_mode":true,"campfire_choices":[{"data":"Streamline","floor":6.0,"key":"SMITH"},{"floor":8.0,"key":"REST"},{"data":"Zap","floor":12.0,"key":"SMITH"},{"floor":15.0,"key":"REST"},{"floor":23.0,"key":"REST"},{"floor":28.0,"key":"REST"},{"floor":32.0,"key":"REST"},{"data":"Defragment","floor":40.0,"key":"SMITH"},{"data":"Fission","floor":49,"key":"SMITH"}],"neow_cost":"NONE","seed_source_timestamp":2595023269658748,"circlet_count":0,"master_deck":["AscendersBane","Zap+1","Dualcast","Beam Cell","FTL","Streamline+1","Coolheaded+1","Conserve Battery","Sunder","Go for the Eyes","White Noise","Defragment+1","Fission+1","Coolheaded","Echo Form","Fission","Buffer","Coolheaded","Multi-Cast+1","Streamline","Conserve Battery","Defragment","Streamline","Steam","Reinforced Body","Sweeping Beam","Conserve Battery","Undo+1","Echo Form","Capacitor","Echo Form","Undo","Cold Snap+1","Compile Driver+1","Chill","Capacitor","Consume"],"special_seed":0,"relics":["Cracked Core","Symbiotic Virus","Omamori","Bronze Scales","Pen Nib","Pandora\u0027s Box","Anchor","Mango","Necronomicon","Lantern","DataDisk","War Paint","Philosopher\u0027s Stone","Ancient Tea Set","Pantograph"],"potions_floor_usage":[48,50],"damage_taken":[{"damage":0.0,"enemies":"Cultist","floor":1.0,"turns":3.0},{"damage":5.0,"enemies":"2 Louse","floor":2.0,"turns":2.0},{"damage":0.0,"enemies":"Small Slimes","floor":3.0,"turns":2.0},{"damage":6.0,"enemies":"2 Fungi Beasts","floor":4.0,"turns":3.0},{"damage":19.0,"enemies":"Exordium Wildlife","floor":5.0,"turns":6.0},{"damage":14.0,"enemies":"Lagavulin","floor":7.0,"turns":6.0},{"damage":6.0,"enemies":"Gremlin Nob","floor":10.0,"turns":3.0},{"damage":13.0,"enemies":"Large Slime","floor":13.0,"turns":4.0},{"damage":14.0,"enemies":"3 Sentries","floor":14.0,"turns":4.0},{"damage":23.0,"enemies":"The Guardian","floor":16.0,"turns":10.0},{"damage":21.0,"enemies":"Shell Parasite","floor":18.0,"turns":3.0},{"damage":0.0,"enemies":"Chosen","floor":19.0,"turns":3.0},{"damage":28.0,"enemies":"Slavers","floor":24.0,"turns":6.0},{"damage":9.0,"enemies":"Shelled Parasite and Fungi","floor":27.0,"turns":3.0},{"damage":5.0,"enemies":"Snake Plant","floor":30.0,"turns":4.0},{"damage":1.0,"enemies":"Book of Stabbing","floor":31.0,"turns":3.0},{"damage":17.0,"enemies":"Champ","floor":33.0,"turns":10.0},{"damage":16.0,"enemies":"3 Darklings","floor":35.0,"turns":3.0},{"damage":0.0,"enemies":"Orb Walker","floor":39.0,"turns":3.0},{"damage":0.0,"enemies":"Maw","floor":41.0,"turns":6.0},{"damage":7.0,"enemies":"Spire Growth","floor":42.0,"turns":6.0},{"damage":4.0,"enemies":"Transient","floor":44.0,"turns":6.0},{"damage":0.0,"enemies":"Reptomancer","floor":46.0,"turns":12.0},{"damage":0.0,"enemies":"Sphere and 2 Shapes","floor":47.0,"turns":4.0},{"damage":7,"enemies":"3 Darklings","floor":48,"turns":8},{"damage":80,"enemies":"Awakened One","floor":50,"turns":6}],"seed_played":"6933950271554794903","potions_obtained":[{"floor":1.0,"key":"Swift Potion"},{"floor":5.0,"key":"Energy Potion"},{"floor":10.0,"key":"Ancient Potion"},{"floor":13.0,"key":"Ancient Potion"},{"floor":14.0,"key":"SpeedPotion"},{"floor":24.0,"key":"FairyPotion"},{"floor":30.0,"key":"EntropicBrew"},{"floor":31.0,"key":"Regen Potion"},{"floor":33.0,"key":"SteroidPotion"}],"is_trial":false,"path_per_floor":["M","M","M","M","M","R","E","R","T","E","?","R","M","?","R","B",null,"M","M","$","?","?","R","E","?","T","M","R","?","M","E","R","B",null,"M","$","?","$","M","R","M","M","T","M","$","E","M","M","R","B"],"character_chosen":"DEFECT","items_purchased":["Defragment","Anchor","Mango","Capacitor","Undo","Chill","Capacitor","Fire Potion"],"campfire_rested":5,"item_purchase_floors":[20,20,20,36,38,45,45,45],"current_hp_per_floor":[64,59,59,53,34,34,20,41,41,35,35,35,22,8,29,6,55,34,34,48,27,27,52,24,24,24,15,40,40,35,34,59,42,74,58,58,58,58,58,58,58,66,66,62,62,62,62,55,55,0],"gold":87,"neow_bonus":"HUNDRED_GOLD","is_prod":false,"is_daily":false,"chose_seed":false,"campfire_upgraded":4,"win_rate":0,"timestamp":1549727871,"path_taken":["M","?","M","?","M","R","E","R","T","E","?","R","M","?","R","BOSS","M","M","$","?","?","R","E","?","T","M","R","?","?","E","R","BOSS","M","$","?","$","M","R","M","M","T","?","?","E","?","M","R","BOSS"],"build_version":"2019-01-23","purchased_purges":0,"victory":false,"max_hp_per_floor":[71,71,71,71,71,71,71,71,71,71,71,71,71,71,71,71,71,71,71,85,85,85,85,85,85,85,85,85,85,85,85,85,85,85,85,85,85,85,85,85,85,85,85,85,85,85,85,85,85,85],"card_choices":[{"not_picked":["Lockon","Hologram"],"picked":"Beam Cell","floor":1.0},{"not_picked":["Sweeping Beam","Auto Shields"],"picked":"FTL","floor":2.0},{"not_picked":["Hologram","Rebound"],"picked":"Streamline","floor":3.0},{"not_picked":["Barrage","Sweeping Beam"],"picked":"Coolheaded","floor":4.0},{"not_picked":["Consume","Biased Cognition"],"picked":"Conserve Battery","floor":5.0},{"not_picked":["Barrage","Steam"],"picked":"Sunder","floor":7.0},{"not_picked":["Hologram","Stack"],"picked":"Go for the Eyes","floor":10.0},{"not_picked":["Sweeping Beam","Steam"],"picked":"White Noise","floor":13.0},{"not_picked":["Ball Lightning","Aggregate"],"picked":"Defragment","floor":14.0},{"not_picked":["Creative AI","Amplify"],"picked":"Fission","floor":16.0},{"not_picked":["Steam","Gash+1"],"picked":"Streamline","floor":18.0},{"not_picked":["Go for the Eyes","Machine Learning"],"picked":"Conserve Battery","floor":19.0},{"not_picked":["Beam Cell","Barrage"],"picked":"Streamline","floor":24.0},{"not_picked":["Beam Cell","Auto Shields"],"picked":"Reinforced Body","floor":27.0},{"not_picked":["Hello World","Ball Lightning"],"picked":"Conserve Battery","floor":30.0},{"not_picked":["Hello World","Ball Lightning"],"picked":"Undo+1","floor":31.0},{"not_picked":["Creative AI","Biased Cognition"],"picked":"Echo Form","floor":33.0},{"not_picked":["Melter","Coolheaded","Chaos"],"picked":"SKIP","floor":35.0},{"not_picked":["Aggregate","Ball Lightning","Conserve Battery"],"picked":"SKIP","floor":39.0},{"not_picked":["Reinforced Body","Hologram"],"picked":"Cold Snap+1","floor":41.0},{"not_picked":["Stack","Darkness","Redo"],"picked":"SKIP","floor":42.0},{"not_picked":["Steam","Loop+1"],"picked":"Compile Driver+1","floor":44.0},{"not_picked":["Steam","Chill"],"picked":"Consume","floor":46.0},{"not_picked":["Redo","Steam","Lockon+1"],"picked":"SKIP","floor":47.0},{"not_picked":["Recycle","Loop","Blizzard"],"picked":"SKIP","floor":48}],"player_experience":907510,"relics_obtained":[{"floor":7.0,"key":"Symbiotic Virus"},{"floor":9.0,"key":"Omamori"},{"floor":10.0,"key":"Bronze Scales"},{"floor":14.0,"key":"Pen Nib"},{"floor":21.0,"key":"Necronomicon"},{"floor":24.0,"key":"Lantern"},{"floor":26.0,"key":"DataDisk"},{"floor":31.0,"key":"War Paint"},{"floor":43.0,"key":"Ancient Tea Set"},{"floor":46.0,"key":"Pantograph"}],"event_choices":[{"damage_healed":0.0,"max_hp_gain":0.0,"max_hp_loss":0.0,"gold_gain":0.0,"event_name":"Liars Game","player_choice":"Ignored","floor":11.0,"gold_loss":0.0,"damage_taken":0.0},{"damage_healed":0.0,"max_hp_gain":0.0,"max_hp_loss":0.0,"gold_gain":30.0,"event_name":"Dead Adventurer","player_choice":"Searched \u00273\u0027 times","floor":14.0,"gold_loss":0.0,"damage_taken":0.0},{"damage_healed":0.0,"max_hp_gain":0.0,"max_hp_loss":0.0,"gold_gain":0.0,"event_name":"Cursed Tome","player_choice":"Obtained Book","floor":21.0,"gold_loss":0.0,"damage_taken":21.0},{"damage_healed":0.0,"max_hp_gain":0.0,"max_hp_loss":0.0,"gold_gain":0.0,"event_name":"Vampires","player_choice":"Ignored","floor":22.0,"gold_loss":0.0,"damage_taken":0.0},{"damage_healed":0.0,"max_hp_gain":0.0,"max_hp_loss":0.0,"gold_gain":0.0,"cards_transformed":["Hello World","Aggregate"],"event_name":"Drug Dealer","player_choice":"Became Test Subject","floor":25.0,"gold_loss":0.0,"damage_taken":0.0,"cards_obtained":["Steam","Storm"]},{"damage_healed":0.0,"max_hp_gain":0.0,"max_hp_loss":0.0,"gold_gain":0.0,"cards_transformed":["Storm"],"event_name":"Transmorgrifier","player_choice":"Transformed","floor":29.0,"gold_loss":0.0,"damage_taken":0.0,"cards_obtained":["Sweeping Beam"]},{"damage_healed":0.0,"max_hp_gain":0.0,"max_hp_loss":0.0,"gold_gain":0.0,"event_name":"Duplicator","player_choice":"Copied","floor":37.0,"gold_loss":0.0,"damage_taken":0.0,"cards_obtained":["Echo Form"]}],"is_beta":false,"boss_relics":[{"not_picked":["Lizard Tail","Cursed Key"],"picked":"Pandora\u0027s Box"},{"not_picked":["Eternal Feather","Inserter"],"picked":"Philosopher\u0027s Stone"}],"items_purged_floors":[],"is_endless":false,"potions_floor_spawned":[1,5,10,13,14,24,30,31,33,39,41,47],"killed_by":"Awakened One","ascension_level":20}