{"gold_per_floor":[113,132,132,151,101,101,10,43,43,43,43,43,70,87,87,184,234,251,264,179,104,114,114,114,142,142,142,0,11,11,31,31,135,135,153,171,81,93,18,50,50,76,146,146,161,161,13,13,13,13,13,13,13,43,43],"floor_reached":56,"playtime":4464,"items_purged":["Anger+1"],"score":1305,"play_id":"9071b7c9-ffdb-4490-95fe-f291b53c408d","local_time":"20190123073244","is_ascension_mode":true,"campfire_choices":[{"data":"Uppercut","floor":6,"key":"SMITH"},{"data":"Discovery","floor":10,"key":"SMITH"},{"data":"Feel No Pain","floor":12,"key":"SMITH"},{"data":"Armaments","floor":15,"key":"SMITH"},{"floor":23,"key":"REST"},{"data":"Barricade","floor":32,"key":"SMITH"},{"floor":41,"key":"REST"},{"floor":46,"key":"RECALL"},{"data":"Berserk","floor":49,"key":"SMITH"},{"data":"Impervious","floor":52,"key":"SMITH"}],"neow_cost":"NONE","seed_source_timestamp":3265753210812863,"circlet_count":0,"master_deck":["Strike_R+1","Defend_R","Defend_R","Defend_R","Defend_R","Bash","Feel No Pain+1","Uppercut+1","Shrug It Off","Discovery+1","Clothesline","Armaments+1","Barricade+1","Havoc","Warcry","Flame Barrier","Impervious+1","Dark Embrace","Power Through","Power Through","True Grit+1","Juggernaut+1","Body Slam+1","Uppercut","Ghostly Armor+1","Berserk+1","True Grit+1"],"relics":["Burning Blood","Ancient Tea Set","Bottled Lightning","Letter Opener","Question Card","Ginger","Tiny House","Pantograph","Nilry\u0027s Codex","Champion Belt","Snecko Eye","Singing Bowl","Blue Candle","Toxic Egg 2","Happy Flower","Ice Cream"],"potions_floor_usage":[8,25,30,55,55],"damage_taken":[{"damage":6,"enemies":"Jaw Worm","floor":1,"turns":3},{"damage":5,"enemies":"Cultist","floor":2,"turns":4},{"damage":5,"enemies":"2 Louse","floor":4,"turns":3},{"damage":45,"enemies":"Lagavulin","floor":8,"turns":11},{"damage":10,"enemies":"Gremlin Nob","floor":13,"turns":3},{"damage":0,"enemies":"2 Fungi Beasts","floor":14,"turns":2},{"damage":24,"enemies":"Slime Boss","floor":16,"turns":8},{"damage":21,"enemies":"3 Byrds","floor":18,"turns":9},{"damage":6,"enemies":"Chosen","floor":19,"turns":6},{"damage":21,"enemies":"Snecko","floor":22,"turns":8},{"damage":22,"enemies":"Gremlin Leader","floor":25,"turns":12},{"damage":27,"enemies":"Shelled Parasite and Fungi","floor":29,"turns":8},{"damage":17,"enemies":"Colosseum Slavers","floor":30,"turns":6},{"damage":0,"enemies":"Snake Plant","floor":31,"turns":8},{"damage":2,"enemies":"Champ","floor":33,"turns":13},{"damage":0,"enemies":"Orb Walker","floor":35,"turns":5},{"damage":19,"enemies":"3 Darklings","floor":36,"turns":7},{"damage":0,"enemies":"Spire Growth","floor":38,"turns":4},{"damage":77,"enemies":"Reptomancer","floor":40,"turns":13},{"damage":0,"enemies":"Nemesis","floor":42,"turns":5},{"damage":3,"enemies":"Sphere and 2 Shapes","floor":45,"turns":4},{"damage":14,"enemies":"Donu and Deca","floor":50,"turns":11},{"damage":9,"enemies":"Shield and Spear","floor":54,"turns":8},{"damage":25,"enemies":"The Heart","floor":55,"turns":9}],"seed_played":"8985091159413504466","potions_obtained":[{"floor":4,"key":"BloodPotion"},{"floor":17,"key":"FearPotion"},{"floor":22,"key":"LiquidBronze"},{"floor":31,"key":"Strength Potion"},{"floor":40,"key":"PowerPotion"},{"floor":42,"key":"Swift Potion"}],"is_trial":false,"path_per_floor":["?","M","T","?","?","M","?","?","?","M","?","?","M","?","?"],"character_chosen":"IRONCLAD","items_purchased":["Shrug It Off","Discovery","Happy Flower"],"campfire_rested":2,"item_purchase_floors":[5,7,47],"current_hp_per_floor":[80,80,80,80,80,80,80,49,49,49,49,49,45,51,51,33,85,70,70,70,70,55,80,64,48,48,48,48,27,16,22,22,51,85,85,72,72,78,78,7,32,38,38,38,43,43,43,43,43,60,87,87,87,84,68],"gold":43,"neow_bonus":"RANDOM_COMMON_RELIC","is_prod":false,"is_daily":false,"chose_seed":false,"campfire_upgraded":7,"win_rate":0,"timestamp":1548246764,"path_taken":["M","M","?","?","$","R","$","E","T","R","?","R","E","M","R","BOSS","M","M","?","?","?","R","?","E","T","?","?","?","?","M","R","BOSS","M","M","?","?","$","E","R","E","T","?","M","R","$","?","R","BOSS","R","$","E","BOSS"],"build_version":"2019-01-22","purchased_purges":1,"victory":true,"max_hp_per_floor":[80,80,80,80,80,80,80,80,80,80,80,80,80,80,80,80,85,85,85,85,85,85,85,85,85,85,85,85,85,85,85,85,85,85,85,85,85,85,85,85,85,85,85,85,87,87,87,87,87,87,87,87,87,87,87],"card_choices":[{"not_picked":["Twin Strike","Headbutt"],"picked":"Feel No Pain","floor":1},{"not_picked":["Iron Wave","Flex"],"picked":"Thunderclap","floor":2},{"not_picked":["Flex","Twin Strike"],"picked":"Uppercut","floor":4},{"not_picked":["Perfected Strike","Flex"],"picked":"Clothesline","floor":8},{"not_picked":["Double Tap","Cleave","Clash"],"picked":"Anger","floor":13},{"not_picked":["Fire Breathing","Flame Barrier","Clothesline"],"picked":"Armaments","floor":14},{"not_picked":["Fiend Fire","Double Tap","Bludgeon"],"picked":"Barricade","floor":16},{"not_picked":["Pommel Strike","Warcry","Headbutt"],"picked":"Havoc","floor":17},{"not_picked":["Flex","Armaments","Perfected Strike"],"picked":"Warcry","floor":18},{"not_picked":["Cleave","Wild Strike","Armaments+1"],"picked":"Flame Barrier","floor":19},{"not_picked":["Shrug It Off","Wild Strike+1","Heavy Blade"],"picked":"Impervious","floor":22},{"not_picked":["Clash","Heavy Blade","Intimidate"],"picked":"Anger+1","floor":25},{"not_picked":["True Grit","Metallicize","Spot Weakness"],"picked":"Power Through","floor":29},{"not_picked":["Havoc","Clothesline","Cleave+1"],"picked":"True Grit+1","floor":31},{"not_picked":["Berserk","Impervious","Barricade"],"picked":"Juggernaut","floor":33},{"not_picked":["Intimidate","True Grit","Spot Weakness"],"picked":"Body Slam+1","floor":35},{"not_picked":["Thunderclap","Feel No Pain+1","Infernal Blade"],"picked":"Uppercut","floor":36},{"not_picked":["Flex","Sword Boomerang","Pommel Strike+1","True Grit"],"picked":"SKIP","floor":38},{"not_picked":["Pommel Strike","True Grit","Rupture+1"],"picked":"Ghostly Armor+1","floor":40},{"not_picked":["Cleave","Twin Strike+1","Warcry"],"picked":"Berserk","floor":42},{"not_picked":["Armaments+1","Perfected Strike+1","Ghostly Armor+1","Shrug It Off+1"],"picked":"Singing Bowl","floor":45},{"not_picked":["Rage+1","Havoc+1","Armaments+1"],"picked":"True Grit+1","floor":54}],"player_experience":4168093,"relics_obtained":[{"floor":8,"key":"Bottled Lightning"},{"floor":9,"key":"Letter Opener"},{"floor":11,"key":"Question Card"},{"floor":13,"key":"Ginger"},{"floor":24,"key":"Nilry\u0027s Codex"},{"floor":25,"key":"Champion Belt"},{"floor":40,"key":"Singing Bowl"},{"floor":42,"key":"Blue Candle"},{"floor":43,"key":"Toxic Egg 2"},{"floor":54,"key":"Ice Cream"}],"event_choices":[{"cards_removed":["Strike_R"],"damage_healed":0,"gold_gain":0,"player_choice":"Offered Basic","damage_taken":0,"max_hp_gain":0,"max_hp_loss":0,"event_name":"Bonfire Elementals","floor":3,"gold_loss":0},{"damage_healed":0,"gold_gain":0,"player_choice":"Obtained Relic","damage_taken":0,"relics_obtained":["Pantograph"],"max_hp_gain":0,"max_hp_loss":0,"event_name":"Addict","floor":20,"gold_loss":85},{"cards_removed":["Strike_R"],"damage_healed":0,"gold_gain":0,"player_choice":"Gave Gold","damage_taken":0,"max_hp_gain":0,"max_hp_loss":0,"event_name":"Beggar","floor":21,"gold_loss":75},{"damage_healed":0,"gold_gain":0,"player_choice":"Obtained Book","damage_taken":16,"max_hp_gain":0,"max_hp_loss":0,"event_name":"Cursed Tome","floor":24,"gold_loss":0},{"damage_healed":0,"gold_gain":0,"cards_transformed":["Strike_R","Strike_R"],"player_choice":"Became Test Subject","damage_taken":0,"max_hp_gain":0,"max_hp_loss":0,"event_name":"Drug Dealer","floor":27,"gold_loss":0,"cards_obtained":["Dark Embrace","Power Through"]},{"damage_healed":0,"gold_gain":0,"player_choice":"Paid Fearfully","damage_taken":0,"max_hp_gain":0,"max_hp_loss":0,"event_name":"Masked Bandits","floor":28,"gold_loss":142},{"damage_healed":0,"gold_gain":0,"player_choice":"Fight","damage_taken":0,"max_hp_gain":0,"max_hp_loss":0,"event_name":"Colosseum","floor":30,"gold_loss":0},{"damage_healed":0,"gold_gain":0,"player_choice":"Fled From Nobs","damage_taken":0,"max_hp_gain":0,"max_hp_loss":0,"event_name":"Colosseum","floor":30,"gold_loss":0},{"cards_removed":["Anger"],"damage_healed":0,"gold_gain":0,"player_choice":"Upgrade and Remove","damage_taken":0,"max_hp_gain":0,"max_hp_loss":0,"event_name":"Designer","floor":37,"gold_loss":90,"cards_upgraded":["Juggernaut"]},{"damage_healed":0,"gold_gain":0,"player_choice":"Ignored","damage_taken":0,"max_hp_gain":0,"max_hp_loss":0,"event_name":"Mysterious Sphere","floor":44,"gold_loss":0},{"cards_removed":["Thunderclap"],"damage_healed":0,"gold_gain":0,"player_choice":"Removed Attack","damage_taken":0,"max_hp_gain":0,"max_hp_loss":0,"event_name":"Falling","floor":48,"gold_loss":0}],"is_beta":true,"boss_relics":[{"not_picked":["Eternal Feather","Runic Cube"],"picked":"Tiny House"},{"not_picked":["White Beast Statue","Pandora\u0027s Box"],"picked":"Snecko Eye"}],"items_purged_floors":[39],"is_endless":false,"potions_floor_spawned":[4,22,30,31,40,42],"ascension_level":1}