{"gold_per_floor":[119,119,119,131,142,176,192,6,76,110,136,136,136,148,148,148],"floor_reached":16,"playtime":964,"items_purged":[],"score":129,"play_id":"a4c5a1d5-3977-4d7f-baa3-4fb7bf17a976","local_time":"20190215005537","is_ascension_mode":true,"campfire_choices":[{"data":"1","floor":13,"key":"LIFT"},{"floor":15,"key":"REST"}],"neow_cost":"NONE","seed_source_timestamp":9701686622193,"circlet_count":0,"master_deck":["Defend_G+1","Defend_G","Defend_G","Defend_G","Strike_G","Strike_G+1","Strike_G","Strike_G","Strike_G","Survivor","Neutralize","Expertise","Cloak And Dagger","Cloak And Dagger","Infinite Blades","Dash","Choke","Noxious Fumes","Grand Finale","Blade Dance","Footwork"],"relics":["Ring of the Snake","Girya","Lantern","Matryoshka","Juzu Bracelet","Dream Catcher","Smiling Mask"],"potions_floor_usage":[10,12],"damage_taken":[{"damage":0,"enemies":"2 Louse","floor":1,"turns":3},{"damage":0,"enemies":"Small Slimes","floor":4,"turns":3},{"damage":3,"enemies":"Jaw Worm","floor":5,"turns":5},{"damage":22,"enemies":"3 Sentries","floor":6,"turns":9},{"damage":1,"enemies":"Looter","floor":7,"turns":4},{"damage":25,"enemies":"Lagavulin","floor":10,"turns":7},{"damage":0,"enemies":"Exordium Thugs","floor":12,"turns":1},{"damage":0,"enemies":"Gremlin Gang","floor":14,"turns":4},{"damage":26,"enemies":"Hexaghost","floor":16,"turns":12}],"seed_played":"-4258761395683744182","potions_obtained":[{"floor":4,"key":"Block Potion"},{"floor":5,"key":"SmokeBomb"}],"is_trial":false,"path_per_floor":["M","?","?","M","M","E","M","$","T","E","T","M","R","M","R","B"],"character_chosen":"THE_SILENT","items_purchased":["Lantern","Noxious Fumes"],"campfire_rested":1,"item_purchase_floors":[8,8],"current_hp_per_floor":[70,56,56,56,53,31,30,30,30,5,5,5,5,5,26,0],"gold":148,"neow_bonus":"TRANSFORM_CARD","is_prod":false,"is_daily":false,"chose_seed":false,"campfire_upgraded":0,"win_rate":0,"timestamp":1550220937,"path_taken":["M","?","?","M","M","E","M","$","T","E","?","M","R","M","R","BOSS"],"build_version":"2019-01-23","purchased_purges":0,"victory":false,"max_hp_per_floor":[70,70,70,70,70,70,70,70,70,70,70,70,70,70,70,70],"card_choices":[{"not_picked":["Deflect","Endless Agony"],"picked":"Cloak And Dagger","floor":1},{"not_picked":["Eviscerate","Distraction"],"picked":"Cloak And Dagger","floor":4},{"not_picked":["Sucker Punch","Leg Sweep"],"picked":"Infinite Blades","floor":5},{"not_picked":["Bane","Dagger Throw"],"picked":"Dash","floor":6},{"not_picked":["Cloak And Dagger","Blade Dance"],"picked":"Choke","floor":7},{"not_picked":["Quick Slash","Deflect"],"picked":"Grand Finale","floor":10},{"not_picked":["Noxious Fumes","Blur"],"picked":"Blade Dance","floor":14},{"not_picked":["Tactician","Deflect"],"picked":"Footwork","floor":15}],"player_experience":166961,"relics_obtained":[{"floor":6,"key":"Girya"},{"floor":9,"key":"Matryoshka"},{"floor":10,"key":"Juzu Bracelet"},{"floor":11,"key":"Dream Catcher"},{"floor":11,"key":"Smiling Mask"}],"event_choices":[{"damage_healed":0,"gold_gain":0,"player_choice":"Entered Light","damage_taken":14,"max_hp_gain":0,"max_hp_loss":0,"event_name":"Shining Light","floor":2,"gold_loss":0,"cards_upgraded":["Defend_G","Strike_G"]},{"damage_healed":0,"gold_gain":0,"player_choice":"Ignored","damage_taken":0,"max_hp_gain":0,"max_hp_loss":0,"event_name":"Liars Game","floor":3,"gold_loss":0}],"is_beta":false,"boss_relics":[],"items_purged_floors":[],"is_endless":false,"potions_floor_spawned":[4,5,12],"killed_by":"Hexaghost","ascension_level":3}