{"gold_per_floor":[115,115,115,127,127,159,173,237,237,17,31,51,83,101,101,199,199,217,142,152,152,170,197,197,228,280,480,0,15,28,60,60,161,161,179,98,110,110,123,157,157,184,184,184,209,227,227,257,257,257],"floor_reached":51,"playtime":4144,"items_purged":["Strike_B","Strike_B+1"],"score":1010,"play_id":"5ff54110-0725-4c38-9d23-4a2436e192a7","local_time":"20190223001113","is_ascension_mode":true,"campfire_choices":[{"data":"Conserve Battery","floor":15.0,"key":"SMITH"},{"data":"Coolheaded","floor":24.0,"key":"SMITH"},{"data":"Loop","floor":32.0,"key":"SMITH"},{"floor":47.0,"key":"REST"},{"floor":49,"key":"REST"}],"neow_cost":"NONE","seed_source_timestamp":27963141871253,"circlet_count":0,"master_deck":["Strike_B+1","Defend_B+1","Defend_B+1","Defend_B+1","Zap+1","Dualcast","Sweeping Beam","Conserve Battery+1","Glacier","Streamline","Coolheaded+1","Leap+1","BootSequence+1","Genetic Algorithm+1","Blizzard+1","Core Surge+1","Self Repair","Coolheaded+1","Compile Driver+1","Coolheaded+1","Ball Lightning+1","Loop+1","Ball Lightning+1","Consume+1","Hologram+1","Echo Form","White Noise+1","White Noise+1","Madness+1","Madness+1","Machine Learning","Buffer"],"special_seed":0,"relics":["Cracked Core","NeowsBlessing","Question Card","Ginger","Toxic Egg 2","Lantern","Molten Egg 2","Sozu","Kunai","Ornamental Fan","Bag of Preparation","StoneCalendar","Pear","Black Star","Unceasing Top","Ancient Tea Set","Potion Belt","Omamori","Emotion Chip","Cables","Oddly Smooth Stone","Orichalcum","Bottled Flame"],"potions_floor_usage":[48],"damage_taken":[{"damage":0.0,"enemies":"Jaw Worm","floor":1.0,"turns":1.0},{"damage":0.0,"enemies":"Small Slimes","floor":4.0,"turns":1.0},{"damage":0.0,"enemies":"3 Sentries","floor":6.0,"turns":1.0},{"damage":0.0,"enemies":"Cultist","floor":7.0,"turns":3.0},{"damage":20.0,"enemies":"3 Sentries","floor":8.0,"turns":6.0},{"damage":2.0,"enemies":"Looter","floor":11.0,"turns":3.0},{"damage":0.0,"enemies":"3 Louse","floor":12.0,"turns":3.0},{"damage":0.0,"enemies":"Lagavulin","floor":13.0,"turns":10.0},{"damage":4.0,"enemies":"Exordium Thugs","floor":14.0,"turns":7.0},{"damage":16.0,"enemies":"The Guardian","floor":16.0,"turns":15.0},{"damage":0.0,"enemies":"Chosen","floor":18.0,"turns":6.0},{"damage":1.0,"enemies":"Shell Parasite","floor":20.0,"turns":9.0},{"damage":0.0,"enemies":"Centurion and Healer","floor":22.0,"turns":10.0},{"damage":6.0,"enemies":"Slavers","floor":23.0,"turns":5.0},{"damage":14.0,"enemies":"Gremlin Leader","floor":25.0,"turns":9.0},{"damage":0.0,"enemies":"Cultist and Chosen","floor":29.0,"turns":7.0},{"damage":0.0,"enemies":"Shelled Parasite and Fungi","floor":30.0,"turns":7.0},{"damage":10.0,"enemies":"Slavers","floor":31.0,"turns":7.0},{"damage":6.0,"enemies":"Automaton","floor":33.0,"turns":10.0},{"damage":5.0,"enemies":"3 Darklings","floor":35.0,"turns":7.0},{"damage":0.0,"enemies":"3 Shapes","floor":37.0,"turns":6.0},{"damage":0.0,"enemies":"3 Darklings","floor":39.0,"turns":7.0},{"damage":16.0,"enemies":"Giant Head","floor":40.0,"turns":10.0},{"damage":20.0,"enemies":"Nemesis","floor":42.0,"turns":9.0},{"damage":36.0,"enemies":"Reptomancer","floor":45.0,"turns":8.0},{"damage":11.0,"enemies":"Sphere and 2 Shapes","floor":46.0,"turns":3.0},{"damage":18,"enemies":"Nemesis","floor":48,"turns":7},{"damage":34,"enemies":"Awakened One","floor":50,"turns":21}],"seed_played":"-3548581450880421495","potions_obtained":[{"floor":4.0,"key":"Strength Potion"},{"floor":11.0,"key":"Weak Potion"},{"floor":12.0,"key":"SteroidPotion"},{"floor":16.0,"key":"Weak Potion"}],"is_trial":false,"path_per_floor":["M","?","?","M","?","E","M","?","T","$","M","M","E","M","R","B",null,"M","?","M","?","M","E","R","E","T","?","$","M","M","E","R","B",null,"M","$","M","$","M","E","?","E","T","?","E","M","R","E","R","B",null],"character_chosen":"DEFECT","items_purchased":["Lantern","Loop","StoneCalendar","Ball Lightning+1","White Noise+1"],"campfire_rested":2,"item_purchase_floors":[10,28,28,28,36],"current_hp_per_floor":[75,80,73,73,73,73,73,53,53,53,51,51,51,47,47,31,80,80,80,80,80,80,74,74,67,67,67,67,74,80,87,87,81,90,85,85,90,90,90,81,70,57,57,57,28,17,44,33,60,33],"gold":257,"neow_bonus":"THREE_ENEMY_KILL","is_prod":false,"is_daily":false,"chose_seed":false,"campfire_upgraded":3,"win_rate":0,"timestamp":1550877073,"path_taken":["M","?","?","M","?","E","?","?","T","$","M","M","E","M","R","BOSS","M","?","M","?","M","E","R","E","T","?","$","?","M","E","R","BOSS","M","$","?","$","M","E","?","E","T","?","E","M","R","E","R","BOSS"],"build_version":"2019-01-23","purchased_purges":2,"victory":true,"max_hp_per_floor":[75,80,80,80,80,80,80,80,80,80,80,80,80,80,80,80,80,80,80,80,80,80,80,80,80,80,80,80,80,80,90,90,90,90,90,90,90,90,90,90,90,90,90,90,90,90,90,90,90,90],"card_choices":[{"not_picked":["Chill","Compile Driver"],"picked":"Sweeping Beam","floor":1.0},{"not_picked":["Sweeping Beam","Reinforced Body"],"picked":"Conserve Battery","floor":4.0},{"not_picked":["White Noise","Redo"],"picked":"Glacier","floor":6.0},{"not_picked":["Hologram","Coolheaded","Auto Shields"],"picked":"Streamline","floor":7.0},{"not_picked":["Cold Snap","Redo","Barrage"],"picked":"Coolheaded","floor":8.0},{"not_picked":["Beam Cell","Cold Snap","Scrape"],"picked":"Leap+1","floor":11.0},{"not_picked":["Beam Cell","Coolheaded+1","Leap+1"],"picked":"BootSequence+1","floor":12.0},{"not_picked":["Rainbow+1","Double Energy+1","Reprogram+1"],"picked":"Genetic Algorithm+1","floor":13.0},{"not_picked":["Beam Cell+1","Redo+1","Turbo+1"],"picked":"Blizzard+1","floor":14.0},{"not_picked":["Buffer","Meteor Strike+1","Machine Learning"],"picked":"Core Surge+1","floor":16.0},{"not_picked":["Compile Driver+1","Hello World","Rebound+1"],"picked":"Self Repair","floor":18.0},{"not_picked":["Recycle+1","Self Repair","Conserve Battery+1"],"picked":"Coolheaded+1","floor":20.0},{"not_picked":["Barrage+1","Redo+1","Rip and Tear+1"],"picked":"Compile Driver+1","floor":22.0},{"not_picked":["Beam Cell+1","Redo+1","Cold Snap+1"],"picked":"Coolheaded+1","floor":23.0},{"not_picked":["Recycle+1","Steam+1","Sweeping Beam+1"],"picked":"Ball Lightning+1","floor":25.0},{"not_picked":["Compile Driver+1","Redo+1","Leap+1","Reboot+1"],"picked":"SKIP","floor":29.0},{"not_picked":["Conserve Battery+1","Barrage+1","Coolheaded+1"],"picked":"Consume+1","floor":30.0},{"not_picked":["Ball Lightning+1","Sweeping Beam+1","Redo+1"],"picked":"Hologram+1","floor":31.0},{"not_picked":["Thunder Strike+1","Buffer","Seek+1"],"picked":"Echo Form","floor":33.0},{"not_picked":["Streamline+1","Conserve Battery+1","Force Field+1"],"picked":"White Noise+1","floor":35.0},{"not_picked":["Sweeping Beam+1","Darkness+1","Go for the Eyes+1","Hello World"],"picked":"SKIP","floor":37.0},{"not_picked":["Cold Snap+1","Self Repair","Gash+1","Stack+1"],"picked":"SKIP","floor":39.0},{"not_picked":["Steam+1","Scrape+1","Hologram+1","Conserve Battery+1"],"picked":"SKIP","floor":40.0},{"not_picked":["Steam+1","Scrape+1","Hologram+1","Conserve Battery+1"],"picked":"SKIP","floor":40.0},{"not_picked":["Scrape+1","Chaos+1","Blizzard+1"],"picked":"Machine Learning","floor":42.0},{"not_picked":["Fusion+1","Sweeping Beam+1","Gash+1","Lockon+1"],"picked":"SKIP","floor":45.0},{"not_picked":["Coolheaded+1","Cold Snap+1","Turbo+1","Stack+1"],"picked":"SKIP","floor":46.0},{"not_picked":["Go for the Eyes+1","Force Field+1","Doom and Gloom+1"],"picked":"Buffer","floor":48}],"player_experience":234619,"relics_obtained":[{"floor":6.0,"key":"Question Card"},{"floor":8.0,"key":"Ginger"},{"floor":9.0,"key":"Toxic Egg 2"},{"floor":13.0,"key":"Molten Egg 2"},{"floor":23.0,"key":"Kunai"},{"floor":25.0,"key":"Ornamental Fan"},{"floor":26.0,"key":"Bag of Preparation"},{"floor":31.0,"key":"Pear"},{"floor":40.0,"key":"Unceasing Top"},{"floor":40.0,"key":"Ancient Tea Set"},{"floor":42.0,"key":"Potion Belt"},{"floor":42.0,"key":"Omamori"},{"floor":43.0,"key":"Emotion Chip"},{"floor":45.0,"key":"Cables"},{"floor":45.0,"key":"Oddly Smooth Stone"},{"floor":48,"key":"Orichalcum"},{"floor":48,"key":"Bottled Flame"}],"event_choices":[{"damage_healed":0.0,"max_hp_gain":5.0,"max_hp_loss":0.0,"gold_gain":0.0,"event_name":"Big Fish","player_choice":"Donut","floor":2.0,"gold_loss":0.0,"damage_taken":0.0},{"cards_removed":["Strike_B"],"damage_healed":0.0,"max_hp_gain":0.0,"max_hp_loss":0.0,"gold_gain":0.0,"event_name":"Golden Wing","player_choice":"Card Removal","floor":3.0,"gold_loss":0.0,"damage_taken":7.0},{"damage_healed":0.0,"max_hp_gain":0.0,"max_hp_loss":0.0,"gold_gain":0.0,"event_name":"Upgrade Shrine","player_choice":"Upgraded","floor":5.0,"gold_loss":0.0,"damage_taken":0.0,"cards_upgraded":["Zap"]},{"damage_healed":0.0,"max_hp_gain":0.0,"max_hp_loss":0.0,"gold_gain":0.0,"event_name":"Dead Adventurer","player_choice":"Searched \u00271\u0027 times","floor":8.0,"gold_loss":0.0,"damage_taken":0.0},{"cards_removed":["Defend_B"],"damage_healed":0.0,"max_hp_gain":0.0,"max_hp_loss":0.0,"gold_gain":0.0,"event_name":"Beggar","player_choice":"Gave Gold","floor":19.0,"gold_loss":75.0,"damage_taken":0.0},{"damage_healed":0.0,"max_hp_gain":0.0,"max_hp_loss":0.0,"gold_gain":0.0,"event_name":"Back to Basics","player_choice":"Simplicity","floor":21.0,"gold_loss":0.0,"damage_taken":0.0,"cards_upgraded":["Strike_B","Strike_B","Defend_B","Defend_B","Defend_B"]},{"damage_healed":0.0,"max_hp_gain":0.0,"max_hp_loss":0.0,"gold_gain":200.0,"event_name":"Wheel of Change","player_choice":"Gold","floor":27.0,"gold_loss":0.0,"damage_taken":0.0},{"damage_healed":0.0,"max_hp_gain":0.0,"max_hp_loss":0.0,"gold_gain":0.0,"event_name":"Winding Halls","player_choice":"Embrace Madness","floor":41.0,"gold_loss":0.0,"damage_taken":11.0,"cards_obtained":["Madness","Madness"]},{"damage_healed":0.0,"max_hp_gain":0.0,"max_hp_loss":0.0,"gold_gain":0.0,"event_name":"SensoryStone","player_choice":"Memory 1","floor":44.0,"gold_loss":0.0,"damage_taken":0.0}],"is_beta":false,"boss_relics":[{"not_picked":["Velvet Choker","Calling Bell"],"picked":"Sozu"},{"not_picked":["White Beast Statue","Pandora\u0027s Box"],"picked":"Black Star"}],"items_purged_floors":[10,28],"is_endless":false,"potions_floor_spawned":[4,11,12,16,22,25,29,37,42,45,48],"ascension_level":3}