{"gold_per_floor":[116,116,131,151,151,151,186,197,223,223,223],"floor_reached":11,"playtime":253,"items_purged":[],"score":99,"play_id":"56c989d8-c931-48a8-b6d1-c52ab99c4488","local_time":"20190220133345","is_ascension_mode":true,"campfire_choices":[{"data":"Dualcast","floor":6,"key":"SMITH"}],"neow_cost":"NONE","seed_source_timestamp":446220323220600,"circlet_count":0,"master_deck":["Strike_B","Strike_B","Strike_B+1","Strike_B","Defend_B","Defend_B+1","Defend_B","Defend_B","Zap+1","Dualcast+1","Loop","Redo","Redo","Coolheaded","BootSequence"],"relics":["Cracked Core","NeowsBlessing","Ancient Tea Set","Juzu Bracelet"],"potions_floor_usage":[],"damage_taken":[{"damage":0,"enemies":"Cultist","floor":1,"turns":1},{"damage":0,"enemies":"Jaw Worm","floor":3,"turns":1},{"damage":0,"enemies":"Small Slimes","floor":4,"turns":1},{"damage":35,"enemies":"Lagavulin","floor":7,"turns":5},{"damage":7,"enemies":"3 Louse","floor":8,"turns":5},{"damage":24,"enemies":"Gremlin Nob","floor":11,"turns":3}],"seed_played":"-2377839272290080000","potions_obtained":[{"floor":2,"key":"Ancient Potion"},{"floor":2,"key":"EntropicBrew"},{"floor":2,"key":"SteroidPotion"},{"floor":4,"key":"FocusPotion"}],"is_trial":false,"path_per_floor":["M","?","M","M","?","R","E","M","T","?","E"],"character_chosen":"DEFECT","items_purchased":[],"campfire_rested":0,"item_purchase_floors":[],"current_hp_per_floor":[68,68,68,68,68,68,33,26,26,11,0],"gold":223,"neow_bonus":"THREE_ENEMY_KILL","is_prod":false,"is_daily":false,"chose_seed":false,"campfire_upgraded":1,"win_rate":0,"timestamp":1550666025,"path_taken":["M","?","?","M","?","R","E","M","T","?","E"],"build_version":"2019-01-23","purchased_purges":0,"victory":false,"max_hp_per_floor":[75,75,75,75,75,75,75,75,75,75,75],"card_choices":[{"not_picked":["Gash","Redo"],"picked":"Loop","floor":1},{"not_picked":["Auto Shields","Steam"],"picked":"Redo","floor":3},{"not_picked":["Gash","Conserve Battery"],"picked":"Redo","floor":4},{"not_picked":["Skim","Auto Shields"],"picked":"Coolheaded","floor":7},{"not_picked":["Reprogram","Compile Driver"],"picked":"BootSequence","floor":8}],"player_experience":235953,"relics_obtained":[{"floor":7,"key":"Ancient Tea Set"},{"floor":9,"key":"Juzu Bracelet"}],"event_choices":[{"damage_healed":0,"gold_gain":0,"player_choice":"Got Potions","damage_taken":0,"max_hp_gain":0,"max_hp_loss":0,"event_name":"Lab","floor":2,"gold_loss":0},{"damage_healed":0,"gold_gain":0,"player_choice":"Grow","damage_taken":0,"max_hp_gain":0,"max_hp_loss":0,"event_name":"Living Wall","floor":5,"gold_loss":0,"cards_upgraded":["Zap"]},{"damage_healed":0,"gold_gain":0,"player_choice":"Entered Light","damage_taken":15,"max_hp_gain":0,"max_hp_loss":0,"event_name":"Shining Light","floor":10,"gold_loss":0,"cards_upgraded":["Strike_B","Defend_B"]}],"is_beta":false,"boss_relics":[],"items_purged_floors":[],"is_endless":false,"potions_floor_spawned":[3,4],"killed_by":"Gremlin Nob","ascension_level":7}