{"gold_per_floor":[118,293,293,368,388,388,420,437,485,497,524,540,555,583,583,685,685,700,700,710,741,141,141,159,159,159,159,46,61,78,178,178,277,277,288,288,20,36,48,76,76,105,105,120,133,133,158,170,170,170,170,170,20,46,46],"floor_reached":56,"playtime":3532,"items_purged":["Pain"],"score":1600,"play_id":"b3709d83-5430-4a9e-8589-78f89e4c7164","local_time":"20181213052122","is_ascension_mode":true,"campfire_choices":[{"data":"Perfected Strike","floor":6,"key":"SMITH"},{"data":"Bash","floor":15,"key":"SMITH"},{"data":"Corruption","floor":23,"key":"SMITH"},{"data":"Offering","floor":25,"key":"SMITH"},{"data":"Barricade","floor":32,"key":"SMITH"},{"data":"Feel No Pain","floor":41,"key":"SMITH"},{"data":"Perfected Strike","floor":46,"key":"SMITH"},{"floor":49,"key":"RECALL"},{"data":"True Grit","floor":52,"key":"SMITH"}],"neow_cost":"NONE","seed_source_timestamp":36643258737309,"circlet_count":0,"master_deck":["Strike_R","Strike_R","Strike_R","Strike_R","Strike_R","Defend_R","Defend_R","Defend_R","Defend_R","Bash+1","Perfected Strike+1","Shrug It Off","Wild Strike","Battle Trance","Sentinel","Wild Strike","Pommel Strike","Seeing Red","Immolate","Rage","True Grit+1","Corruption+1","Offering+1","Shrug It Off","Feel No Pain+1","Disarm","Perfected Strike+1","Barricade+1","Bludgeon","Headbutt","Clothesline+1","Double Tap","Perfected Strike+1","Shrug It Off+1","Havoc","Pommel Strike+1"],"relics":["Burning Blood","Blood Vial","Happy Flower","Matryoshka","Coffee Dripper","Enchiridion","Red Mask","Pen Nib","Thread and Needle","Lantern","Bottled Tornado","Nloth\u0027s Gift","Champion Belt","Mercury Hourglass","Runic Pyramid","WarpedTongs","Strange Spoon","Pocketwatch","Pantograph","Anchor","Dead Branch","Potion Belt","Oddly Smooth Stone"],"potions_floor_usage":[10,11,14,20,31,50,55,55,55],"damage_taken":[{"damage":0,"enemies":"Jaw Worm","floor":1,"turns":1},{"damage":0,"enemies":"2 Louse","floor":5,"turns":1},{"damage":0,"enemies":"Lagavulin","floor":7,"turns":1},{"damage":0,"enemies":"Cultist","floor":8,"turns":3},{"damage":10,"enemies":"Exordium Thugs","floor":10,"turns":2},{"damage":17,"enemies":"3 Sentries","floor":11,"turns":6},{"damage":9,"enemies":"Exordium Wildlife","floor":12,"turns":4},{"damage":0,"enemies":"3 Louse","floor":13,"turns":2},{"damage":18,"enemies":"Lagavulin","floor":14,"turns":5},{"damage":52,"enemies":"The Guardian","floor":16,"turns":9},{"damage":3,"enemies":"3 Byrds","floor":18,"turns":4},{"damage":11,"enemies":"Shell Parasite","floor":20,"turns":3},{"damage":19,"enemies":"Masked Bandits","floor":21,"turns":4},{"damage":0,"enemies":"Snake Plant","floor":24,"turns":2},{"damage":0,"enemies":"Cultist and Chosen","floor":29,"turns":4},{"damage":0,"enemies":"Shelled Parasite and Fungi","floor":30,"turns":4},{"damage":16,"enemies":"Colosseum Slavers","floor":31,"turns":2},{"damage":6,"enemies":"Colosseum Nobs","floor":31,"turns":2},{"damage":6,"enemies":"Champ","floor":33,"turns":8},{"damage":6,"enemies":"3 Shapes","floor":35,"turns":4},{"damage":2,"enemies":"Orb Walker","floor":38,"turns":2},{"damage":6,"enemies":"Maw","floor":39,"turns":7},{"damage":6,"enemies":"Giant Head","floor":40,"turns":7},{"damage":6,"enemies":"Nemesis","floor":42,"turns":5},{"damage":6,"enemies":"Transient","floor":44,"turns":5},{"damage":0,"enemies":"Writhing Mass","floor":45,"turns":4},{"damage":4,"enemies":"Reptomancer","floor":47,"turns":5},{"damage":0,"enemies":"Spire Growth","floor":48,"turns":3},{"damage":16,"enemies":"Donu and Deca","floor":50,"turns":8},{"damage":6,"enemies":"Shield and Spear","floor":54,"turns":5},{"damage":53,"enemies":"The Heart","floor":55,"turns":10}],"seed_played":"8810506138883920008","potions_obtained":[{"floor":7,"key":"SteroidPotion"},{"floor":8,"key":"Explosive Potion"},{"floor":13,"key":"Poison Potion"},{"floor":14,"key":"Poison Potion"},{"floor":16,"key":"FairyPotion"},{"floor":20,"key":"Energy Potion"},{"floor":24,"key":"SteroidPotion"},{"floor":31,"key":"Dexterity Potion"},{"floor":48,"key":"Block Potion"}],"is_trial":false,"path_per_floor":["M","?","?","?","M","R","E","M","T","M","E","M","M","E","R","B",null,"M","?","M","?","$","R","M","R","T","?","$","M","M","?","R","B",null,"M","?","$","M","M","E","R","E","T","M","M","R","E","M","R","B",null,"R","$","E","B",null],"character_chosen":"IRONCLAD","items_purchased":["Pen Nib","Thread and Needle","Offering","Feel No Pain","BloodPotion","Strange Spoon","Regen Potion","SpeedPotion","Havoc"],"campfire_rested":0,"item_purchase_floors":[22,22,22,28,28,37,53,53,53],"current_hp_per_floor":[80,80,80,69,75,75,80,80,80,76,67,66,74,64,64,20,80,80,64,61,50,50,50,58,58,58,58,58,66,74,76,76,78,80,80,80,80,80,80,80,80,80,80,80,80,80,80,80,80,70,80,80,80,80,48],"gold":46,"neow_bonus":"THREE_ENEMY_KILL","is_prod":false,"is_daily":false,"chose_seed":false,"campfire_upgraded":8,"win_rate":0,"timestamp":1544696482,"path_taken":["M","?","?","?","M","R","E","?","T","?","E","M","M","E","R","BOSS","M","?","M","?","$","R","M","R","T","?","$","M","?","?","R","BOSS","M","?","$","M","M","E","R","E","T","M","M","R","E","M","R","BOSS","R","$","E","BOSS"],"build_version":"2018-12-12","purchased_purges":1,"victory":true,"max_hp_per_floor":[80,80,80,80,80,80,80,80,80,80,80,80,80,80,80,80,80,80,80,80,80,80,80,80,80,80,80,80,80,80,80,80,80,80,80,80,80,80,80,80,80,80,80,80,80,80,80,80,80,80,80,80,80,80,80],"card_choices":[{"not_picked":["Armaments","True Grit"],"picked":"Perfected Strike","floor":1},{"not_picked":["Spot Weakness","Sentinel"],"picked":"Shrug It Off","floor":5},{"not_picked":["Anger","Brutality","Cleave"],"picked":"SKIP","floor":7},{"not_picked":["Hemokinesis","Sword Boomerang"],"picked":"Wild Strike","floor":8},{"not_picked":["Flex","Ghostly Armor"],"picked":"Battle Trance","floor":10},{"not_picked":["Iron Wave","Hemokinesis"],"picked":"Sentinel","floor":11},{"not_picked":["Barricade","Fire Breathing"],"picked":"Wild Strike","floor":12},{"not_picked":["Armaments","Anger"],"picked":"Pommel Strike","floor":13},{"not_picked":["Rupture","Flame Barrier"],"picked":"Seeing Red","floor":14},{"not_picked":["Reaper","Exhume"],"picked":"Immolate","floor":16},{"not_picked":["Second Wind","Havoc+1"],"picked":"Rage","floor":18},{"not_picked":["Body Slam+1","Wild Strike"],"picked":"True Grit","floor":20},{"not_picked":["Wild Strike","Combust+1"],"picked":"Corruption","floor":21},{"not_picked":["Dual Wield","Heavy Blade"],"picked":"Shrug It Off","floor":24},{"not_picked":["Heavy Blade","Rupture"],"picked":"Disarm","floor":29},{"not_picked":["Headbutt","Cleave"],"picked":"Perfected Strike","floor":30},{"not_picked":["Anger","Flex"],"picked":"Barricade","floor":31},{"not_picked":["Immolate","Demon Form"],"picked":"Bludgeon","floor":33},{"not_picked":["Spot Weakness+1","Iron Wave","Heavy Blade"],"picked":"SKIP","floor":35},{"not_picked":["Corruption+1","Heavy Blade"],"picked":"Headbutt","floor":38},{"not_picked":["Armaments","Anger"],"picked":"Clothesline+1","floor":39},{"not_picked":["Iron Wave+1","Shrug It Off"],"picked":"Double Tap","floor":40},{"not_picked":["Fiend Fire","Pummel","Havoc+1"],"picked":"SKIP","floor":42},{"not_picked":["Twin Strike+1","Heavy Blade"],"picked":"Perfected Strike+1","floor":44},{"not_picked":["Carnage+1","Anger+1","Flex"],"picked":"SKIP","floor":45},{"not_picked":["Hemokinesis+1","Armaments+1"],"picked":"Shrug It Off+1","floor":47},{"not_picked":["Dark Embrace","Burning Pact","Sword Boomerang"],"picked":"SKIP","floor":48},{"not_picked":["Reaper","Limit Break"],"picked":"Pommel Strike+1","floor":54}],"player_experience":3789959,"relics_obtained":[{"floor":7,"key":"Blood Vial"},{"floor":11,"key":"Happy Flower"},{"floor":14,"key":"Matryoshka"},{"floor":19,"key":"Enchiridion"},{"floor":21,"key":"Red Mask"},{"floor":26,"key":"Lantern"},{"floor":26,"key":"Bottled Tornado"},{"floor":31,"key":"Champion Belt"},{"floor":31,"key":"Mercury Hourglass"},{"floor":40,"key":"Pocketwatch"},{"floor":42,"key":"Pantograph"},{"floor":43,"key":"Anchor"},{"floor":43,"key":"Dead Branch"},{"floor":47,"key":"Potion Belt"},{"floor":54,"key":"Oddly Smooth Stone"}],"event_choices":[{"damage_healed":0,"gold_gain":175,"player_choice":"AGREE","damage_taken":0,"max_hp_gain":0,"max_hp_loss":0,"event_name":"Liars Game","floor":2,"gold_loss":0,"cards_obtained":["Doubt"]},{"cards_removed":["Doubt"],"damage_healed":0,"gold_gain":0,"player_choice":"Forget","damage_taken":0,"max_hp_gain":0,"max_hp_loss":0,"event_name":"Living Wall","floor":3,"gold_loss":0},{"damage_healed":0,"gold_gain":75,"player_choice":"Gather Gold","damage_taken":11,"max_hp_gain":0,"max_hp_loss":0,"event_name":"World of Goop","floor":4,"gold_loss":0},{"damage_healed":0,"gold_gain":0,"player_choice":"Obtained Book","damage_taken":16,"max_hp_gain":0,"max_hp_loss":0,"event_name":"Cursed Tome","floor":19,"gold_loss":0},{"damage_healed":0,"gold_gain":0,"player_choice":"Fought Bandits","damage_taken":0,"max_hp_gain":0,"max_hp_loss":0,"event_name":"Masked Bandits","floor":21,"gold_loss":0},{"damage_healed":0,"gold_gain":0,"player_choice":"Traded Relic","damage_taken":0,"relics_obtained":["Nloth\u0027s Gift"],"max_hp_gain":0,"max_hp_loss":0,"event_name":"N\u0027loth","floor":27,"relics_lost":["NeowsBlessing"],"gold_loss":0},{"damage_healed":0,"gold_gain":0,"player_choice":"Fight","damage_taken":0,"max_hp_gain":0,"max_hp_loss":0,"event_name":"Colosseum","floor":31,"gold_loss":0},{"damage_healed":0,"gold_gain":0,"player_choice":"Fought Nobs","damage_taken":0,"max_hp_gain":0,"max_hp_loss":0,"event_name":"Colosseum","floor":31,"gold_loss":0},{"damage_healed":0,"gold_gain":0,"player_choice":"Rummage","damage_taken":0,"relics_obtained":["WarpedTongs"],"max_hp_gain":0,"max_hp_loss":0,"event_name":"Accursed Blacksmith","floor":36,"gold_loss":0,"cards_obtained":["Pain"]}],"is_beta":true,"boss_relics":[{"not_picked":["Empty Cage","White Beast Statue"],"picked":"Coffee Dripper"},{"not_picked":["Mark of Pain","Tiny House"],"picked":"Runic Pyramid"}],"items_purged_floors":[37],"is_endless":false,"potions_floor_spawned":[7,8,13,14,16,20,24,30,31,35,39,48,54],"ascension_level":1}