{"gold_per_floor":[109,129,139,158,177,208,228,228,228,228,29,29,45,45,45,124,124,144,161,211,222,222,254,254,254],"floor_reached":25,"playtime":558,"items_purged":[],"score":500,"play_id":"c9827d0c-d7a5-4589-9c84-157ba4af9599","local_time":"20190210033817","is_ascension_mode":true,"campfire_choices":[{"data":"Barrage","floor":8,"key":"SMITH"},{"data":"Conserve Battery","floor":12,"key":"SMITH"},{"floor":15,"key":"REST"},{"data":"Buffer","floor":24,"key":"SMITH"}],"neow_cost":"NONE","seed_source_timestamp":1154598033793100,"circlet_count":0,"master_deck":["AscendersBane","Strike_B","Strike_B","Strike_B","Strike_B","Defend_B","Defend_B","Defend_B","Defend_B","Zap","Dualcast","Ball Lightning","Ball Lightning","Ball Lightning","Barrage+1","Ball Lightning","Ball Lightning","Conserve Battery+1","Biased Cognition","Buffer+1","Capacitor+1","Ball Lightning","Echo Form"],"relics":["Cracked Core","Orichalcum","Prayer Wheel","Regal Pillow","DataDisk","Art of War","Nuclear Battery","Mango"],"potions_floor_usage":[4,6,6,21,21],"damage_taken":[{"damage":1,"enemies":"Cultist","floor":1,"turns":3},{"damage":10,"enemies":"Small Slimes","floor":2,"turns":3},{"damage":4,"enemies":"Jaw Worm","floor":3,"turns":3},{"damage":10,"enemies":"Gremlin Gang","floor":4,"turns":3},{"damage":15,"enemies":"Exordium Wildlife","floor":5,"turns":3},{"damage":8,"enemies":"Gremlin Nob","floor":6,"turns":3},{"damage":0,"enemies":"2 Fungi Beasts","floor":7,"turns":2},{"damage":9,"enemies":"Large Slime","floor":13,"turns":4},{"damage":34,"enemies":"Hexaghost","floor":16,"turns":6},{"damage":11,"enemies":"Shell Parasite","floor":18,"turns":3},{"damage":0,"enemies":"Chosen","floor":19,"turns":3},{"damage":16,"enemies":"Centurion and Healer","floor":21,"turns":3},{"damage":35,"enemies":"Gremlin Leader","floor":23,"turns":5},{"damage":18,"enemies":"Snake Plant","floor":25,"turns":2}],"seed_played":"1578513884306252609","potions_obtained":[{"floor":1,"key":"Regen Potion"},{"floor":2,"key":"Block Potion"},{"floor":4,"key":"FearPotion"},{"floor":5,"key":"FocusPotion"},{"floor":18,"key":"Fire Potion"},{"floor":19,"key":"Explosive Potion"}],"is_trial":false,"path_per_floor":["M","M","M","M","M","E","M","R","T","?","$","R","M","T","R","B",null,"M","M","?","M","?","E","R","M"],"character_chosen":"DEFECT","items_purchased":["DataDisk","Conserve Battery"],"campfire_rested":1,"item_purchase_floors":[11,11],"current_hp_per_floor":[70,60,56,46,31,32,32,32,32,27,27,27,18,18,56,22,64,53,53,53,37,37,16,16,0],"gold":254,"neow_bonus":"TEN_PERCENT_HP_BONUS","is_prod":false,"is_daily":false,"chose_seed":false,"campfire_upgraded":3,"win_rate":0,"timestamp":1549737497,"path_taken":["M","M","M","?","M","E","?","R","T","?","$","R","M","?","R","BOSS","M","?","?","M","?","E","R","M"],"build_version":"2019-01-23","purchased_purges":0,"victory":false,"max_hp_per_floor":[78,78,78,78,78,78,78,78,78,78,78,78,78,78,78,78,78,78,78,78,78,78,92,92,92],"card_choices":[{"not_picked":["Scrape","Turbo","Double Energy"],"picked":"SKIP","floor":1},{"not_picked":["Defragment","Leap"],"picked":"Ball Lightning","floor":2},{"not_picked":["Beam Cell","Double Energy"],"picked":"Ball Lightning","floor":3},{"not_picked":["Redo","Compile Driver"],"picked":"Ball Lightning","floor":4},{"not_picked":["Consume","Aggregate"],"picked":"Barrage","floor":5},{"not_picked":["Go for the Eyes","Sweeping Beam"],"picked":"Ball Lightning","floor":6},{"not_picked":["Coolheaded","Streamline"],"picked":"Ball Lightning","floor":7},{"not_picked":["Rip and Tear","Cold Snap"],"picked":"Biased Cognition","floor":13},{"not_picked":["Beam Cell","Go for the Eyes","Cold Snap"],"picked":"SKIP","floor":13},{"not_picked":["Thunder Strike","All For One"],"picked":"Buffer","floor":16},{"not_picked":["Tempest","Conserve Battery"],"picked":"Capacitor+1","floor":18},{"not_picked":["Sweeping Beam","Go for the Eyes"],"picked":"Ball Lightning","floor":18},{"not_picked":["Cold Snap","Beam Cell","Coolheaded"],"picked":"SKIP","floor":19},{"not_picked":["Reprogram","Go for the Eyes","Rebound"],"picked":"SKIP","floor":19},{"not_picked":["Redo","Ball Lightning","Turbo"],"picked":"SKIP","floor":21},{"not_picked":["Consume","Cold Snap","Sweeping Beam"],"picked":"SKIP","floor":21},{"not_picked":["Aggregate","Stack"],"picked":"Echo Form","floor":23}],"player_experience":1111810,"relics_obtained":[{"floor":6,"key":"Orichalcum"},{"floor":9,"key":"Prayer Wheel"},{"floor":14,"key":"Art of War"},{"floor":23,"key":"Mango"}],"event_choices":[{"damage_healed":0,"gold_gain":0,"player_choice":"Success","damage_taken":5,"relics_obtained":["Regal Pillow"],"max_hp_gain":0,"max_hp_loss":0,"event_name":"Scrap Ooze","floor":10,"gold_loss":0},{"damage_healed":0,"gold_gain":50,"player_choice":"Stole From Cult","damage_taken":0,"max_hp_gain":0,"max_hp_loss":0,"event_name":"Nest","floor":20,"gold_loss":0},{"damage_healed":0,"gold_gain":0,"player_choice":"Ignored","damage_taken":0,"max_hp_gain":0,"max_hp_loss":0,"event_name":"Ghosts","floor":22,"gold_loss":0}],"is_beta":false,"boss_relics":[{"not_picked":["Snecko Eye","Empty Cage"],"picked":"Nuclear Battery"}],"items_purged_floors":[],"is_endless":false,"potions_floor_spawned":[1,2,4,5,18,19],"killed_by":"Snake Plant","ascension_level":20}