{"gold_per_floor":[114,129,129,144,67,97,112,112,112,82,97,97,27,27,27,152,152,171,121,140,140,58,58,58,77,102,102,102,21,40,52,64,76],"floor_reached":33,"playtime":2222,"items_purged":[],"score":268,"play_id":"5de05033-cc6a-4fdc-aa81-71fb7aa6538f","local_time":"20190211165449","daily_mods":["Specialized","Vintage","Terminal"],"is_ascension_mode":false,"campfire_choices":[{"data":"Neutralize","floor":8,"key":"SMITH"},{"floor":15,"key":"REST"},{"floor":23,"key":"DIG"},{"floor":28,"key":"DIG"},{"floor":32,"key":"DIG"}],"neow_cost":"","seed_source_timestamp":0,"circlet_count":0,"master_deck":["Defend_G","Defend_G","Defend_G","Defend_G","Defend_G+1","Strike_G","Strike_G","Strike_G","Strike_G","Strike_G+1","Survivor","Neutralize+1","Crippling Poison","Crippling Poison","Crippling Poison","Crippling Poison","Crippling Poison","Caltrops","Footwork","Corpse Explosion","Noxious Fumes","Catalyst","Writhe"],"special_seed":17938,"relics":["Ring of the Snake","Tingsha","Mummified Hand","Shuriken","Torii","WingedGreaves","Meat on the Bone","Shovel","Golden Idol","White Beast Statue","Snake Skull","Question Card","Ginger","Smiling Mask","Juzu Bracelet","Incense Burner","Bag of Preparation","MawBank","Letter Opener","Orichalcum"],"potions_floor_usage":[16,16,30,33],"damage_taken":[{"damage":1,"enemies":"Cultist","floor":1,"turns":4},{"damage":0,"enemies":"Jaw Worm","floor":2,"turns":4},{"damage":0,"enemies":"2 Louse","floor":4,"turns":2},{"damage":18,"enemies":"Lagavulin","floor":6,"turns":7},{"damage":1,"enemies":"Large Slime","floor":7,"turns":8},{"damage":0,"enemies":"Gremlin Gang","floor":11,"turns":3},{"damage":15,"enemies":"The Guardian","floor":16,"turns":10},{"damage":0,"enemies":"3 Byrds","floor":18,"turns":3},{"damage":0,"enemies":"2 Thieves","floor":20,"turns":4},{"damage":9,"enemies":"Centurion and Healer","floor":25,"turns":5},{"damage":1,"enemies":"3 Cultists","floor":30,"turns":3},{"damage":38,"enemies":"Collector","floor":33,"turns":7}],"seed_played":"6339212738474030288","potions_obtained":[{"floor":7,"key":"SkillPotion"},{"floor":10,"key":"Dexterity Potion"},{"floor":10,"key":"SpeedPotion"},{"floor":16,"key":"Fire Potion"},{"floor":18,"key":"Swift Potion"},{"floor":30,"key":"Strength Potion"}],"is_trial":false,"path_per_floor":["M","M","$","M","$","E","M","R","T","?","M","?","$","?","R","B",null,"M","?","M","?","$","R","?","M","T","T","R","$","M","?","R","B"],"character_chosen":"THE_SILENT","items_purchased":["Caltrops","Footwork","Noxious Fumes","Catalyst"],"campfire_rested":1,"item_purchase_floors":[5,13,22,29],"current_hp_per_floor":[68,67,66,65,64,46,45,45,45,45,45,33,33,19,35,32,52,51,50,49,48,47,46,45,36,36,36,36,36,35,35,35,0],"gold":76,"neow_bonus":"","is_prod":false,"is_daily":true,"chose_seed":false,"campfire_upgraded":1,"win_rate":0,"timestamp":1549922089,"path_taken":["M","M","?","M","$","E","M","R","T","?","?","?","$","?","R","BOSS","M","?","?","?","$","R","?","M","T","?","R","$","M","?","R","BOSS"],"build_version":"2019-01-23","purchased_purges":0,"victory":false,"max_hp_per_floor":[68,67,66,65,64,63,62,61,60,59,58,57,56,55,54,53,52,51,50,49,48,47,46,45,44,43,42,41,40,39,38,37,37],"card_choices":[{"not_picked":["Prepared","Crippling Poison","Acrobatics"],"picked":"SKIP","floor":6},{"not_picked":["Storm of Steel","Grand Finale"],"picked":"Corpse Explosion","floor":16}],"player_experience":35116,"relics_obtained":[{"floor":1,"key":"Tingsha"},{"floor":2,"key":"Mummified Hand"},{"floor":4,"key":"Shuriken"},{"floor":6,"key":"Torii"},{"floor":7,"key":"WingedGreaves"},{"floor":9,"key":"Meat on the Bone"},{"floor":11,"key":"Shovel"},{"floor":18,"key":"Snake Skull"},{"floor":20,"key":"Question Card"},{"floor":23,"key":"Ginger"},{"floor":25,"key":"Smiling Mask"},{"floor":26,"key":"Juzu Bracelet"},{"floor":27,"key":"Incense Burner"},{"floor":28,"key":"Bag of Preparation"},{"floor":30,"key":"MawBank"},{"floor":32,"key":"Orichalcum"}],"event_choices":[{"damage_healed":0,"gold_gain":0,"player_choice":"Bought 2 Potions","damage_taken":0,"max_hp_gain":0,"max_hp_loss":0,"event_name":"The Woman in Blue","floor":10,"gold_loss":0},{"damage_healed":0,"gold_gain":0,"player_choice":"Entered Light","damage_taken":12,"max_hp_gain":0,"max_hp_loss":0,"event_name":"Shining Light","floor":12,"gold_loss":0,"cards_upgraded":["Strike_G","Defend_G"]},{"damage_healed":0,"gold_gain":0,"player_choice":"Take Damage","damage_taken":14,"relics_obtained":["Golden Idol"],"max_hp_gain":0,"max_hp_loss":0,"event_name":"Golden Idol","floor":14,"gold_loss":0},{"damage_healed":0,"gold_gain":0,"player_choice":"Bet on Murderer","damage_taken":0,"max_hp_gain":0,"max_hp_loss":0,"event_name":"The Joust","floor":19,"gold_loss":50},{"damage_healed":0,"gold_gain":0,"player_choice":"Ignored","damage_taken":0,"max_hp_gain":0,"max_hp_loss":0,"event_name":"Beggar","floor":21,"gold_loss":0},{"damage_healed":0,"gold_gain":0,"player_choice":"Ignored","damage_taken":0,"max_hp_gain":0,"max_hp_loss":0,"event_name":"Vampires","floor":24,"gold_loss":0},{"damage_healed":0,"gold_gain":0,"player_choice":"Opened","damage_taken":0,"relics_obtained":["Letter Opener"],"max_hp_gain":0,"max_hp_loss":0,"event_name":"The Mausoleum","floor":31,"gold_loss":0,"cards_obtained":["Writhe"]}],"is_beta":false,"boss_relics":[{"not_picked":["Runic Pyramid","Runic Dome"],"picked":"White Beast Statue"}],"items_purged_floors":[],"is_endless":false,"potions_floor_spawned":[7,11,16,18,20,25,30],"killed_by":"Collector","ascension_level":0}