{"gold_per_floor":[118,118,136,136,149,149,178,190,270,282,294,306,318,57,57,153,153,167,178,195,206,223,223,223,183,208,88,88,118,132,161,161,264,264,279,295,695,695,76,103,136,168,168,187,214,214,214,229,229,229,229,229,36,65,65],"floor_reached":55,"playtime":3916,"items_purged":["Pain","Injury"],"score":945,"play_id":"fbc2bcd5-d0c3-4cab-8709-7cd15d82f3a9","local_time":"20181205030838","is_ascension_mode":true,"campfire_choices":[{"data":"Sucker Punch","floor":6,"key":"SMITH"},{"data":"Neutralize","floor":8,"key":"SMITH"},{"data":"Bullet Time","floor":12,"key":"SMITH"},{"data":"Well Laid Plans","floor":15,"key":"SMITH"},{"data":"A Thousand Cuts","floor":23,"key":"SMITH"},{"floor":28,"key":"REST"},{"data":"Burst","floor":32,"key":"SMITH"},{"floor":47,"key":"REST"},{"floor":49,"key":"RECALL"},{"data":"Dodge and Roll","floor":52,"key":"SMITH"}],"neow_cost":"TEN_PERCENT_HP_LOSS","seed_source_timestamp":941470621949162,"circlet_count":0,"master_deck":["Defend_G","Defend_G+1","Defend_G","Defend_G+1","Defend_G","Strike_G","Strike_G","Strike_G+1","Strike_G","Survivor","Neutralize+1","Sucker Punch+1","Bullet Time+1","Backflip","Predator","Well Laid Plans+1","A Thousand Cuts+1","Burst+1","Deflect+1","All Out Attack","Malaise","Blade Dance+1","Terror","Die Die Die+1","Dodge and Roll+1","Heel Hook+1","Adrenaline","PiercingWail+1","Sucker Punch+1","Infinite Blades","Choke+1","Predator+1","Dodge and Roll","Malaise"],"relics":["Ring of the Snake","WingedGreaves","MawBank","The Courier","Calipers","Cursed Key","Anchor","Molten Egg 2","Ancient Tea Set","Busted Crown","Old Coin","Chemical X","Bottled Lightning","Happy Flower","Ornamental Fan","Meat on the Bone","Boot","Pen Nib"],"potions_floor_usage":[21,29,31,35,41,55,55,55,55,55,55],"damage_taken":[{"damage":0,"enemies":"2 Louse","floor":1,"turns":4},{"damage":0,"enemies":"Small Slimes","floor":3,"turns":4},{"damage":0,"enemies":"Cultist","floor":5,"turns":5},{"damage":29,"enemies":"Lagavulin","floor":7,"turns":11},{"damage":0,"enemies":"The Guardian","floor":16,"turns":12},{"damage":0,"enemies":"Chosen","floor":18,"turns":4},{"damage":0,"enemies":"3 Byrds","floor":19,"turns":4},{"damage":6,"enemies":"Centurion and Healer","floor":20,"turns":7},{"damage":0,"enemies":"Snake Plant","floor":21,"turns":5},{"damage":9,"enemies":"Cultist and Chosen","floor":22,"turns":8},{"damage":16,"enemies":"Colosseum Slavers","floor":24,"turns":4},{"damage":2,"enemies":"Slavers","floor":29,"turns":6},{"damage":0,"enemies":"Snecko","floor":30,"turns":6},{"damage":22,"enemies":"Gremlin Leader","floor":31,"turns":8},{"damage":15,"enemies":"Automaton","floor":33,"turns":8},{"damage":0,"enemies":"3 Darklings","floor":35,"turns":2},{"damage":0,"enemies":"3 Shapes","floor":36,"turns":3},{"damage":0,"enemies":"Mind Bloom Boss Battle","floor":37,"turns":5},{"damage":26,"enemies":"Giant Head","floor":40,"turns":7},{"damage":1,"enemies":"Nemesis","floor":41,"turns":7},{"damage":5,"enemies":"Reptomancer","floor":42,"turns":5},{"damage":0,"enemies":"Transient","floor":44,"turns":5},{"damage":19,"enemies":"Nemesis","floor":45,"turns":7},{"damage":0,"enemies":"Spire Growth","floor":48,"turns":4},{"damage":1,"enemies":"Awakened One","floor":50,"turns":14},{"damage":0,"enemies":"Shield and Spear","floor":54,"turns":6},{"damage":69,"enemies":"The Heart","floor":55,"turns":12}],"seed_played":"-3588315844419405360","potions_obtained":[{"floor":3,"key":"SpeedPotion"},{"floor":7,"key":"FairyPotion"},{"floor":20,"key":"AttackPotion"},{"floor":30,"key":"AttackPotion"},{"floor":31,"key":"AttackPotion"},{"floor":35,"key":"EssenceOfSteel"},{"floor":40,"key":"Dexterity Potion"},{"floor":45,"key":"Explosive Potion"},{"floor":48,"key":"LiquidBronze"},{"floor":54,"key":"Dexterity Potion"}],"is_trial":false,"path_per_floor":["M","?","M","?","M","R","E","R","T","?","?","R","?","$","R","B",null,"M","M","M","M","M","R","?","?","T","$","R","E","M","E","R","B",null,"M","M","?","?","$","E","E","E","T","M","E","?","R","M","R","B",null,"R","$","E","B"],"character_chosen":"THE_SILENT","items_purchased":["Backflip","Predator","Well Laid Plans","A Thousand Cuts","Terror","Infinite Blades","Chemical X","Ancient Potion","Bottled Lightning","Choke+1","Predator+1","Dodge and Roll","EntropicBrew"],"campfire_rested":2,"item_purchase_floors":[14,14,14,14,27,39,39,39,39,39,39,53,53],"current_hp_per_floor":[63,68,68,54,54,54,25,25,25,22,15,15,68,68,68,68,68,68,68,62,62,53,53,37,37,37,37,57,55,55,33,33,18,68,68,68,68,68,68,42,41,36,36,36,29,29,49,49,49,48,68,68,68,68,0],"gold":65,"neow_bonus":"ONE_RARE_RELIC","is_prod":false,"is_daily":false,"chose_seed":false,"campfire_upgraded":7,"win_rate":0,"timestamp":1543997318,"path_taken":["M","?","M","?","M","R","E","R","T","?","?","R","?","$","R","BOSS","M","M","?","M","?","R","?","?","T","$","R","E","?","E","R","BOSS","M","M","?","?","$","E","E","E","T","M","E","?","R","M","R","BOSS","R","$","E","BOSS"],"build_version":"2018-12-4","purchased_purges":2,"victory":false,"max_hp_per_floor":[63,68,68,68,68,68,68,68,68,68,68,68,68,68,68,68,68,68,68,68,68,68,68,68,68,68,68,68,68,68,68,68,68,68,68,68,68,68,68,68,68,68,68,68,68,68,68,68,68,68,68,68,68,68,68],"card_choices":[{"not_picked":["PiercingWail","Expertise"],"picked":"Sucker Punch","floor":1},{"not_picked":["Calculated Gamble","Slice","Prepared"],"picked":"SKIP","floor":3},{"not_picked":["Distraction","Prepared"],"picked":"Accuracy","floor":5},{"not_picked":["Acrobatics","Outmaneuver"],"picked":"Bullet Time","floor":7},{"not_picked":["Doppelganger","Tools of the Trade"],"picked":"Burst","floor":16},{"not_picked":["Concentrate","Blade Dance"],"picked":"Deflect","floor":18},{"not_picked":["Dodge and Roll","Caltrops"],"picked":"All Out Attack","floor":19},{"not_picked":["Well Laid Plans","Slice"],"picked":"Malaise","floor":20},{"not_picked":["Calculated Gamble","PiercingWail"],"picked":"Blade Dance+1","floor":21},{"not_picked":["Endless Agony","Poisoned Stab","Well Laid Plans"],"picked":"SKIP","floor":22},{"not_picked":["Distraction","Underhanded Strike"],"picked":"Die Die Die","floor":29},{"not_picked":["Tactician","Sucker Punch+1"],"picked":"Dodge and Roll","floor":30},{"not_picked":["Deflect+1","Cloak And Dagger"],"picked":"Heel Hook+1","floor":31},{"not_picked":["Night Terror","Unload+1"],"picked":"Adrenaline","floor":33},{"not_picked":[],"picked":"PiercingWail+1","floor":35},{"not_picked":[],"picked":"Caltrops","floor":36},{"not_picked":[],"picked":"Sucker Punch+1","floor":37},{"not_picked":["Blade Dance"],"picked":"SKIP","floor":40},{"not_picked":["Predator+1"],"picked":"SKIP","floor":41},{"not_picked":["All Out Attack+1"],"picked":"SKIP","floor":42},{"not_picked":["Dagger Throw+1"],"picked":"SKIP","floor":44},{"not_picked":["Dagger Spray+1"],"picked":"SKIP","floor":45},{"not_picked":["Blade Dance+1"],"picked":"SKIP","floor":48},{"not_picked":[],"picked":"Malaise","floor":54}],"player_experience":3670015,"relics_obtained":[{"floor":7,"key":"MawBank"},{"floor":9,"key":"The Courier"},{"floor":26,"key":"Anchor"},{"floor":29,"key":"Molten Egg 2"},{"floor":31,"key":"Ancient Tea Set"},{"floor":37,"key":"Old Coin"},{"floor":40,"key":"Happy Flower"},{"floor":41,"key":"Ornamental Fan"},{"floor":42,"key":"Meat on the Bone"},{"floor":45,"key":"Boot"},{"floor":54,"key":"Pen Nib"}],"event_choices":[{"damage_healed":0,"gold_gain":0,"player_choice":"Donut","damage_taken":0,"max_hp_gain":5,"max_hp_loss":0,"event_name":"Big Fish","floor":2,"gold_loss":0},{"damage_healed":0,"gold_gain":0,"player_choice":"Entered Light","damage_taken":14,"max_hp_gain":0,"max_hp_loss":0,"event_name":"Shining Light","floor":4,"gold_loss":0,"cards_upgraded":["Defend_G","Strike_G"]},{"damage_healed":0,"gold_gain":0,"player_choice":"Success","damage_taken":3,"relics_obtained":["Calipers"],"max_hp_gain":0,"max_hp_loss":0,"event_name":"Scrap Ooze","floor":10,"gold_loss":0},{"cards_removed":["Strike_G"],"damage_healed":0,"gold_gain":0,"player_choice":"Card Removal","damage_taken":7,"max_hp_gain":0,"max_hp_loss":0,"event_name":"Golden Wing","floor":11,"gold_loss":0},{"cards_removed":["Accuracy"],"damage_healed":53,"gold_gain":0,"player_choice":"Offered Uncommon","damage_taken":0,"max_hp_gain":0,"max_hp_loss":0,"event_name":"Bonfire Elementals","floor":13,"gold_loss":0},{"damage_healed":0,"gold_gain":0,"player_choice":"Fight","damage_taken":0,"max_hp_gain":0,"max_hp_loss":0,"event_name":"Colosseum","floor":24,"gold_loss":0},{"damage_healed":0,"gold_gain":0,"player_choice":"Fled From Nobs","damage_taken":0,"max_hp_gain":0,"max_hp_loss":0,"event_name":"Colosseum","floor":24,"gold_loss":0},{"damage_healed":0,"gold_gain":0,"player_choice":"Upgraded Two","damage_taken":0,"max_hp_gain":0,"max_hp_loss":0,"event_name":"Designer","floor":25,"gold_loss":40,"cards_upgraded":["Defend_G","Deflect"]},{"damage_healed":0,"gold_gain":0,"player_choice":"Fight","damage_taken":0,"max_hp_gain":0,"max_hp_loss":0,"event_name":"MindBloom","floor":37,"gold_loss":0},{"damage_healed":0,"gold_gain":0,"player_choice":"Ignored","damage_taken":0,"max_hp_gain":0,"max_hp_loss":0,"event_name":"Tomb of Lord Red Mask","floor":38,"gold_loss":0},{"cards_removed":["Caltrops"],"damage_healed":0,"gold_gain":0,"player_choice":"Removed Power","damage_taken":0,"max_hp_gain":0,"max_hp_loss":0,"event_name":"Falling","floor":46,"gold_loss":0}],"is_beta":true,"boss_relics":[{"not_picked":["Velvet Choker","White Beast Statue"],"picked":"Cursed Key"},{"not_picked":["Tiny House","Empty Cage"],"picked":"Busted Crown"}],"items_purged_floors":[27,53],"is_endless":false,"potions_floor_spawned":[3,7,20,24,30,31,35,40,45,48,54],"killed_by":"The Heart","ascension_level":1}