{"gold_per_floor":[111,111,64,80,93,122,122,137,191,191,191,220,43,74,74,74],"floor_reached":16,"playtime":951,"items_purged":[],"score":136,"play_id":"ccc9f651-cc94-406a-99c9-9cd35b5cc78e","local_time":"20190216193015","is_ascension_mode":true,"campfire_choices":[{"floor":7,"key":"REST"},{"floor":10,"key":"REST"},{"floor":15,"key":"REST"}],"neow_cost":"PERCENT_DAMAGE","seed_source_timestamp":120713332341116,"circlet_count":0,"master_deck":["Defend_G+1","Defend_G","Defend_G","Defend_G+1","Defend_G","Strike_G","Strike_G","Strike_G","Survivor","Neutralize","Dagger Throw","Cloak And Dagger","Blur","Flying Knee","Die Die Die","Cloak And Dagger","Deflect"],"relics":["Ring of the Snake","Matryoshka","War Paint","Sundial","Oddly Smooth Stone","Ancient Tea Set","Potion Belt","Anchor","Snake Skull"],"potions_floor_usage":[6,12,16],"damage_taken":[{"damage":0,"enemies":"Small Slimes","floor":1,"turns":8},{"damage":6,"enemies":"Jaw Worm","floor":4,"turns":5},{"damage":1,"enemies":"Cultist","floor":5,"turns":5},{"damage":11,"enemies":"3 Sentries","floor":6,"turns":14},{"damage":13,"enemies":"Gremlin Gang","floor":8,"turns":5},{"damage":24,"enemies":"Lagavulin","floor":12,"turns":12},{"damage":24,"enemies":"Gremlin Nob","floor":14,"turns":5},{"damage":25,"enemies":"Hexaghost","floor":16,"turns":17}],"seed_played":"-8784214624707826003","potions_obtained":[{"floor":4,"key":"Fire Potion"},{"floor":8,"key":"Block Potion"},{"floor":12,"key":"FairyPotion"},{"floor":14,"key":"EssenceOfSteel"}],"is_trial":false,"path_per_floor":["M","?","$","M","M","E","R","M","T","R","?","E","$","E","R","B"],"character_chosen":"THE_SILENT","items_purchased":["Cloak And Dagger","Anchor","Deflect"],"campfire_rested":3,"item_purchase_floors":[3,13,13],"current_hp_per_floor":[49,42,42,36,35,24,45,32,32,53,53,29,29,5,26,1],"gold":74,"neow_bonus":"REMOVE_TWO","is_prod":false,"is_daily":false,"chose_seed":false,"campfire_upgraded":0,"win_rate":0,"timestamp":1550341815,"path_taken":["M","?","$","M","M","E","R","M","T","R","?","E","?","E","R","BOSS"],"build_version":"2019-01-23","purchased_purges":0,"victory":false,"max_hp_per_floor":[70,70,70,70,70,70,70,70,70,70,70,70,70,70,70,70],"card_choices":[{"not_picked":["Outmaneuver","Expertise"],"picked":"Dagger Throw","floor":1},{"not_picked":["Poisoned Stab","Sucker Punch"],"picked":"Blur","floor":4},{"not_picked":["Eviscerate","Prepared"],"picked":"Flying Knee","floor":5},{"not_picked":["Poisoned Stab","PiercingWail"],"picked":"Die Die Die","floor":6},{"not_picked":["Dodge and Roll","Prepared"],"picked":"Cloak And Dagger","floor":8},{"not_picked":["Slice","All Out Attack","Deadly Poison"],"picked":"SKIP","floor":12},{"not_picked":["Eviscerate","Poisoned Stab","Sucker Punch"],"picked":"SKIP","floor":14}],"player_experience":209271,"relics_obtained":[{"floor":6,"key":"War Paint"},{"floor":9,"key":"Sundial"},{"floor":9,"key":"Oddly Smooth Stone"},{"floor":12,"key":"Potion Belt"},{"floor":14,"key":"Snake Skull"}],"event_choices":[{"damage_healed":0,"gold_gain":0,"player_choice":"Success","damage_taken":7,"relics_obtained":["Matryoshka"],"max_hp_gain":0,"max_hp_loss":0,"event_name":"Scrap Ooze","floor":2,"gold_loss":0},{"damage_healed":0,"gold_gain":0,"player_choice":"Searched \u00271\u0027 times","damage_taken":0,"relics_obtained":["Ancient Tea Set"],"max_hp_gain":0,"max_hp_loss":0,"event_name":"Dead Adventurer","floor":11,"gold_loss":0}],"is_beta":false,"boss_relics":[],"items_purged_floors":[],"is_endless":false,"potions_floor_spawned":[4,8,12,14],"killed_by":"Hexaghost","ascension_level":3}