{"gold_per_floor":[119,44,63,238,255,255,271,98,98,115,141,153,153,153,153,257,257,269,287,102,122,140,140,175,175,175,175,175],"floor_reached":28,"playtime":2580,"items_purged":["Defend_B","Doubt","Defend_B"],"score":240,"play_id":"0c8196f4-9a58-4380-8ef8-cbc861a2b34a","local_time":"20190221150356","is_ascension_mode":false,"campfire_choices":[{"data":"Genetic Algorithm","floor":6,"key":"SMITH"},{"floor":13,"key":"REST"},{"data":"Conserve Battery","floor":15,"key":"SMITH"},{"floor":23,"key":"REST"},{"floor":25,"key":"REST"}],"neow_cost":"TEN_PERCENT_HP_LOSS","seed_source_timestamp":133694738824230,"circlet_count":0,"master_deck":["Strike_B","Strike_B","Defend_B","Defend_B","Zap","Dualcast","Leap","Genetic Algorithm+1","Cold Snap","Conserve Battery+1","Genetic Algorithm","Loop","Core Surge","Cold Snap","Regret","Ball Lightning","Cold Snap","Go for the Eyes","FTL","Go for the Eyes","Ball Lightning","Storm+1"],"relics":["Cracked Core","Darkstone Periapt","The Courier","Smiling Mask","Black Star","Blue Candle","Frozen Egg 2","Molten Egg 2","Nilry\u0027s Codex"],"potions_floor_usage":[7,11,19,24],"damage_taken":[{"damage":0,"enemies":"Cultist","floor":1,"turns":3},{"damage":0,"enemies":"Small Slimes","floor":3,"turns":5},{"damage":0,"enemies":"2 Louse","floor":5,"turns":3},{"damage":0,"enemies":"Looter","floor":7,"turns":4},{"damage":16,"enemies":"Lots of Slimes","floor":10,"turns":5},{"damage":17,"enemies":"3 Sentries","floor":11,"turns":13},{"damage":1,"enemies":"2 Fungi Beasts","floor":12,"turns":3},{"damage":45,"enemies":"The Guardian","floor":16,"turns":18},{"damage":12,"enemies":"Shell Parasite","floor":18,"turns":11},{"damage":2,"enemies":"Chosen","floor":19,"turns":6},{"damage":25,"enemies":"Shelled Parasite and Fungi","floor":21,"turns":9},{"damage":13,"enemies":"Snake Plant","floor":22,"turns":5},{"damage":45,"enemies":"Book of Stabbing","floor":24,"turns":7},{"damage":22,"enemies":"Slavers","floor":28,"turns":1}],"seed_played":"-2475947334079806794","potions_obtained":[{"floor":5,"key":"Poison Potion"},{"floor":7,"key":"FairyPotion"},{"floor":10,"key":"Weak Potion"},{"floor":12,"key":"Energy Potion"},{"floor":18,"key":"Block Potion"},{"floor":21,"key":"Ancient Potion"}],"is_trial":false,"path_per_floor":["M","$","M","?","M","R","M","$","T","M","E","M","R","?","R","B",null,"M","M","$","M","M","R","E","R","T","?","E"],"character_chosen":"DEFECT","items_purchased":["Genetic Algorithm","Cold Snap","Go for the Eyes","FTL"],"campfire_rested":3,"item_purchase_floors":[8,20,20,20],"current_hp_per_floor":[68,68,68,68,68,68,68,68,68,52,35,34,54,60,60,15,74,62,60,60,35,22,44,7,29,29,13,0],"gold":175,"neow_bonus":"REMOVE_TWO","is_prod":false,"is_daily":false,"chose_seed":false,"campfire_upgraded":2,"win_rate":0.0,"timestamp":1550779436,"path_taken":["M","$","M","?","M","R","M","$","T","M","E","M","R","?","R","BOSS","M","M","$","M","M","R","E","R","T","?","E"],"build_version":"2019-01-23","purchased_purges":3,"victory":false,"max_hp_per_floor":[68,68,68,68,68,68,68,68,68,68,68,68,68,74,74,74,74,74,74,74,74,74,74,74,74,74,74,74],"card_choices":[{"not_picked":["Gash","Tempest"],"picked":"Leap","floor":1},{"not_picked":["Cold Snap","Heatsinks"],"picked":"Genetic Algorithm","floor":3},{"not_picked":["Rainbow","Lockon"],"picked":"Cold Snap","floor":5},{"not_picked":["Stack","Barrage"],"picked":"Conserve Battery","floor":7},{"not_picked":["Scrape","Blizzard"],"picked":"Loop","floor":10},{"not_picked":["Streamline","Steam Power"],"picked":"Core Surge","floor":11},{"not_picked":["Compile Driver","Hello World"],"picked":"Cold Snap","floor":12},{"not_picked":["Aggregate","Turbo"],"picked":"Ball Lightning","floor":18},{"not_picked":["Genetic Algorithm","Rip and Tear","Recycle"],"picked":"SKIP","floor":19},{"not_picked":["Recycle","Undo"],"picked":"Go for the Eyes","floor":21},{"not_picked":["Cold Snap","Chaos"],"picked":"Ball Lightning","floor":22},{"not_picked":["Barrage","Aggregate"],"picked":"Storm","floor":24}],"player_experience":133735,"relics_obtained":[{"floor":9,"key":"Darkstone Periapt"},{"floor":11,"key":"The Courier"},{"floor":24,"key":"Blue Candle"},{"floor":24,"key":"Frozen Egg 2"},{"floor":26,"key":"Molten Egg 2"},{"floor":27,"key":"Nilry\u0027s Codex"}],"event_choices":[{"damage_healed":0,"gold_gain":175,"player_choice":"AGREE","damage_taken":0,"max_hp_gain":0,"max_hp_loss":0,"event_name":"Liars Game","floor":4,"gold_loss":0,"cards_obtained":["Doubt"]},{"damage_healed":0,"gold_gain":0,"player_choice":"Box","damage_taken":0,"relics_obtained":["Smiling Mask"],"max_hp_gain":0,"max_hp_loss":0,"event_name":"Big Fish","floor":14,"gold_loss":0,"cards_obtained":["Regret"]},{"damage_healed":0,"gold_gain":0,"player_choice":"Obtained Book","damage_taken":16,"max_hp_gain":0,"max_hp_loss":0,"event_name":"Cursed Tome","floor":27,"gold_loss":0}],"is_beta":false,"boss_relics":[{"not_picked":["Ectoplasm","Fusion Hammer"],"picked":"Black Star"}],"items_purged_floors":[2,8,20],"is_endless":false,"potions_floor_spawned":[5,7,10,12,18,21,22],"killed_by":"Slavers","ascension_level":0}