{"gold_per_floor":[111,111,126,126,142,142,172,18,18,18,36,53,53,71,71,71],"floor_reached":16,"playtime":765,"items_purged":[],"score":117,"play_id":"8d840460-35fa-4e52-aa83-63f122c3dc95","local_time":"20190211211812","is_ascension_mode":true,"campfire_choices":[{"data":"Die Die Die","floor":6,"key":"SMITH"},{"data":"Unload","floor":10,"key":"SMITH"},{"data":"Blur","floor":13,"key":"SMITH"},{"floor":15,"key":"REST"}],"neow_cost":"TEN_PERCENT_HP_LOSS","seed_source_timestamp":264884208686757,"circlet_count":0,"master_deck":["Defend_G","Defend_G","Defend_G","Defend_G","Defend_G","Strike_G+1","Strike_G","Strike_G","Strike_G","Strike_G","Survivor","Neutralize+1","Die Die Die+1","Cloak And Dagger+1","Blade Dance","PiercingWail","Finisher","Unload+1","Finisher","Riddle With Holes","Blur+1","PiercingWail"],"relics":["Ring of the Snake","Bird Faced Urn","Nunchaku"],"potions_floor_usage":[7,16,16],"damage_taken":[{"damage":7,"enemies":"Jaw Worm","floor":1,"turns":3},{"damage":0,"enemies":"Small Slimes","floor":3,"turns":1},{"damage":1,"enemies":"Cultist","floor":5,"turns":3},{"damage":13,"enemies":"Gremlin Nob","floor":7,"turns":4},{"damage":7,"enemies":"Gremlin Gang","floor":11,"turns":3},{"damage":10,"enemies":"Lots of Slimes","floor":12,"turns":3},{"damage":1,"enemies":"Blue Slaver","floor":14,"turns":2},{"damage":37,"enemies":"The Guardian","floor":16,"turns":10}],"seed_played":"-2081809931784705891","potions_obtained":[{"floor":3,"key":"Fire Potion"},{"floor":5,"key":"Weak Potion"},{"floor":14,"key":"Strength Potion"}],"is_trial":false,"path_per_floor":["M","?","M","?","M","R","E","$","T","R","M","M","R","M","R","B"],"character_chosen":"THE_SILENT","items_purchased":["Unload","Finisher"],"campfire_rested":1,"item_purchase_floors":[8,8],"current_hp_per_floor":[56,43,43,43,42,42,29,29,29,29,22,12,12,11,29,0],"gold":71,"neow_bonus":"THREE_RARE_CARDS","is_prod":false,"is_daily":false,"chose_seed":false,"campfire_upgraded":3,"win_rate":0,"timestamp":1549948692,"path_taken":["M","?","M","?","M","R","E","?","T","R","M","?","R","?","R","BOSS"],"build_version":"2019-01-23","purchased_purges":0,"victory":false,"max_hp_per_floor":[63,63,63,63,63,63,63,63,63,63,63,63,63,63,63,63],"card_choices":[{"not_picked":["A Thousand Cuts","Adrenaline"],"picked":"Die Die Die","floor":0},{"not_picked":["Bane","Blade Dance"],"picked":"Cloak And Dagger","floor":1},{"not_picked":["Underhanded Strike","Prepared"],"picked":"Blade Dance","floor":3},{"not_picked":["Underhanded Strike","Dagger Spray"],"picked":"PiercingWail","floor":5},{"not_picked":["Skewer","Prepared"],"picked":"Finisher","floor":7},{"not_picked":["Poisoned Stab","Reflex"],"picked":"Riddle With Holes","floor":11},{"not_picked":["Bane","Flechettes"],"picked":"Blur","floor":12},{"not_picked":["Deadly Poison","Prepared"],"picked":"PiercingWail","floor":14}],"player_experience":156774,"relics_obtained":[{"floor":7,"key":"Bird Faced Urn"},{"floor":9,"key":"Nunchaku"}],"event_choices":[{"damage_healed":0,"gold_gain":0,"player_choice":"Entered Light","damage_taken":13,"max_hp_gain":0,"max_hp_loss":0,"event_name":"Shining Light","floor":2,"gold_loss":0,"cards_upgraded":["Cloak And Dagger","Strike_G"]},{"damage_healed":0,"gold_gain":0,"player_choice":"Grow","damage_taken":0,"max_hp_gain":0,"max_hp_loss":0,"event_name":"Living Wall","floor":4,"gold_loss":0,"cards_upgraded":["Neutralize"]}],"is_beta":false,"boss_relics":[],"items_purged_floors":[],"is_endless":false,"potions_floor_spawned":[3,5,14],"killed_by":"The Guardian","ascension_level":3}