{"gold_per_floor":[110,39,53,53,53,114,124,143,167,198,198,217,227,198,198,299,299,315,328,340,91,103,135,135,135,161,191,211,211,223,223,223,319,319,338,352,363,363,378,378,378],"floor_reached":41,"playtime":4138,"items_purged":[],"score":574,"play_id":"857d6f75-7336-4c47-8147-fc0e732f09c2","local_time":"20190219182753","is_ascension_mode":true,"campfire_choices":[{"floor":11,"key":"REST"},{"floor":15,"key":"REST"},{"floor":24,"key":"REST"},{"data":"Armaments","floor":29,"key":"SMITH"},{"floor":32,"key":"REST"},{"floor":40,"key":"REST"}],"neow_cost":"NONE","seed_source_timestamp":389658280582551,"circlet_count":0,"master_deck":["Defend_R","Defend_R","Defend_R","Defend_R","Bash","Corruption","Inflame","True Grit","Spot Weakness","Entrench","Metallicize","Seeing Red","Armaments+1","Feel No Pain","Dark Embrace","True Grit+1","Flame Barrier+1","Sentinel","Heavy Blade","Flex","Bite","Bite","Bite","Bite","Bite","Rage","Heavy Blade+1","Juggernaut+1","Body Slam+1","Inflame+1"],"relics":["Burning Blood","NeowsBlessing","Tiny Chest","Ancient Tea Set","Pen Nib","Busted Crown","Bottled Lightning","Smiling Mask","Frozen Egg 2","Nilry\u0027s Codex","Mark of Pain"],"potions_floor_usage":[10,16,16,20,22,22,27,33,33,33,39,39,41],"damage_taken":[{"damage":0,"enemies":"Cultist","floor":1,"turns":1},{"damage":0,"enemies":"Jaw Worm","floor":3,"turns":1},{"damage":0,"enemies":"3 Sentries","floor":6,"turns":1},{"damage":2,"enemies":"Small Slimes","floor":7,"turns":5},{"damage":6,"enemies":"2 Fungi Beasts","floor":8,"turns":6},{"damage":50,"enemies":"Gremlin Nob","floor":10,"turns":7},{"damage":4,"enemies":"Exordium Wildlife","floor":12,"turns":6},{"damage":12,"enemies":"3 Louse","floor":13,"turns":6},{"damage":17,"enemies":"Exordium Thugs","floor":14,"turns":5},{"damage":31,"enemies":"Slime Boss","floor":16,"turns":10},{"damage":19,"enemies":"Spheric Guardian","floor":18,"turns":6},{"damage":55,"enemies":"3 Byrds","floor":19,"turns":8},{"damage":9,"enemies":"Centurion and Healer","floor":20,"turns":9},{"damage":7,"enemies":"Snake Plant","floor":22,"turns":5},{"damage":6,"enemies":"Book of Stabbing","floor":23,"turns":6},{"damage":17,"enemies":"Slavers","floor":27,"turns":6},{"damage":25,"enemies":"3 Cultists","floor":28,"turns":7},{"damage":44,"enemies":"Chosen and Byrds","floor":30,"turns":9},{"damage":19,"enemies":"Automaton","floor":33,"turns":10},{"damage":25,"enemies":"3 Shapes","floor":35,"turns":7},{"damage":16,"enemies":"Orb Walker","floor":36,"turns":5},{"damage":19,"enemies":"4 Shapes","floor":37,"turns":6},{"damage":29,"enemies":"Jaw Worm Horde","floor":39,"turns":5},{"damage":39,"enemies":"Writhing Mass","floor":41,"turns":3}],"seed_played":"-974857219213736079","potions_obtained":[{"floor":3,"key":"Weak Potion"},{"floor":6,"key":"EssenceOfSteel"},{"floor":10,"key":"PowerPotion"},{"floor":13,"key":"Explosive Potion"},{"floor":19,"key":"SpeedPotion"},{"floor":20,"key":"AttackPotion"},{"floor":23,"key":"Ancient Potion"},{"floor":27,"key":"Explosive Potion"},{"floor":28,"key":"Dexterity Potion"},{"floor":35,"key":"PowerPotion"},{"floor":37,"key":"AttackPotion"},{"floor":39,"key":"Poison Potion"}],"is_trial":false,"path_per_floor":["M","$","M","?","?","E","M","M","T","E","R","M","M","M","R","B",null,"M","M","M","$","M","E","R","?","T","E","M","R","M","?","R","B",null,"M","M","M","?","M","R","M"],"character_chosen":"IRONCLAD","items_purchased":["Corruption","Sentinel","Heavy Blade","BloodPotion","Swift Potion"],"campfire_rested":5,"item_purchase_floors":[2,21,21,21,21],"current_hp_per_floor":[80,80,80,73,73,79,80,80,80,36,60,62,56,45,69,44,80,67,18,15,15,22,22,46,46,46,52,49,49,29,13,29,31,56,43,40,35,35,19,35,0],"gold":378,"neow_bonus":"THREE_ENEMY_KILL","is_prod":false,"is_daily":false,"chose_seed":false,"campfire_upgraded":1,"win_rate":0,"timestamp":1550597273,"path_taken":["M","$","M","?","?","E","M","M","T","E","R","M","M","M","R","BOSS","M","M","M","$","M","E","R","?","T","E","M","R","M","?","R","BOSS","M","M","M","?","M","R","M"],"build_version":"2019-01-23","purchased_purges":0,"victory":false,"max_hp_per_floor":[80,80,80,80,80,80,80,80,80,80,80,80,80,80,80,80,80,80,80,80,80,80,80,80,56,56,56,56,56,56,56,56,56,56,56,56,56,56,56,56,56],"card_choices":[{"not_picked":["Perfected Strike","Bloodletting","Iron Wave"],"picked":"SKIP","floor":1},{"not_picked":["Sword Boomerang","Twin Strike"],"picked":"Inflame","floor":3},{"not_picked":["Fire Breathing","Searing Blow"],"picked":"True Grit","floor":6},{"not_picked":["Pummel","Wild Strike"],"picked":"Spot Weakness","floor":7},{"not_picked":["Twin Strike","Havoc"],"picked":"Entrench","floor":8},{"not_picked":["Bludgeon","Blood for Blood"],"picked":"Metallicize","floor":10},{"not_picked":["Hemokinesis","Blood for Blood"],"picked":"Seeing Red","floor":12},{"not_picked":["True Grit","Twin Strike"],"picked":"Armaments","floor":13},{"not_picked":["Anger","Rupture"],"picked":"Feel No Pain","floor":14},{"not_picked":["Berserk","Impervious"],"picked":"Dark Embrace","floor":16},{"not_picked":[],"picked":"True Grit+1","floor":18},{"not_picked":["Second Wind"],"picked":"SKIP","floor":19},{"not_picked":[],"picked":"Flame Barrier+1","floor":20},{"not_picked":["Corruption+1"],"picked":"SKIP","floor":22},{"not_picked":[],"picked":"Flex","floor":23},{"not_picked":["Blood for Blood"],"picked":"SKIP","floor":27},{"not_picked":[],"picked":"Rage","floor":28},{"not_picked":[],"picked":"Heavy Blade+1","floor":30},{"not_picked":[],"picked":"Juggernaut+1","floor":33},{"not_picked":["Searing Blow"],"picked":"SKIP","floor":35},{"not_picked":[],"picked":"Body Slam+1","floor":36},{"not_picked":["Clash"],"picked":"SKIP","floor":37},{"not_picked":[],"picked":"Inflame+1","floor":39}],"player_experience":162852,"relics_obtained":[{"floor":6,"key":"Tiny Chest"},{"floor":9,"key":"Ancient Tea Set"},{"floor":10,"key":"Pen Nib"},{"floor":23,"key":"Bottled Lightning"},{"floor":26,"key":"Smiling Mask"},{"floor":27,"key":"Frozen Egg 2"},{"floor":31,"key":"Nilry\u0027s Codex"}],"event_choices":[{"cards_removed":["Strike_R"],"damage_healed":0,"gold_gain":0,"player_choice":"Card Removal","damage_taken":7,"max_hp_gain":0,"max_hp_loss":0,"event_name":"Golden Wing","floor":4,"gold_loss":0},{"damage_healed":0,"gold_gain":0,"player_choice":"Leave","damage_taken":0,"max_hp_gain":0,"max_hp_loss":0,"event_name":"The Cleric","floor":5,"gold_loss":0},{"damage_healed":0,"gold_gain":0,"player_choice":"Became a vampire","damage_taken":0,"max_hp_gain":0,"max_hp_loss":24,"event_name":"Vampires","floor":25,"gold_loss":0,"cards_obtained":["Bite","Bite","Bite","Bite","Bite"]},{"damage_healed":0,"gold_gain":0,"player_choice":"Obtained Book","damage_taken":16,"max_hp_gain":0,"max_hp_loss":0,"event_name":"Cursed Tome","floor":31,"gold_loss":0},{"damage_healed":0,"gold_gain":0,"player_choice":"Ignored","damage_taken":0,"max_hp_gain":0,"max_hp_loss":0,"event_name":"Tomb of Lord Red Mask","floor":38,"gold_loss":0}],"is_beta":false,"boss_relics":[{"not_picked":["Eternal Feather","Fusion Hammer"],"picked":"Busted Crown"},{"not_picked":["Runic Dome","Cursed Key"],"picked":"Mark of Pain"}],"items_purged_floors":[],"is_endless":false,"potions_floor_spawned":[3,6,10,13,19,20,23,27,28,35,37,39],"killed_by":"Writhing Mass","ascension_level":2}