{"gold_per_floor":[17,17,37,54,72,99,113,145,192,220,27,27,27,40,40,141,141,154,154,154,177,196,196,48,48,74,74,99,118,118,131,131,230,230,240,23,39,53,67,93,106,133,133,133,168,168,179,23,23,23,23,23,23,48,48],"floor_reached":56,"playtime":3574,"items_purged":["Injury","Pain"],"score":1540,"play_id":"c7eb515c-2351-423e-a9b5-349e7cd35782","local_time":"20181213013328","is_ascension_mode":true,"campfire_choices":[{"data":"Static Discharge","floor":13,"key":"SMITH"},{"data":"Loop","floor":15,"key":"SMITH"},{"data":"Coolheaded","floor":23,"key":"SMITH"},{"data":"Storm","floor":25,"key":"SMITH"},{"data":"Chill","floor":27,"key":"SMITH"},{"data":"Capacitor","floor":32,"key":"SMITH"},{"floor":49,"key":"RECALL"},{"data":"Capacitor","floor":52,"key":"SMITH"}],"neow_cost":"NO_GOLD","seed_source_timestamp":23089453146047,"circlet_count":0,"master_deck":["Defend_B","Defend_B","Defend_B","Zap","Dualcast","Rip and Tear","Coolheaded+1","Cold Snap","Sweeping Beam","Loop+1","Chill+1","Hologram","Static Discharge+1","Ball Lightning+1","Cold Snap+1","Hyperbeam+1","Sunder+1","Capacitor+1","Double Energy","Capacitor+1","Stack","Storm+1","Barrage+1","Cold Snap+1","Ghostly","Ghostly","Ghostly","Ghostly","Ghostly","Biased Cognition","Electrodynamics","Barrage+1","Barrage+1","White Noise+1","Stack","BootSequence","Undo","Undo","Seek","Seek","Go for the Eyes+1","Thunder Strike+1","Chill","Coolheaded+1","FTL+1","Discovery","Defragment+1"],"relics":["Cracked Core","Du-Vu Doll","Molten Egg 2","Potion Belt","Shuriken","DataDisk","Cursed Key","Bag of Preparation","Regal Pillow","Orrery","PreservedInsect","Letter Opener","Bronze Scales","Anchor"],"potions_floor_usage":[6,16,29,33,39,40,45,55,55,55,55],"damage_taken":[{"damage":0,"enemies":"Small Slimes","floor":1,"turns":3},{"damage":0,"enemies":"Cultist","floor":3,"turns":3},{"damage":0,"enemies":"2 Louse","floor":4,"turns":1},{"damage":5,"enemies":"Blue Slaver","floor":5,"turns":3},{"damage":22,"enemies":"Lagavulin","floor":6,"turns":6},{"damage":8,"enemies":"Gremlin Gang","floor":7,"turns":3},{"damage":15,"enemies":"Gremlin Nob","floor":8,"turns":4},{"damage":0,"enemies":"3 Sentries","floor":10,"turns":6},{"damage":0,"enemies":"Exordium Wildlife","floor":14,"turns":4},{"damage":0,"enemies":"Hexaghost","floor":16,"turns":10},{"damage":0,"enemies":"Spheric Guardian","floor":18,"turns":3},{"damage":3,"enemies":"Chosen","floor":22,"turns":4},{"damage":9,"enemies":"Gremlin Leader","floor":28,"turns":5},{"damage":17,"enemies":"Shelled Parasite and Fungi","floor":29,"turns":3},{"damage":0,"enemies":"Cultist and Chosen","floor":31,"turns":5},{"damage":8,"enemies":"Champ","floor":33,"turns":7},{"damage":0,"enemies":"Orb Walker","floor":35,"turns":2},{"damage":0,"enemies":"3 Darklings","floor":37,"turns":5},{"damage":0,"enemies":"Jaw Worm Horde","floor":38,"turns":3},{"damage":4,"enemies":"Spire Growth","floor":39,"turns":5},{"damage":8,"enemies":"Giant Head","floor":40,"turns":9},{"damage":0,"enemies":"4 Shapes","floor":41,"turns":2},{"damage":0,"enemies":"Reptomancer","floor":42,"turns":5},{"damage":0,"enemies":"Giant Head","floor":45,"turns":7},{"damage":0,"enemies":"Writhing Mass","floor":47,"turns":4},{"damage":3,"enemies":"Donu and Deca","floor":50,"turns":8},{"damage":16,"enemies":"Shield and Spear","floor":54,"turns":3},{"damage":6,"enemies":"The Heart","floor":55,"turns":9}],"seed_played":"2385496158796524452","potions_obtained":[{"floor":1,"key":"Fire Potion"},{"floor":7,"key":"Energy Potion"},{"floor":8,"key":"SkillPotion"},{"floor":10,"key":"SpeedPotion"},{"floor":14,"key":"Poison Potion"},{"floor":18,"key":"SpeedPotion"},{"floor":29,"key":"SteroidPotion"},{"floor":35,"key":"Explosive Potion"},{"floor":39,"key":"Ancient Potion"},{"floor":42,"key":"FocusPotion"},{"floor":45,"key":"SneckoOil"},{"floor":47,"key":"Strength Potion"},{"floor":54,"key":"Energy Potion"}],"is_trial":false,"path_per_floor":["M","?","M","M","M","E","M","E","T","E","$","$","R","M","R","B",null,"M","?","?","T","M","R","$","R","T","R","E","M","?","M","R","B",null,"M","$","M","M","M","E","M","E","T","?","E","T","M","$","R","B",null,"R","$","E","B",null],"character_chosen":"DEFECT","items_purchased":["DataDisk","Ball Lightning+1","Storm","Weak Potion","Undo","FTL+1","Discovery"],"campfire_rested":0,"item_purchase_floors":[11,11,24,36,36,48,48],"current_hp_per_floor":[75,75,75,75,70,48,40,25,25,25,25,25,25,25,25,25,75,75,75,75,75,72,72,72,72,72,72,63,46,37,37,37,29,37,37,37,37,37,33,25,25,25,25,25,25,25,25,25,25,22,37,37,37,21,15],"gold":48,"neow_bonus":"REMOVE_TWO","is_prod":false,"is_daily":false,"chose_seed":false,"campfire_upgraded":7,"win_rate":0,"timestamp":1544682808,"path_taken":["M","?","M","M","M","E","M","E","T","E","?","$","R","M","R","BOSS","M","?","?","?","?","R","$","R","T","R","E","M","?","M","R","BOSS","M","$","M","M","M","E","M","E","T","?","E","?","?","?","R","BOSS","R","$","E","BOSS"],"build_version":"2018-12-11","purchased_purges":2,"victory":true,"max_hp_per_floor":[75,75,75,75,75,75,75,75,75,75,75,75,75,75,75,75,75,75,75,75,75,75,75,75,75,75,75,75,75,37,37,37,37,37,37,37,37,37,37,37,37,37,37,37,37,37,37,37,37,37,37,37,37,37,37],"card_choices":[{"not_picked":["Stack","Barrage"],"picked":"Rip and Tear","floor":1},{"not_picked":["Blizzard","Hello World"],"picked":"Coolheaded","floor":3},{"not_picked":["Reprogram","Go for the Eyes"],"picked":"Cold Snap","floor":4},{"not_picked":["Beam Cell","Force Field"],"picked":"Sweeping Beam","floor":5},{"not_picked":["Tempest","Rip and Tear"],"picked":"Loop","floor":6},{"not_picked":["Rebound","Hologram"],"picked":"Chill","floor":7},{"not_picked":["Barrage","Amplify"],"picked":"Hologram","floor":8},{"not_picked":["Streamline+1","Redo"],"picked":"Static Discharge","floor":10},{"not_picked":["Redo","Coolheaded"],"picked":"Cold Snap+1","floor":14},{"not_picked":["All For One+1","Seek"],"picked":"Hyperbeam+1","floor":16},{"not_picked":["Streamline+1","Stack"],"picked":"Sunder+1","floor":18},{"not_picked":["Skim","Sweeping Beam+1"],"picked":"Stack","floor":22},{"not_picked":["Lockon+1","Redo"],"picked":"Barrage+1","floor":28},{"not_picked":["Reprogram","Coolheaded"],"picked":"Cold Snap+1","floor":29},{"not_picked":["Sweeping Beam+1","Scrape+1"],"picked":"Biased Cognition","floor":31},{"not_picked":["Seek","Multi-Cast"],"picked":"Electrodynamics","floor":33},{"not_picked":["Multi-Cast","Compile Driver+1"],"picked":"Barrage+1","floor":34},{"not_picked":["Sunder+1","Hello World+1"],"picked":"Barrage+1","floor":34},{"not_picked":["Tempest","Redo+1"],"picked":"White Noise+1","floor":34},{"not_picked":["Compile Driver+1","Rebound+1"],"picked":"Stack","floor":34},{"not_picked":["Go for the Eyes+1","Tempest+1"],"picked":"BootSequence","floor":34},{"not_picked":["Cold Snap+1","Heatsinks"],"picked":"Undo","floor":35},{"not_picked":["Ball Lightning+1","Blizzard+1","Stack"],"picked":"SKIP","floor":37},{"not_picked":["Streamline+1","Rip and Tear+1","Scrape+1"],"picked":"SKIP","floor":38},{"not_picked":["Turbo+1","Stack+1"],"picked":"Seek","floor":39},{"not_picked":["Rebound+1","Streamline+1"],"picked":"Seek","floor":40},{"not_picked":["Hologram","Blizzard+1"],"picked":"Go for the Eyes+1","floor":41},{"not_picked":["Coolheaded+1","Leap+1"],"picked":"Thunder Strike+1","floor":42},{"not_picked":["Barrage+1","Recycle+1"],"picked":"Chill","floor":45},{"not_picked":["Go for the Eyes+1","Capacitor"],"picked":"Coolheaded+1","floor":47},{"not_picked":["Conserve Battery","Hologram"],"picked":"Defragment+1","floor":54}],"player_experience":3786385,"relics_obtained":[{"floor":6,"key":"Du-Vu Doll"},{"floor":8,"key":"Molten Egg 2"},{"floor":9,"key":"Potion Belt"},{"floor":10,"key":"Shuriken"},{"floor":21,"key":"Bag of Preparation"},{"floor":28,"key":"Regal Pillow"},{"floor":40,"key":"PreservedInsect"},{"floor":42,"key":"Letter Opener"},{"floor":45,"key":"Bronze Scales"},{"floor":54,"key":"Anchor"}],"event_choices":[{"cards_removed":["Strike_B"],"damage_healed":0,"gold_gain":0,"player_choice":"Offered Basic","damage_taken":0,"max_hp_gain":0,"max_hp_loss":0,"event_name":"Bonfire Elementals","floor":2,"gold_loss":0},{"damage_healed":0,"gold_gain":0,"player_choice":"Read","damage_taken":0,"max_hp_gain":0,"max_hp_loss":0,"event_name":"The Library","floor":19,"gold_loss":0,"cards_obtained":["Capacitor"]},{"damage_healed":0,"gold_gain":0,"cards_transformed":["Strike_B","Strike_B"],"player_choice":"Became Test Subject","damage_taken":0,"max_hp_gain":0,"max_hp_loss":0,"event_name":"Drug Dealer","floor":20,"gold_loss":0,"cards_obtained":["Double Energy","Capacitor"]},{"damage_healed":0,"gold_gain":0,"player_choice":"Became a Ghost","damage_taken":0,"max_hp_gain":0,"max_hp_loss":38,"event_name":"Ghosts","floor":30,"gold_loss":0,"cards_obtained":["Ghostly","Ghostly","Ghostly","Ghostly","Ghostly"]},{"damage_healed":0,"gold_gain":0,"player_choice":"Ignored","damage_taken":0,"max_hp_gain":0,"max_hp_loss":0,"event_name":"Tomb of Lord Red Mask","floor":44,"gold_loss":0}],"is_beta":true,"boss_relics":[{"not_picked":["FrozenCore","Nuclear Battery"],"picked":"Cursed Key"},{"not_picked":["Eternal Feather","Runic Pyramid"],"picked":"Orrery"}],"items_purged_floors":[24,36],"is_endless":false,"potions_floor_spawned":[1,7,8,10,14,18,29,35,39,42,45,47,54],"ascension_level":1}