{"gold_per_floor":[111,124,124,136,53,83,48,48,48,80,45,45,77,77,77,77],"floor_reached":16,"playtime":422,"items_purged":[],"score":232,"play_id":"5c3dfc89-1c8d-4188-8c4c-7f1bddcadeb0","local_time":"20190220201431","is_ascension_mode":true,"campfire_choices":[{"data":"Neutralize","floor":8,"key":"SMITH"},{"data":"Finisher","floor":12,"key":"SMITH"},{"data":"Caltrops","floor":15,"key":"SMITH"}],"neow_cost":"NONE","seed_source_timestamp":40043398578073,"circlet_count":0,"master_deck":["AscendersBane","Defend_G","Defend_G","Defend_G","Defend_G","Defend_G","Strike_G","Strike_G","Strike_G","Strike_G","Strike_G","Survivor","Neutralize+1","Finisher+1","Blade Dance","Cloak And Dagger","Footwork","Flying Knee","Caltrops+1","Cloak And Dagger"],"relics":["Ring of the Snake","NeowsBlessing","Mercury Hourglass","Omamori","Pantograph","Tingsha","Frozen Egg 2"],"potions_floor_usage":[6,6,13],"damage_taken":[{"damage":0,"enemies":"Jaw Worm","floor":1,"turns":1},{"damage":0,"enemies":"2 Louse","floor":2,"turns":1},{"damage":0,"enemies":"Small Slimes","floor":4,"turns":1},{"damage":27,"enemies":"3 Sentries","floor":6,"turns":8},{"damage":27,"enemies":"Lagavulin","floor":10,"turns":8},{"damage":5,"enemies":"Gremlin Nob","floor":13,"turns":3},{"damage":48,"enemies":"Slime Boss","floor":16,"turns":9}],"seed_played":"2142638883921572112","potions_obtained":[{"floor":1,"key":"Explosive Potion"},{"floor":4,"key":"AttackPotion"},{"floor":10,"key":"Fire Potion"}],"is_trial":false,"path_per_floor":["M","M","?","M","$","E","?","R","T","E","?","R","E","T","R","B"],"character_chosen":"THE_SILENT","items_purchased":["Footwork"],"campfire_rested":0,"item_purchase_floors":[5],"current_hp_per_floor":[59,59,64,64,64,37,54,54,54,27,27,27,22,22,22,0],"gold":77,"neow_bonus":"THREE_ENEMY_KILL","is_prod":false,"is_daily":false,"chose_seed":false,"campfire_upgraded":3,"win_rate":0,"timestamp":1550711671,"path_taken":["M","M","?","M","$","E","?","R","T","E","?","R","E","?","R","BOSS"],"build_version":"2019-01-23","purchased_purges":0,"victory":false,"max_hp_per_floor":[66,66,71,71,71,71,71,71,71,71,71,71,71,71,71,71],"card_choices":[{"not_picked":["Choke","Outmaneuver"],"picked":"Finisher","floor":1},{"not_picked":["Deadly Poison","Poisoned Stab"],"picked":"Blade Dance","floor":2},{"not_picked":["Slice","PiercingWail"],"picked":"Cloak And Dagger","floor":4},{"not_picked":["Flechettes","Blade Dance"],"picked":"Flying Knee","floor":6},{"not_picked":["Skewer","Leg Sweep"],"picked":"Caltrops","floor":10},{"not_picked":["Flying Knee","Quick Slash"],"picked":"Cloak And Dagger","floor":13}],"player_experience":970500,"relics_obtained":[{"floor":6,"key":"Mercury Hourglass"},{"floor":9,"key":"Omamori"},{"floor":10,"key":"Pantograph"},{"floor":13,"key":"Tingsha"},{"floor":14,"key":"Frozen Egg 2"}],"event_choices":[{"damage_healed":0,"gold_gain":0,"player_choice":"Donut","damage_taken":0,"max_hp_gain":5,"max_hp_loss":0,"event_name":"Big Fish","floor":3,"gold_loss":0},{"damage_healed":17,"gold_gain":0,"player_choice":"Healed","damage_taken":0,"max_hp_gain":0,"max_hp_loss":0,"event_name":"The Cleric","floor":7,"gold_loss":35},{"damage_healed":0,"gold_gain":0,"player_choice":"Left Gold","damage_taken":0,"max_hp_gain":0,"max_hp_loss":0,"event_name":"World of Goop","floor":11,"gold_loss":35}],"is_beta":false,"boss_relics":[],"items_purged_floors":[],"is_endless":false,"potions_floor_spawned":[1,4,10],"killed_by":"Slime Boss","ascension_level":20}