{"gold_per_floor":[115,128,128,25,43,43,63,91,91,119,141,153,177,206,218,306,318,346,370,382],"floor_reached":20,"playtime":880,"items_purged":["Regret"],"score":360,"play_id":"adc0eaf2-6dcf-40eb-a659-8716ea5047ce","local_time":"20190120174343","is_ascension_mode":true,"campfire_choices":[{"data":"Streamline","floor":6,"key":"SMITH"},{"floor":12,"key":"REST"},{"data":"Barrage","floor":15,"key":"SMITH"}],"neow_cost":"NONE","seed_source_timestamp":894256256879572,"circlet_count":0,"master_deck":["AscendersBane","Strike_B","Strike_B","Strike_B","Strike_B","Defend_B","Defend_B","Defend_B","Defend_B","Zap","Dualcast","Streamline+1","Coolheaded","Rebound","Barrage+1","Sweeping Beam","Cold Snap","Ball Lightning","FTL","Cold Snap","Conserve Battery","All For One","Defragment","Cold Snap","Hologram","Gash","Compile Driver","Genetic Algorithm","Gash"],"relics":["Cracked Core","Matryoshka","Mummified Hand","MawBank","Blue Candle","Orrery"],"potions_floor_usage":[8,16,16],"damage_taken":[{"damage":2,"enemies":"Jaw Worm","floor":1,"turns":3},{"damage":0,"enemies":"2 Louse","floor":2,"turns":3},{"damage":5,"enemies":"Small Slimes","floor":5,"turns":3},{"damage":5,"enemies":"2 Fungi Beasts","floor":7,"turns":4},{"damage":22,"enemies":"Lagavulin","floor":8,"turns":6},{"damage":10,"enemies":"Blue Slaver","floor":10,"turns":3},{"damage":7,"enemies":"Red Slaver","floor":11,"turns":2},{"damage":6,"enemies":"Lots of Slimes","floor":13,"turns":3},{"damage":9,"enemies":"Looter","floor":14,"turns":3},{"damage":16,"enemies":"The Guardian","floor":16,"turns":13},{"damage":9,"enemies":"3 Byrds","floor":18,"turns":5},{"damage":29,"enemies":"Shell Parasite","floor":19,"turns":7},{"damage":18,"enemies":"Colosseum Slavers","floor":20,"turns":2}],"seed_played":"-2712827836071455663","potions_obtained":[{"floor":1,"key":"Energy Potion"},{"floor":5,"key":"LiquidBronze"},{"floor":11,"key":"FearPotion"}],"is_trial":false,"path_per_floor":["M","M","?","$","M","R","M","E","T","M","M","R","M","M","R","B",null,"M","M","?"],"character_chosen":"DEFECT","items_purchased":["Barrage"],"campfire_rested":1,"item_purchase_floors":[4],"current_hp_per_floor":[62,62,62,62,57,57,52,30,30,20,13,34,28,19,19,3,54,45,16,0],"gold":382,"neow_bonus":"THREE_CARDS","is_prod":false,"is_daily":false,"chose_seed":false,"campfire_upgraded":2,"win_rate":0,"timestamp":1548024223,"path_taken":["M","M","?","$","M","R","M","E","T","M","M","R","M","M","R","BOSS","M","M","?"],"build_version":"2019-01-19","purchased_purges":1,"victory":false,"max_hp_per_floor":[71,71,71,71,71,71,71,71,71,71,71,71,71,71,71,71,71,71,71,71],"card_choices":[{"not_picked":["Compile Driver","Coolheaded"],"picked":"Streamline","floor":0},{"not_picked":["Loop","Go for the Eyes"],"picked":"Coolheaded","floor":1},{"not_picked":["Blizzard","Redo"],"picked":"Rebound","floor":2},{"not_picked":["Coolheaded","Gash"],"picked":"Sweeping Beam","floor":5},{"not_picked":["Rebound","Force Field"],"picked":"Cold Snap","floor":7},{"not_picked":["Consume","Thunder Strike"],"picked":"Ball Lightning","floor":8},{"not_picked":["Stack","Compile Driver"],"picked":"FTL","floor":10},{"not_picked":["Recycle","Rip and Tear"],"picked":"Cold Snap","floor":11},{"not_picked":["Darkness","Go for the Eyes","Chaos"],"picked":"SKIP","floor":13},{"not_picked":["Sunder","Barrage"],"picked":"Conserve Battery","floor":14},{"not_picked":["Creative AI","Thunder Strike"],"picked":"All For One","floor":16},{"not_picked":["Go for the Eyes","Gash"],"picked":"Defragment","floor":17},{"not_picked":["Sweeping Beam","Turbo"],"picked":"Cold Snap","floor":17},{"not_picked":["Sweeping Beam","Darkness"],"picked":"Hologram","floor":17},{"not_picked":["Machine Learning","Storm"],"picked":"Gash","floor":17},{"not_picked":["Double Energy","Aggregate"],"picked":"Compile Driver","floor":17},{"not_picked":["Fusion","Leap"],"picked":"Genetic Algorithm","floor":18},{"not_picked":["Steam+1","Compile Driver"],"picked":"Gash","floor":19}],"player_experience":797291,"relics_obtained":[{"floor":8,"key":"Mummified Hand"},{"floor":9,"key":"MawBank"},{"floor":9,"key":"Blue Candle"}],"event_choices":[{"damage_healed":0,"gold_gain":0,"player_choice":"Box","damage_taken":0,"relics_obtained":["Matryoshka"],"max_hp_gain":0,"max_hp_loss":0,"event_name":"Big Fish","floor":3,"gold_loss":0,"cards_obtained":["Regret"]},{"damage_healed":0,"gold_gain":0,"player_choice":"Fight","damage_taken":0,"max_hp_gain":0,"max_hp_loss":0,"event_name":"Colosseum","floor":20,"gold_loss":0}],"is_beta":true,"boss_relics":[{"not_picked":["Coffee Dripper","White Beast Statue"],"picked":"Orrery"}],"items_purged_floors":[4],"is_endless":false,"potions_floor_spawned":[1,5,11,13],"killed_by":"Colosseum Slavers","ascension_level":20}