{"gold_per_floor":[116,131,43,61,111,111,138,148,195,195,18,35,50,79,79,154,204,217,217,2,52,67,83,83],"floor_reached":24,"playtime":974,"items_purged":["Strike_G"],"score":416,"play_id":"e9b245ac-3a13-43f9-83f9-2b3c8880a8fd","local_time":"20190127092822","is_ascension_mode":true,"campfire_choices":[{"data":"Noxious Fumes","floor":6,"key":"SMITH"},{"data":"Adrenaline","floor":10,"key":"SMITH"},{"floor":15,"key":"REST"}],"neow_cost":"NONE","seed_source_timestamp":1469274734353624,"circlet_count":0,"master_deck":["AscendersBane","Defend_G","Defend_G","Defend_G","Defend_G","Defend_G","Strike_G","Strike_G","Strike_G","Strike_G","Survivor","Neutralize+1","Dagger Spray","Escape Plan","Noxious Fumes+1","Endless Agony","Backflip","Adrenaline+1","Noxious Fumes","Deadly Poison+1","Bouncing Flask","Deadly Poison","Night Terror","Cloak And Dagger"],"relics":["Ring of the Snake","Bottled Tornado","Boot","Snake Skull","Tiny House","TwistedFunnel"],"potions_floor_usage":[13,18,19,23,24],"damage_taken":[{"damage":0,"enemies":"2 Louse","floor":1,"turns":5},{"damage":0,"enemies":"Cultist","floor":2,"turns":3},{"damage":2,"enemies":"Jaw Worm","floor":4,"turns":6},{"damage":17,"enemies":"Lagavulin","floor":7,"turns":8},{"damage":0,"enemies":"2 Fungi Beasts","floor":8,"turns":2},{"damage":4,"enemies":"Exordium Wildlife","floor":12,"turns":3},{"damage":12,"enemies":"Exordium Thugs","floor":13,"turns":3},{"damage":17,"enemies":"3 Sentries","floor":14,"turns":5},{"damage":16,"enemies":"Slime Boss","floor":16,"turns":7},{"damage":0,"enemies":"Chosen","floor":18,"turns":3},{"damage":22,"enemies":"Colosseum Slavers","floor":19,"turns":4},{"damage":14,"enemies":"2 Thieves","floor":22,"turns":3},{"damage":14,"enemies":"Sentry and Sphere","floor":23,"turns":4},{"damage":25,"enemies":"Book of Stabbing","floor":24,"turns":4}],"seed_played":"-8593684782603347746","potions_obtained":[{"floor":2,"key":"Explosive Potion"},{"floor":4,"key":"GamblersBrew"},{"floor":14,"key":"GamblersBrew"},{"floor":16,"key":"SkillPotion"},{"floor":18,"key":"SkillPotion"},{"floor":23,"key":"Regen Potion"}],"is_trial":false,"path_per_floor":["M","M","$","M","?","R","E","M","T","R","$","M","M","E","R","B",null,"M","?","$","?","M","M","E"],"character_chosen":"THE_SILENT","items_purchased":["Noxious Fumes","Noxious Fumes","Deadly Poison","TwistedFunnel"],"campfire_rested":1,"item_purchase_floors":[3,11,11,20],"current_hp_per_floor":[59,59,59,57,57,57,40,40,40,40,40,36,24,7,26,10,57,57,35,35,35,21,7,0],"gold":83,"neow_bonus":"UPGRADE_CARD","is_prod":false,"is_daily":false,"chose_seed":false,"campfire_upgraded":2,"win_rate":0,"timestamp":1548599302,"path_taken":["M","M","$","M","?","R","E","?","T","R","?","M","M","E","R","BOSS","M","?","$","?","M","M","E"],"build_version":"2019-01-23","purchased_purges":1,"victory":false,"max_hp_per_floor":[66,66,66,66,66,66,66,66,66,66,66,66,66,66,66,66,71,71,71,71,71,71,71,71],"card_choices":[{"not_picked":["Poisoned Stab","Cloak And Dagger"],"picked":"Dagger Spray","floor":1},{"not_picked":["Flechettes","Choke"],"picked":"Escape Plan","floor":2},{"not_picked":["Acrobatics","Blur"],"picked":"Endless Agony","floor":4},{"not_picked":["Acrobatics","Masterful Stab"],"picked":"Backflip","floor":7},{"not_picked":["Blade Dance","Bane"],"picked":"Adrenaline","floor":8},{"not_picked":["Dagger Throw","Dagger Spray","Slice"],"picked":"SKIP","floor":12},{"not_picked":["Backflip","Quick Slash"],"picked":"Bouncing Flask","floor":13},{"not_picked":["Endless Agony","Deflect"],"picked":"Deadly Poison","floor":14},{"not_picked":["Venomology","Tools of the Trade"],"picked":"Night Terror","floor":16},{"not_picked":["Deflect","Infinite Blades"],"picked":"Cloak And Dagger","floor":18},{"not_picked":["Skewer","All Out Attack+1","Outmaneuver"],"picked":"SKIP","floor":22},{"not_picked":["Underhanded Strike","Dodge and Roll","Deflect"],"picked":"SKIP","floor":23}],"player_experience":823140,"relics_obtained":[{"floor":7,"key":"Bottled Tornado"},{"floor":9,"key":"Boot"},{"floor":14,"key":"Snake Skull"}],"event_choices":[{"damage_healed":0,"gold_gain":50,"player_choice":"Pray","damage_taken":0,"max_hp_gain":0,"max_hp_loss":0,"event_name":"Golden Shrine","floor":5,"gold_loss":0},{"damage_healed":0,"gold_gain":0,"player_choice":"Fight","damage_taken":0,"max_hp_gain":0,"max_hp_loss":0,"event_name":"Colosseum","floor":19,"gold_loss":0},{"damage_healed":0,"gold_gain":0,"player_choice":"Fled From Nobs","damage_taken":0,"max_hp_gain":0,"max_hp_loss":0,"event_name":"Colosseum","floor":19,"gold_loss":0},{"damage_healed":0,"gold_gain":50,"player_choice":"Stole From Cult","damage_taken":0,"max_hp_gain":0,"max_hp_loss":0,"event_name":"Nest","floor":21,"gold_loss":0}],"is_beta":false,"boss_relics":[{"not_picked":["WristBlade","HoveringKite"],"picked":"Tiny House"}],"items_purged_floors":[11],"is_endless":false,"potions_floor_spawned":[2,4,14,16,18,19,23],"killed_by":"Book of Stabbing","ascension_level":20}