{"gold_per_floor":[113,131,131,143,161,161,192,47,72,90,118,118,143,143,143,238,238,256,181,181,181,193,193,223,233,256,283,283,312,110,137,137,237,237,254,354,151,163,181,181,213,213,213,225,259,116,116,116,116,116],"floor_reached":51,"playtime":2998,"items_purged":["Strike_G","Strike_G","Strike_G"],"score":1051,"play_id":"a6e96e9c-2aac-4997-9fa3-e1cd68f01de5","local_time":"20190215204228","is_ascension_mode":true,"campfire_choices":[{"data":"Bouncing Flask","floor":6.0,"key":"SMITH"},{"floor":12.0,"key":"REST"},{"data":"Neutralize","floor":15.0,"key":"SMITH"},{"data":"Footwork","floor":23,"key":"SMITH"},{"floor":28,"key":"REST"},{"data":"Caltrops","floor":32,"key":"SMITH"},{"data":"Footwork","floor":40,"key":"SMITH"},{"data":"Noxious Fumes","floor":42,"key":"SMITH"},{"floor":49,"key":"REST"}],"neow_cost":"NONE","seed_source_timestamp":36567959937786,"circlet_count":0,"master_deck":["Defend_G","Defend_G","Defend_G","Defend_G","Defend_G","Strike_G","Survivor","Neutralize+1","Bouncing Flask+1","Backstab","Deflect","Footwork+1","Dash","Dodge and Roll","Bane","Noxious Fumes+1","Leg Sweep","Quick Slash+1","Noxious Fumes","PiercingWail+1","Caltrops+1","Dagger Spray+1","Footwork+1","Deflect+1","Catalyst+1","Dodge and Roll+1","Backflip+1","Purity","Dark Shackles"],"special_seed":0,"relics":["Ring of the Snake","NeowsBlessing","Bronze Scales","Potion Belt","Omamori","Calipers","Velvet Choker","Enchiridion","Molten Egg 2","PreservedInsect","Gambling Chip","Bag of Marbles","Happy Flower","White Beast Statue","Prayer Wheel","Centennial Puzzle","Blue Candle","Lantern"],"potions_floor_usage":[16,16,18,29,36,41,50,50,50],"damage_taken":[{"damage":0.0,"enemies":"2 Louse","floor":1.0,"turns":1.0},{"damage":0.0,"enemies":"Cultist","floor":2.0,"turns":1.0},{"damage":0.0,"enemies":"Small Slimes","floor":4.0,"turns":1.0},{"damage":1.0,"enemies":"3 Louse","floor":5.0,"turns":3.0},{"damage":16.0,"enemies":"3 Sentries","floor":7.0,"turns":10.0},{"damage":3.0,"enemies":"Blue Slaver","floor":10.0,"turns":3.0},{"damage":22.0,"enemies":"Gremlin Nob","floor":11.0,"turns":4.0},{"damage":9.0,"enemies":"3 Sentries","floor":13.0,"turns":10.0},{"damage":35,"enemies":"Slime Boss","floor":16,"turns":15},{"damage":13,"enemies":"2 Thieves","floor":18,"turns":4},{"damage":6,"enemies":"Spheric Guardian","floor":22,"turns":5},{"damage":15,"enemies":"Slavers","floor":24,"turns":7},{"damage":3,"enemies":"Cultist and Chosen","floor":25,"turns":5},{"damage":0,"enemies":"Book of Stabbing","floor":27,"turns":4},{"damage":2,"enemies":"Slavers","floor":29,"turns":6},{"damage":0,"enemies":"Gremlin Leader","floor":31,"turns":3},{"damage":4,"enemies":"Automaton","floor":33,"turns":9},{"damage":0,"enemies":"Orb Walker","floor":35,"turns":2},{"damage":0,"enemies":"Mind Bloom Boss Battle","floor":36,"turns":4},{"damage":0,"enemies":"3 Darklings","floor":38,"turns":5},{"damage":4,"enemies":"4 Shapes","floor":39,"turns":5},{"damage":17,"enemies":"Reptomancer","floor":41,"turns":5},{"damage":12,"enemies":"Sphere and 2 Shapes","floor":44,"turns":5},{"damage":0,"enemies":"Giant Head","floor":45,"turns":8},{"damage":19,"enemies":"Awakened One","floor":50,"turns":16}],"seed_played":"-4319109455898499655","potions_obtained":[{"floor":2.0,"key":"SkillPotion"},{"floor":5.0,"key":"SkillPotion"},{"floor":10.0,"key":"Strength Potion"},{"floor":11.0,"key":"Strength Potion"},{"floor":13.0,"key":"Ancient Potion"},{"floor":16,"key":"Regen Potion"},{"floor":25,"key":"FearPotion"},{"floor":27,"key":"Weak Potion"},{"floor":29,"key":"SkillPotion"},{"floor":35,"key":"GamblersBrew"},{"floor":36,"key":"SteroidPotion"},{"floor":38,"key":"Block Potion"},{"floor":39,"key":"Dexterity Potion"},{"floor":41,"key":"Explosive Potion"},{"floor":45,"key":"SpeedPotion"}],"is_trial":false,"path_per_floor":["M","M","?","M","M","R","E","$","T","M","E","R","E","?","R","B",null,"M","?","?","?","M","R","E","M","T","E","R","E","$","E","R","B",null,"M","?","$","M","M","R","E","R","T","M","E","$","?","?","R","B",null],"character_chosen":"THE_SILENT","items_purchased":["Dash","Caltrops","Dagger Spray+1","Footwork","Lantern"],"campfire_rested":3,"item_purchase_floors":[8,30,30,37,46],"current_hp_per_floor":[70,70,70,70,69,69,53,53,53,50,28,49,40,40,40,5,70,64,64,64,48,42,42,27,24,24,24,45,43,43,43,43,39,70,70,70,70,70,66,66,49,49,49,37,37,37,32,32,53,34],"gold":116,"neow_bonus":"THREE_ENEMY_KILL","is_prod":false,"is_daily":false,"chose_seed":false,"campfire_upgraded":6,"win_rate":0,"timestamp":1550259748,"path_taken":["M","M","?","M","M","R","E","?","T","M","E","R","E","?","R","BOSS","M","?","?","?","M","R","E","M","T","E","R","E","$","E","R","BOSS","M","?","$","M","M","R","E","R","T","M","E","$","?","?","R","BOSS"],"build_version":"2019-01-23","purchased_purges":3,"victory":true,"max_hp_per_floor":[70,70,70,70,70,70,70,70,70,70,70,70,70,70,70,70,70,70,70,70,70,70,70,70,70,70,70,70,70,70,70,70,70,70,70,70,70,70,70,70,70,70,70,70,70,70,70,70,70,70],"card_choices":[{"not_picked":["Dagger Throw","Distraction","Poisoned Stab"],"picked":"SKIP","floor":1.0},{"not_picked":["Deadly Poison","Sucker Punch"],"picked":"Bouncing Flask","floor":2.0},{"not_picked":["Distraction","Sucker Punch"],"picked":"Backstab","floor":4.0},{"not_picked":["Setup","Sucker Punch"],"picked":"Deflect","floor":5.0},{"not_picked":["Dash","Masterful Stab"],"picked":"Footwork","floor":7.0},{"not_picked":["Deflect","Deadly Poison","Blade Dance"],"picked":"SKIP","floor":10.0},{"not_picked":["Wraith Form v2","Quick Slash"],"picked":"Dodge and Roll","floor":11.0},{"not_picked":["Endless Agony","Glass Knife"],"picked":"Bane","floor":13.0},{"not_picked":["Dagger Throw","Dodge and Roll"],"picked":"Noxious Fumes","floor":18},{"not_picked":["Eviscerate","Slice"],"picked":"Leg Sweep","floor":22},{"not_picked":["Outmaneuver","Masterful Stab+1"],"picked":"Quick Slash+1","floor":24},{"not_picked":["Deflect","Flechettes+1","Cloak And Dagger"],"picked":"SKIP","floor":25},{"not_picked":["Dagger Throw+1","Dash+1"],"picked":"Noxious Fumes","floor":27},{"not_picked":["Blade Dance","Bane+1"],"picked":"PiercingWail+1","floor":29},{"not_picked":["Caltrops","Choke+1","Blade Dance"],"picked":"SKIP","floor":31},{"not_picked":["Flying Knee+1","Eviscerate+1","Dodge and Roll"],"picked":"SKIP","floor":35},{"not_picked":["Prepared+1","Deadly Poison"],"picked":"Deflect+1","floor":38},{"not_picked":["Poisoned Stab+1","Outmaneuver","Bane+1"],"picked":"SKIP","floor":38},{"not_picked":["Well Laid Plans","Endless Agony+1"],"picked":"Catalyst+1","floor":39},{"not_picked":["Finisher+1","Flying Knee+1","Envenom"],"picked":"SKIP","floor":39},{"not_picked":["Finisher+1","Flying Knee+1","Envenom"],"picked":"SKIP","floor":39},{"not_picked":["Adrenaline","Escape Plan+1"],"picked":"Dodge and Roll+1","floor":41},{"not_picked":["Slice+1","Underhanded Strike+1"],"picked":"Backflip+1","floor":44},{"not_picked":["Deflect","Cloak And Dagger+1","Blade Dance+1"],"picked":"SKIP","floor":44},{"not_picked":["Eviscerate+1","Terror","Flechettes+1"],"picked":"SKIP","floor":45},{"not_picked":["Impatience","Flash of Steel+1"],"picked":"Purity","floor":47},{"not_picked":["Dramatic Entrance+1","Mind Blast+1"],"picked":"Dark Shackles","floor":47}],"player_experience":198016,"relics_obtained":[{"floor":7.0,"key":"Bronze Scales"},{"floor":9.0,"key":"Potion Belt"},{"floor":11.0,"key":"Omamori"},{"floor":13.0,"key":"Calipers"},{"floor":21,"key":"Enchiridion"},{"floor":24,"key":"Molten Egg 2"},{"floor":26,"key":"PreservedInsect"},{"floor":27,"key":"Gambling Chip"},{"floor":29,"key":"Bag of Marbles"},{"floor":31,"key":"Happy Flower"},{"floor":36,"key":"Prayer Wheel"},{"floor":41,"key":"Centennial Puzzle"},{"floor":45,"key":"Blue Candle"}],"event_choices":[{"damage_healed":0.0,"max_hp_gain":0.0,"max_hp_loss":0.0,"gold_gain":0.0,"event_name":"Match and Keep!","player_choice":"0 cards matched","floor":3.0,"gold_loss":0.0,"damage_taken":0.0,"cards_obtained":[]},{"damage_healed":0.0,"max_hp_gain":0.0,"max_hp_loss":0.0,"gold_gain":0.0,"event_name":"Liars Game","player_choice":"Ignored","floor":14.0,"gold_loss":0.0,"damage_taken":0.0},{"cards_removed":["Strike_G"],"damage_healed":0,"gold_gain":0,"player_choice":"Gave Gold","damage_taken":0,"max_hp_gain":0,"max_hp_loss":0,"event_name":"Beggar","floor":19,"gold_loss":75},{"damage_healed":0,"gold_gain":0,"player_choice":"Ignored","damage_taken":0,"max_hp_gain":0,"max_hp_loss":0,"event_name":"Vampires","floor":20,"gold_loss":0},{"damage_healed":0,"gold_gain":0,"player_choice":"Obtained Book","damage_taken":16,"max_hp_gain":0,"max_hp_loss":0,"event_name":"Cursed Tome","floor":21,"gold_loss":0},{"damage_healed":0,"gold_gain":0,"player_choice":"Fight","damage_taken":0,"max_hp_gain":0,"max_hp_loss":0,"event_name":"MindBloom","floor":36,"gold_loss":0},{"damage_healed":0,"gold_gain":0,"player_choice":"Memory 2","damage_taken":5,"max_hp_gain":0,"max_hp_loss":0,"event_name":"SensoryStone","floor":47,"gold_loss":0},{"damage_healed":0,"gold_gain":0,"player_choice":"Ignored","damage_taken":0,"max_hp_gain":0,"max_hp_loss":0,"event_name":"Mysterious Sphere","floor":48,"gold_loss":0}],"is_beta":false,"boss_relics":[{"not_picked":["Calling Bell","Coffee Dripper"],"picked":"Velvet Choker"},{"not_picked":["Busted Crown","Pandora\u0027s Box"],"picked":"White Beast Statue"}],"items_purged_floors":[8,30,37],"is_endless":false,"potions_floor_spawned":[2,5,10,11,13,16,25,27,29,35,36,38,39,41,44,45],"ascension_level":3}