{"gold_per_floor":[118,134,154,154,169,169,179,179,226,239,101,112,130,191,191,293,293,312,402,416,416],"floor_reached":21,"playtime":2447,"items_purged":[],"score":175,"play_id":"4fe7bb74-ad12-4574-a575-2e10ab9d33a7","local_time":"20190215200018","is_ascension_mode":false,"campfire_choices":[{"data":"Perfected Strike","floor":6,"key":"SMITH"},{"floor":8,"key":"REST"},{"floor":15,"key":"REST"}],"neow_cost":"NONE","seed_source_timestamp":450651520378991,"circlet_count":0,"master_deck":["Strike_R","Strike_R","Strike_R","Strike_R","Strike_R","Defend_R+1","Defend_R","Defend_R","Defend_R+1","Bash","Double Tap","Perfected Strike+1","Feel No Pain","Corruption","Metallicize","Headbutt","Sever Soul","Seeing Red","Offering","Twin Strike","Perfected Strike","Dual Wield","Impervious","Warcry+1","Enlightenment","Second Wind"],"relics":["Burning Blood","War Paint","Pear","Coffee Dripper"],"potions_floor_usage":[13,16,18,20,21],"damage_taken":[{"damage":6,"enemies":"Cultist","floor":1,"turns":3},{"damage":0,"enemies":"Small Slimes","floor":2,"turns":2},{"damage":14,"enemies":"2 Louse","floor":3,"turns":2},{"damage":16,"enemies":"Red Slaver","floor":5,"turns":6},{"damage":29,"enemies":"Exordium Thugs","floor":7,"turns":5},{"damage":13,"enemies":"3 Louse","floor":10,"turns":5},{"damage":7,"enemies":"Exordium Wildlife","floor":12,"turns":3},{"damage":12,"enemies":"Large Slime","floor":13,"turns":6},{"damage":29,"enemies":"Lagavulin Event","floor":14,"turns":4},{"damage":12,"enemies":"Slime Boss","floor":16,"turns":9},{"damage":29,"enemies":"3 Byrds","floor":18,"turns":5},{"damage":29,"enemies":"Spheric Guardian","floor":20,"turns":5},{"damage":17,"enemies":"Centurion and Healer","floor":21,"turns":1}],"seed_played":"3366371476013954137","potions_obtained":[{"floor":1,"key":"PowerPotion"},{"floor":5,"key":"Strength Potion"},{"floor":7,"key":"SpeedPotion"},{"floor":14,"key":"Swift Potion"},{"floor":20,"key":"Weak Potion"}],"is_trial":false,"path_per_floor":["M","M","M","?","M","R","M","R","T","M","$","M","M","?","R","B",null,"M","?","M","M"],"character_chosen":"IRONCLAD","items_purchased":["Offering"],"campfire_rested":2,"item_purchase_floors":[11],"current_hp_per_floor":[80,80,72,72,62,62,39,63,63,56,56,55,49,36,63,57,90,67,40,17,0],"gold":416,"neow_bonus":"ONE_RANDOM_RARE_CARD","is_prod":false,"is_daily":false,"chose_seed":false,"campfire_upgraded":1,"win_rate":0.0,"timestamp":1550278818,"path_taken":["M","?","M","?","M","R","M","R","T","?","?","M","M","?","R","BOSS","M","?","?","M"],"build_version":"2019-01-23","purchased_purges":0,"victory":false,"max_hp_per_floor":[80,80,80,80,80,80,80,80,80,80,80,80,80,90,90,90,90,90,90,90,90],"card_choices":[{"not_picked":["Carnage","Cleave"],"picked":"Perfected Strike","floor":1},{"not_picked":["Warcry","Flame Barrier"],"picked":"Feel No Pain","floor":2},{"not_picked":["Body Slam","Dual Wield"],"picked":"Corruption","floor":3},{"not_picked":["Anger","Body Slam"],"picked":"Headbutt","floor":5},{"not_picked":["Thunderclap","Twin Strike"],"picked":"Sever Soul","floor":7},{"not_picked":["True Grit","Dual Wield"],"picked":"Seeing Red","floor":10},{"not_picked":["Rage","Anger"],"picked":"Twin Strike","floor":12},{"not_picked":["Uppercut","Hemokinesis"],"picked":"Perfected Strike","floor":13},{"not_picked":["Fire Breathing","Corruption"],"picked":"Dual Wield","floor":14},{"not_picked":["Feed","Berserk"],"picked":"Impervious","floor":16},{"not_picked":["Flame Barrier+1","Seeing Red"],"picked":"Warcry+1","floor":18},{"not_picked":["Intimidate+1","Whirlwind+1"],"picked":"Second Wind","floor":20}],"player_experience":6341,"relics_obtained":[{"floor":9,"key":"War Paint"},{"floor":14,"key":"Pear"}],"event_choices":[{"damage_healed":0,"gold_gain":0,"player_choice":"1 cards matched","damage_taken":0,"max_hp_gain":0,"max_hp_loss":0,"event_name":"Match and Keep!","floor":4,"gold_loss":0,"cards_obtained":["Metallicize"]},{"damage_healed":0,"gold_gain":0,"player_choice":"Searched \u00271\u0027 times","damage_taken":0,"max_hp_gain":0,"max_hp_loss":0,"event_name":"Dead Adventurer","floor":14,"gold_loss":0},{"damage_healed":0,"gold_gain":90,"player_choice":"CARD GOLD ","damage_taken":27,"max_hp_gain":0,"max_hp_loss":0,"event_name":"Knowing Skull","floor":19,"potions_obtained":[],"gold_loss":0,"cards_obtained":["Enlightenment"]}],"is_beta":false,"boss_relics":[{"not_picked":["Velvet Choker","Snecko Eye"],"picked":"Coffee Dripper"}],"items_purged_floors":[],"is_endless":false,"potions_floor_spawned":[1,5,7,14,20],"killed_by":"Centurion and Healer","ascension_level":0}