{"gold_per_floor":[115,126,126,126,140,165,165,196,223,223,249,260,260,270,270,345,345,362,378,390,409,409,409,66,94,94,94,94,16,34,54,54,131,131,142,157,73,73,93,93,18,18,18,34,34,84,103,9,9,9],"floor_reached":50,"playtime":3402,"items_purged":["Strike_G"],"score":964,"play_id":"d044af20-e5dc-45a1-b582-3b030e2d0ac2","local_time":"20190209095304","is_ascension_mode":true,"campfire_choices":[{"floor":7.0,"key":"REST"},{"floor":10.0,"key":"REST"},{"data":"After Image","floor":15.0,"key":"SMITH"},{"data":"Die Die Die","floor":23.0,"key":"SMITH"},{"floor":27.0,"key":"REST"},{"data":"Footwork","floor":32.0,"key":"SMITH"},{"data":"Noxious Fumes","floor":40.0,"key":"SMITH"},{"floor":42.0,"key":"REST"},{"floor":49.0,"key":"REST"}],"neow_cost":"NONE","seed_source_timestamp":0,"circlet_count":0,"master_deck":["AscendersBane","Defend_G","Defend_G","Defend_G+1","Defend_G","Defend_G","Strike_G+1","Survivor","Neutralize","Deadly Poison+1","Dash","PiercingWail","Backflip","Poisoned Stab","After Image+1","Flying Knee","Escape Plan","Die Die Die+1","Flying Knee","Leg Sweep","PiercingWail","Well Laid Plans","Skewer","After Image","Footwork+1","PiercingWail","Adrenaline","Backflip+1","Escape Plan","Noxious Fumes+1","Blur","Blur+1","Deadly Poison","Finesse"],"special_seed":0,"relics":["Ring of the Snake","NeowsBlessing","Centennial Puzzle","Bag of Preparation","War Paint","Pen Nib","Philosopher\u0027s Stone","Letter Opener","Blood Vial","Tough Bandages","Empty Cage","Regal Pillow","Tingsha"],"potions_floor_usage":[],"damage_taken":[{"damage":0.0,"enemies":"Jaw Worm","floor":1.0,"turns":1.0},{"damage":0.0,"enemies":"Small Slimes","floor":2.0,"turns":1.0},{"damage":0.0,"enemies":"2 Louse","floor":5.0,"turns":1.0},{"damage":27.0,"enemies":"Lagavulin","floor":6.0,"turns":9.0},{"damage":7.0,"enemies":"3 Sentries","floor":8.0,"turns":9.0},{"damage":8.0,"enemies":"Gremlin Nob","floor":11.0,"turns":3.0},{"damage":1.0,"enemies":"Gremlin Gang","floor":12.0,"turns":8.0},{"damage":2.0,"enemies":"Exordium Thugs","floor":14.0,"turns":4.0},{"damage":15.0,"enemies":"The Guardian","floor":16.0,"turns":11.0},{"damage":15.0,"enemies":"Spheric Guardian","floor":18.0,"turns":6.0},{"damage":0.0,"enemies":"Chosen","floor":19.0,"turns":5.0},{"damage":15.0,"enemies":"Shelled Parasite and Fungi","floor":20.0,"turns":7.0},{"damage":1.0,"enemies":"3 Cultists","floor":21.0,"turns":5.0},{"damage":12.0,"enemies":"Book of Stabbing","floor":25.0,"turns":6.0},{"damage":0.0,"enemies":"Sentry and Sphere","floor":30.0,"turns":5.0},{"damage":0.0,"enemies":"Snake Plant","floor":31.0,"turns":5.0},{"damage":45.0,"enemies":"Collector","floor":33.0,"turns":13.0},{"damage":0.0,"enemies":"3 Shapes","floor":35.0,"turns":6.0},{"damage":5.0,"enemies":"3 Darklings","floor":36.0,"turns":9.0},{"damage":15.0,"enemies":"Jaw Worm Horde","floor":39.0,"turns":7.0},{"damage":0.0,"enemies":"Maw","floor":44.0,"turns":9.0},{"damage":24.0,"enemies":"2 Orb Walkers","floor":46.0,"turns":5.0},{"damage":0.0,"enemies":"4 Shapes","floor":47.0,"turns":8.0},{"damage":83,"enemies":"Awakened One","floor":50,"turns":30}],"seed_played":"3707823390539438943","potions_obtained":[{"floor":2.0,"key":"Fire Potion"},{"floor":5.0,"key":"SpeedPotion"},{"floor":8.0,"key":"SkillPotion"},{"floor":12.0,"key":"FearPotion"},{"floor":13.0,"key":"PowerPotion"},{"floor":13.0,"key":"Regen Potion"},{"floor":19.0,"key":"Ancient Potion"},{"floor":20.0,"key":"Block Potion"},{"floor":30.0,"key":"Dexterity Potion"},{"floor":35.0,"key":"Strength Potion"},{"floor":39.0,"key":"SkillPotion"},{"floor":44.0,"key":"Poison Potion"}],"is_trial":false,"path_per_floor":["M","M","?","?","M","E","R","E","T","R","E","M","?","M","R","B",null,"M","M","M","M","?","R","$","E","T","R","?","$","M","M","R","B",null,"M","M","$","?","M","R","$","R","T","M","$","?","M","$","R","B"],"character_chosen":"THE_SILENT","items_purchased":["Well Laid Plans","Letter Opener","Footwork","Noxious Fumes","Finesse"],"campfire_rested":5,"item_purchase_floors":[24,24,29,37,48],"current_hp_per_floor":[59,59,39,39,39,12,31,24,24,43,35,34,34,32,32,17,54,39,39,39,38,38,38,38,26,26,45,45,45,47,49,49,6,51,53,50,50,50,37,37,37,56,56,58,58,36,38,38,66,0],"gold":9,"neow_bonus":"THREE_ENEMY_KILL","is_prod":false,"is_daily":false,"chose_seed":false,"campfire_upgraded":4,"win_rate":0,"timestamp":1549723984,"path_taken":["M","M","?","?","M","E","R","E","T","R","E","M","?","M","R","BOSS","M","M","?","M","?","R","$","E","T","R","?","?","M","M","R","BOSS","M","M","$","?","M","R","$","R","T","M","$","?","M","?","R","BOSS"],"build_version":"2019-01-23","purchased_purges":1,"victory":false,"max_hp_per_floor":[66,66,66,66,66,66,66,66,66,66,66,66,66,66,66,66,66,66,66,66,66,66,66,66,66,66,66,66,66,66,66,66,66,66,66,66,66,66,66,66,66,66,66,66,66,66,66,66,66,66],"card_choices":[{"not_picked":["Underhanded Strike","Slice"],"picked":"Deadly Poison","floor":1.0},{"not_picked":["Deadly Poison","All Out Attack"],"picked":"Dash","floor":2.0},{"not_picked":["Deflect","Sucker Punch"],"picked":"PiercingWail","floor":5.0},{"not_picked":["Reflex","Heel Hook"],"picked":"Backflip","floor":6.0},{"not_picked":["Skewer","Choke"],"picked":"Poisoned Stab","floor":8.0},{"not_picked":["Outmaneuver","Prepared"],"picked":"After Image","floor":11.0},{"not_picked":["Underhanded Strike","Dagger Throw"],"picked":"Flying Knee","floor":12.0},{"not_picked":["Concentrate","Well Laid Plans"],"picked":"Escape Plan","floor":14.0},{"not_picked":["Bullet Time","Grand Finale"],"picked":"Die Die Die","floor":16.0},{"not_picked":["Slice","Concentrate"],"picked":"Flying Knee","floor":18.0},{"not_picked":["Tactician","Prepared","Caltrops"],"picked":"SKIP","floor":19.0},{"not_picked":["Accuracy","Concentrate"],"picked":"Leg Sweep","floor":20.0},{"not_picked":["Cloak And Dagger","Dodge and Roll"],"picked":"PiercingWail","floor":21.0},{"not_picked":["Backflip","Slice"],"picked":"Skewer","floor":25.0},{"not_picked":["Deflect","Sucker Punch","Skewer"],"picked":"SKIP","floor":30.0},{"not_picked":["Prepared+1","Dodge and Roll"],"picked":"PiercingWail","floor":31.0},{"not_picked":["Storm of Steel","Wraith Form v2"],"picked":"Adrenaline","floor":33.0},{"not_picked":["Cloak And Dagger","Deflect"],"picked":"Backflip+1","floor":35.0},{"not_picked":["Finisher","Dash"],"picked":"Escape Plan","floor":36.0},{"not_picked":["Infinite Blades","Backflip+1"],"picked":"Blur","floor":39.0},{"not_picked":["Leg Sweep+1","Adrenaline"],"picked":"Blur+1","floor":44.0},{"not_picked":["Quick Slash","Leg Sweep"],"picked":"Deadly Poison","floor":47.0}],"player_experience":904108,"relics_obtained":[{"floor":6.0,"key":"Centennial Puzzle"},{"floor":8.0,"key":"Bag of Preparation"},{"floor":9.0,"key":"War Paint"},{"floor":11.0,"key":"Pen Nib"},{"floor":25.0,"key":"Blood Vial"},{"floor":26.0,"key":"Tough Bandages"},{"floor":43.0,"key":"Regal Pillow"},{"floor":46.0,"key":"Tingsha"}],"event_choices":[{"damage_healed":0.0,"max_hp_gain":0.0,"max_hp_loss":0.0,"gold_gain":0.0,"event_name":"Shining Light","player_choice":"Entered Light","floor":3.0,"gold_loss":0.0,"damage_taken":20.0,"cards_upgraded":["Strike_G","Strike_G"]},{"damage_healed":0.0,"max_hp_gain":0.0,"max_hp_loss":0.0,"gold_gain":0.0,"event_name":"Golden Idol","player_choice":"Ignored","floor":4.0,"gold_loss":0.0,"damage_taken":0.0},{"damage_healed":0.0,"max_hp_gain":0.0,"max_hp_loss":0.0,"gold_gain":0.0,"event_name":"Lab","player_choice":"Got Potions","floor":13.0,"gold_loss":0.0,"damage_taken":0.0},{"damage_healed":0.0,"max_hp_gain":0.0,"max_hp_loss":0.0,"gold_gain":0.0,"event_name":"Ghosts","player_choice":"Ignored","floor":22.0,"gold_loss":0.0,"damage_taken":0.0},{"damage_healed":0.0,"max_hp_gain":0.0,"max_hp_loss":0.0,"gold_gain":0.0,"event_name":"The Library","player_choice":"Read","floor":28.0,"gold_loss":0.0,"damage_taken":0.0,"cards_obtained":["After Image"]},{"cards_removed":["Strike_G"],"damage_healed":0.0,"max_hp_gain":0.0,"max_hp_loss":0.0,"gold_gain":0.0,"event_name":"Falling","player_choice":"Removed Attack","floor":38.0,"gold_loss":0.0,"damage_taken":0.0},{"damage_healed":0.0,"max_hp_gain":0.0,"max_hp_loss":0.0,"gold_gain":0.0,"event_name":"Mysterious Sphere","player_choice":"Fight","floor":46.0,"gold_loss":0.0,"damage_taken":0.0}],"is_beta":false,"boss_relics":[{"not_picked":["Astrolabe","Black Star"],"picked":"Philosopher\u0027s Stone"},{"not_picked":["Busted Crown","Runic Pyramid"],"picked":"Empty Cage"}],"items_purged_floors":[41],"is_endless":false,"potions_floor_spawned":[2,5,8,12,19,20,30,35,39,44],"killed_by":"Awakened One","ascension_level":20}