{"gold_per_floor":[111,186,39,39,49,49,79,97,97,126,126,47,47,47,47,152,152,163,177,188,4,23,23],"floor_reached":23,"playtime":1017,"items_purged":[],"score":314,"play_id":"bb2f7191-ad8d-44f0-b56c-fda1b11df932","local_time":"20190215154022","is_ascension_mode":true,"campfire_choices":[{"data":"Deadly Poison","floor":6,"key":"SMITH"},{"floor":13,"key":"REST"},{"data":"Sucker Punch","floor":15,"key":"SMITH"}],"neow_cost":"NONE","seed_source_timestamp":250906069057826,"circlet_count":0,"master_deck":["Defend_G","Defend_G","Defend_G","Defend_G","Defend_G","Strike_G","Strike_G","Strike_G","Strike_G","Strike_G","Survivor","Neutralize","Deadly Poison+1","Well Laid Plans","Sucker Punch+1","Dagger Spray","Cloak And Dagger","Predator","Backflip","A Thousand Cuts+1","Noxious Fumes+1","Envenom+1","Prepared+1","Infinite Blades+1","Quick Slash","Noxious Fumes+1","Cloak And Dagger+1"],"relics":["Ring of the Snake","NeowsBlessing","CultistMask","Mango","Frozen Egg 2","Bottled Flame","Anchor","WristBlade","Snake Skull"],"potions_floor_usage":[10,16,22,23],"damage_taken":[{"damage":0,"enemies":"Jaw Worm","floor":1,"turns":1},{"damage":0,"enemies":"2 Louse","floor":5,"turns":1},{"damage":0,"enemies":"Lagavulin","floor":7,"turns":1},{"damage":2,"enemies":"Cultist","floor":8,"turns":4},{"damage":15,"enemies":"3 Sentries","floor":10,"turns":7},{"damage":13,"enemies":"Hexaghost","floor":16,"turns":10},{"damage":4,"enemies":"Chosen","floor":18,"turns":6},{"damage":34,"enemies":"Spheric Guardian","floor":19,"turns":7},{"damage":10,"enemies":"Cultist and Chosen","floor":20,"turns":6},{"damage":16,"enemies":"Centurion and Healer","floor":22,"turns":4},{"damage":8,"enemies":"Gremlin Leader","floor":23,"turns":3}],"seed_played":"5041828230694252020","potions_obtained":[{"floor":1,"key":"Explosive Potion"},{"floor":5,"key":"Fire Potion"},{"floor":10,"key":"GhostInAJar"},{"floor":19,"key":"Poison Potion"}],"is_trial":false,"path_per_floor":["M","?","$","?","M","R","E","M","T","E","?","$","R","$","R","B",null,"M","M","M","$","M","E"],"character_chosen":"THE_SILENT","items_purchased":["Well Laid Plans","Sucker Punch","Dagger Spray","Noxious Fumes+1","Snake Skull","Noxious Fumes+1"],"campfire_rested":1,"item_purchase_floors":[3,3,3,12,21,21],"current_hp_per_floor":[63,52,52,52,52,52,66,64,64,49,16,16,41,41,41,28,70,66,32,22,22,6,0],"gold":23,"neow_bonus":"THREE_ENEMY_KILL","is_prod":false,"is_daily":false,"chose_seed":false,"campfire_upgraded":2,"win_rate":0,"timestamp":1550274022,"path_taken":["M","?","$","?","?","R","E","M","T","E","?","?","R","$","R","BOSS","M","M","M","$","M","E"],"build_version":"2019-01-23","purchased_purges":0,"victory":false,"max_hp_per_floor":[70,70,70,70,70,70,84,84,84,84,84,84,84,84,84,84,84,84,84,84,84,84,84],"card_choices":[{"not_picked":["Dodge and Roll","Distraction"],"picked":"Deadly Poison","floor":1},{"not_picked":["Outmaneuver","Prepared"],"picked":"Cloak And Dagger","floor":5},{"not_picked":["Underhanded Strike","Tactician"],"picked":"Predator","floor":7},{"not_picked":["Slice","Blade Dance"],"picked":"Backflip","floor":8},{"not_picked":["Prepared","Crippling Poison"],"picked":"A Thousand Cuts+1","floor":10},{"not_picked":["Die Die Die","Burst"],"picked":"Envenom+1","floor":16},{"not_picked":["Skewer+1","Deflect"],"picked":"Prepared+1","floor":18},{"not_picked":["Tactician","Caltrops+1"],"picked":"Infinite Blades+1","floor":19},{"not_picked":["Prepared","Acrobatics"],"picked":"Quick Slash","floor":20},{"not_picked":["Crippling Poison","Dodge and Roll"],"picked":"Cloak And Dagger+1","floor":22}],"player_experience":171112,"relics_obtained":[{"floor":7,"key":"Mango"},{"floor":9,"key":"Frozen Egg 2"},{"floor":10,"key":"Bottled Flame"}],"event_choices":[{"damage_healed":0,"gold_gain":75,"player_choice":"Gather Gold","damage_taken":11,"max_hp_gain":0,"max_hp_loss":0,"event_name":"World of Goop","floor":2,"gold_loss":0},{"damage_healed":0,"gold_gain":0,"player_choice":"Trade","damage_taken":0,"relics_obtained":["CultistMask"],"max_hp_gain":0,"max_hp_loss":0,"event_name":"FaceTrader","floor":4,"gold_loss":0},{"damage_healed":0,"gold_gain":0,"player_choice":"Success","damage_taken":33,"relics_obtained":["Anchor"],"max_hp_gain":0,"max_hp_loss":0,"event_name":"Scrap Ooze","floor":11,"gold_loss":0}],"is_beta":false,"boss_relics":[{"not_picked":["Runic Pyramid","Pandora\u0027s Box"],"picked":"WristBlade"}],"items_purged_floors":[],"is_endless":false,"potions_floor_spawned":[1,5,10,19],"killed_by":"Gremlin Leader","ascension_level":8}