{"gold_per_floor":[116,116,116,130,7,41,41,61,61,94,94,137,151,151,151,151],"floor_reached":16,"playtime":471,"items_purged":["Survivor"],"score":164,"play_id":"7a30b66a-c1c5-4fc3-b1f5-646a74c13546","local_time":"20190209025857","is_ascension_mode":true,"campfire_choices":[{"data":"Infinite Blades","floor":7.0,"key":"SMITH"},{"data":"Dagger Spray","floor":15,"key":"SMITH"}],"neow_cost":"NONE","seed_source_timestamp":0,"circlet_count":0,"master_deck":["Defend_G","Defend_G","Defend_G","Defend_G","Defend_G","Strike_G","Strike_G","Strike_G","Strike_G","Strike_G","Neutralize","Finisher","Bane","Quick Slash","Infinite Blades+1","Dagger Spray+1","Deflect+1","Deadly Poison+1","Acrobatics+1"],"special_seed":0,"relics":["Ring of the Snake","NeowsBlessing","Golden Idol","Meat on the Bone","Anchor","Toxic Egg 2","WingedGreaves","Pear","Centennial Puzzle"],"potions_floor_usage":[10],"damage_taken":[{"damage":0.0,"enemies":"Jaw Worm","floor":1.0,"turns":1.0},{"damage":0.0,"enemies":"2 Louse","floor":4.0,"turns":1.0},{"damage":0.0,"enemies":"Gremlin Nob","floor":6.0,"turns":1.0},{"damage":0.0,"enemies":"Small Slimes","floor":8.0,"turns":3.0},{"damage":35,"enemies":"Lagavulin","floor":10,"turns":6},{"damage":15,"enemies":"Gremlin Nob","floor":12,"turns":4},{"damage":6,"enemies":"Red Slaver","floor":13,"turns":3},{"damage":31,"enemies":"Slime Boss","floor":16,"turns":5}],"seed_played":"-507209030907338570","potions_obtained":[{"floor":4.0,"key":"SteroidPotion"}],"is_trial":false,"path_per_floor":["M","?","?","M","$","E","R","M","T","E","?","E","M","T","R","B"],"character_chosen":"THE_SILENT","items_purchased":["Quick Slash"],"campfire_rested":0,"item_purchase_floors":[5],"current_hp_per_floor":[70,53,41,41,41,41,41,41,41,18,18,25,31,31,31,0],"gold":151,"neow_bonus":"THREE_ENEMY_KILL","is_prod":false,"is_daily":false,"chose_seed":false,"campfire_upgraded":2,"win_rate":0,"timestamp":1549709937,"path_taken":["M","?","?","?","$","E","R","M","T","E","?","E","M","?","R","BOSS"],"build_version":"2019-01-23","purchased_purges":1,"victory":false,"max_hp_per_floor":[70,70,70,70,70,70,70,70,70,70,70,80,80,80,80,80],"card_choices":[{"not_picked":["Cloak And Dagger","Blade Dance"],"picked":"Finisher","floor":1.0},{"not_picked":["Deadly Poison","Backflip"],"picked":"Bane","floor":4.0},{"not_picked":["Flying Knee","Deadly Poison"],"picked":"Infinite Blades","floor":6.0},{"not_picked":["Slice","Concentrate"],"picked":"Dagger Spray","floor":8.0},{"not_picked":["Bane","Sucker Punch"],"picked":"Deflect+1","floor":10},{"not_picked":["Slice","Venomology+1"],"picked":"Deadly Poison+1","floor":12},{"not_picked":["Escape Plan+1","PiercingWail+1"],"picked":"Acrobatics+1","floor":13}],"player_experience":147594,"relics_obtained":[{"floor":6.0,"key":"Anchor"},{"floor":9.0,"key":"Toxic Egg 2"},{"floor":10,"key":"WingedGreaves"},{"floor":12,"key":"Pear"},{"floor":14,"key":"Centennial Puzzle"}],"event_choices":[{"damage_healed":0.0,"max_hp_gain":0.0,"max_hp_loss":0.0,"gold_gain":0.0,"event_name":"Golden Idol","player_choice":"Take Damage","floor":2.0,"gold_loss":0.0,"damage_taken":17.0,"relics_obtained":["Golden Idol"]},{"damage_healed":0.0,"max_hp_gain":0.0,"max_hp_loss":0.0,"gold_gain":0.0,"event_name":"Scrap Ooze","player_choice":"Success","floor":3.0,"gold_loss":0.0,"damage_taken":12.0,"relics_obtained":["Meat on the Bone"]},{"damage_healed":0,"gold_gain":0,"player_choice":"Ignored","damage_taken":0,"max_hp_gain":0,"max_hp_loss":0,"event_name":"Liars Game","floor":11,"gold_loss":0}],"is_beta":false,"boss_relics":[],"items_purged_floors":[5],"is_endless":false,"potions_floor_spawned":[4],"killed_by":"Slime Boss","ascension_level":3}