{"gold_per_floor":[116,130,130,147,147,182,182,225,225,225,225,58,58,139,139,228,228,246,266,285,200,200,200,200,218,244,244,244,271,271,283,283,283],"floor_reached":33,"playtime":916,"items_purged":[],"score":642,"play_id":"bc3f5c46-1cec-4f8c-832b-178a22ccf51d","local_time":"20190124165902","is_ascension_mode":true,"campfire_choices":[{"data":"Sweeping Beam","floor":7.0,"key":"SMITH"},{"floor":11.0,"key":"REST"},{"data":"Deep Breath","floor":13.0,"key":"SMITH"},{"data":"Genetic Algorithm","floor":15.0,"key":"SMITH"},{"floor":23.0,"key":"REST"},{"floor":27.0,"key":"REST"},{"floor":32,"key":"REST"}],"neow_cost":"NONE","seed_source_timestamp":0,"circlet_count":0,"master_deck":["AscendersBane","Defend_B","Defend_B","Defend_B","Zap","Dualcast","Deep Breath+1","Streamline","Ball Lightning","Barrage","Sweeping Beam+1","Leap","Genetic Algorithm+1","Electrodynamics","Steam Power+1","Ball Lightning+1","Barrage+1","Ball Lightning","Auto Shields","Rainbow"],"special_seed":0,"relics":["Cracked Core","Bloody Idol","Torii","Cables","Singing Bowl","Omamori","Orichalcum","Astrolabe","Letter Opener","Juzu Bracelet","Bag of Marbles","Darkstone Periapt"],"potions_floor_usage":[33,33,33,33],"damage_taken":[{"damage":2.0,"enemies":"Jaw Worm","floor":1.0,"turns":3.0},{"damage":6.0,"enemies":"Cultist","floor":2.0,"turns":3.0},{"damage":0.0,"enemies":"Small Slimes","floor":4.0,"turns":2.0},{"damage":6.0,"enemies":"Gremlin Nob","floor":6.0,"turns":3.0},{"damage":25.0,"enemies":"Lagavulin","floor":8.0,"turns":7.0},{"damage":1.0,"enemies":"Gremlin Nob","floor":14.0,"turns":3.0},{"damage":0.0,"enemies":"Slime Boss","floor":16.0,"turns":6.0},{"damage":18.0,"enemies":"Spheric Guardian","floor":18.0,"turns":4.0},{"damage":0.0,"enemies":"Chosen","floor":19.0,"turns":3.0},{"damage":9.0,"enemies":"Snecko","floor":20.0,"turns":4.0},{"damage":21.0,"enemies":"Colosseum Slavers","floor":22.0,"turns":3.0},{"damage":18.0,"enemies":"Centurion and Healer","floor":25.0,"turns":3.0},{"damage":34.0,"enemies":"Book of Stabbing","floor":29.0,"turns":5.0},{"damage":9,"enemies":"Snake Plant","floor":31,"turns":3},{"damage":35,"enemies":"Champ","floor":33,"turns":10}],"seed_played":"-5461172669480830982","potions_obtained":[{"floor":4.0,"key":"FearPotion"},{"floor":8.0,"key":"LiquidBronze"},{"floor":20.0,"key":"Dexterity Potion"},{"floor":29.0,"key":"EntropicBrew"}],"is_trial":false,"path_per_floor":["M","M","?","M","?","E","R","E","T","?","R","$","R","?","R","B",null,"M","M","M","?","?","R","?","M","T","R","?","E","?","M","R","B"],"character_chosen":"DEFECT","items_purchased":["Omamori"],"campfire_rested":4,"item_purchase_floors":[12],"current_hp_per_floor":[62,56,56,56,32,26,26,1,1,1,22,22,22,21,21,21,59,41,43,34,34,13,34,34,18,18,40,40,13,13,9,32,0],"gold":283,"neow_bonus":"RANDOM_COLORLESS","is_prod":false,"is_daily":false,"chose_seed":false,"campfire_upgraded":3,"win_rate":0,"timestamp":1548316742,"path_taken":["M","M","?","?","?","E","R","E","T","?","R","$","R","?","R","BOSS","M","M","M","?","?","R","?","M","T","R","?","E","?","M","R","BOSS"],"build_version":"2019-01-23","purchased_purges":0,"victory":false,"max_hp_per_floor":[71,71,71,71,71,71,71,71,71,71,71,71,71,71,71,71,71,71,73,73,73,73,73,73,75,75,75,75,77,77,77,77,77],"card_choices":[{"not_picked":["Redo","Force Field"],"picked":"Streamline","floor":1.0},{"not_picked":["Cold Snap","Leap"],"picked":"Ball Lightning","floor":2.0},{"not_picked":["Storm","Compile Driver"],"picked":"Barrage","floor":4.0},{"not_picked":["Compile Driver","Redo"],"picked":"Sweeping Beam","floor":6.0},{"not_picked":["Barrage","Turbo"],"picked":"Leap","floor":8.0},{"not_picked":["Doom and Gloom","Barrage"],"picked":"Genetic Algorithm","floor":14.0},{"not_picked":["Reboot","Core Surge"],"picked":"Electrodynamics","floor":16.0},{"not_picked":["Gash+1","Rebound"],"picked":"Ball Lightning","floor":18.0},{"not_picked":["Hologram","Cold Snap","Consume"],"picked":"Singing Bowl","floor":19.0},{"not_picked":["Electrodynamics","Rip and Tear"],"picked":"Auto Shields","floor":20.0},{"not_picked":["Sweeping Beam","Streamline","Beam Cell"],"picked":"Singing Bowl","floor":25.0},{"not_picked":["Hello World","Glacier","Gash"],"picked":"Singing Bowl","floor":29.0},{"not_picked":["Reprogram","Blizzard"],"picked":"Rainbow","floor":31}],"player_experience":1065702,"relics_obtained":[{"floor":6.0,"key":"Torii"},{"floor":8.0,"key":"Cables"},{"floor":9.0,"key":"Singing Bowl"},{"floor":24.0,"key":"Juzu Bracelet"},{"floor":26.0,"key":"Bag of Marbles"},{"floor":29.0,"key":"Darkstone Periapt"}],"event_choices":[{"cards_removed":["Strike_B"],"damage_healed":0.0,"max_hp_gain":0.0,"max_hp_loss":0.0,"gold_gain":0.0,"event_name":"Purifier","player_choice":"Purged","floor":3.0,"gold_loss":0.0,"damage_taken":0.0},{"damage_healed":0.0,"max_hp_gain":0.0,"max_hp_loss":0.0,"gold_gain":0.0,"event_name":"Golden Idol","player_choice":"Take Damage","floor":5.0,"gold_loss":0.0,"damage_taken":24.0,"relics_obtained":["Golden Idol"]},{"damage_healed":0.0,"max_hp_gain":0.0,"max_hp_loss":0.0,"gold_gain":0.0,"event_name":"Scrap Ooze","player_choice":"Fled","floor":10.0,"gold_loss":0.0,"damage_taken":0.0},{"damage_healed":0.0,"max_hp_gain":0.0,"max_hp_loss":0.0,"gold_gain":0.0,"event_name":"Dead Adventurer","player_choice":"Searched \u00272\u0027 times","floor":14.0,"gold_loss":0.0,"damage_taken":0.0,"relics_obtained":["Orichalcum"]},{"damage_healed":0.0,"max_hp_gain":0.0,"max_hp_loss":0.0,"gold_gain":0.0,"event_name":"Addict","player_choice":"Obtained Relic","floor":21.0,"gold_loss":85.0,"damage_taken":0.0,"relics_obtained":["Letter Opener"]},{"damage_healed":0.0,"max_hp_gain":0.0,"max_hp_loss":0.0,"gold_gain":0.0,"event_name":"Colosseum","player_choice":"Fight","floor":22.0,"gold_loss":0.0,"damage_taken":0.0},{"damage_healed":0.0,"max_hp_gain":0.0,"max_hp_loss":0.0,"gold_gain":0.0,"event_name":"Colosseum","player_choice":"Fled From Nobs","floor":22.0,"gold_loss":0.0,"damage_taken":0.0},{"damage_healed":0.0,"max_hp_gain":0.0,"max_hp_loss":0.0,"gold_gain":0.0,"event_name":"Wheel of Change","player_choice":"Relic","floor":24.0,"gold_loss":0.0,"damage_taken":0.0},{"damage_healed":0.0,"max_hp_gain":0.0,"max_hp_loss":0.0,"gold_gain":0.0,"event_name":"Forgotten Altar","player_choice":"Gave Idol","floor":28.0,"relics_lost":["Golden Idol"],"gold_loss":0.0,"damage_taken":0.0,"relics_obtained":["Bloody Idol"]},{"cards_removed":["Strike_B"],"damage_healed":0.0,"max_hp_gain":0.0,"max_hp_loss":0.0,"gold_gain":0.0,"event_name":"Back to Basics","player_choice":"Elegance","floor":30.0,"gold_loss":0.0,"damage_taken":0.0}],"is_beta":false,"boss_relics":[{"not_picked":["Orrery","Eternal Feather"],"picked":"Astrolabe"}],"items_purged_floors":[],"is_endless":false,"potions_floor_spawned":[4,8,20,29,31],"killed_by":"Champ","ascension_level":20}