{"gold_per_floor":[114,130,80,80,94,128,128,146,170,170,202,202,202,231,231,326,326,346,35,35,134,147,179,94,104,104,118,131,144,475,485,485,584,584,604,604,173,187,187,222,222,252,279,279,328,359,20,35,35,35,35,35,0,28,28],"floor_reached":56,"playtime":4687,"items_purged":["Regret","Parasite"],"score":1658,"play_id":"fe53701c-d47f-4474-bfc1-7d8a664f42ae","local_time":"20190206224728","is_ascension_mode":true,"campfire_choices":[{"data":"Footwork","floor":7,"key":"SMITH"},{"data":"Predator","floor":10,"key":"SMITH"},{"data":"Crippling Poison","floor":13,"key":"SMITH"},{"data":"Dodge and Roll","floor":15,"key":"SMITH"},{"data":"Well Laid Plans","floor":32,"key":"SMITH"},{"data":"Envenom","floor":41,"key":"SMITH"},{"floor":44,"key":"RECALL"},{"floor":49,"key":"REST"},{"data":"After Image","floor":52,"key":"SMITH"}],"neow_cost":"NONE","seed_source_timestamp":4529824711817116,"circlet_count":0,"master_deck":["Defend_G+1","Defend_G","Defend_G","Defend_G","Defend_G","Strike_G","Strike_G","Strike_G","Strike_G","Survivor","Neutralize+1","Footwork+1","Flying Knee+1","Predator+1","Dodge and Roll+1","PiercingWail+1","Crippling Poison+1","Deflect+1","Envenom+1","Dagger Throw+1","Infinite Blades","Backflip","Infinite Blades","Cloak And Dagger","Burst","Backflip","Predator+1","Well Laid Plans+1","Terror","After Image+1","Bane+1","Noxious Fumes","Tactician+1","Good Instincts","Flash of Steel","Dark Shackles","Deflect+1","Malaise","Prepared+1","Endless Agony+1","Cloak And Dagger+1","Concentrate","Footwork","Flechettes+1"],"relics":["Ring of the Snake","Art of War","Vajra","Dream Catcher","Cursed Key","War Paint","FossilizedHelix","Lantern","Bottled Lightning","Old Coin","Black Star","Toolbox","Mercury Hourglass","Sundial","Unceasing Top","Strawberry","Ancient Tea Set","Torii","Dead Branch","Bag of Marbles","Ninja Scroll","Happy Flower","Blue Candle"],"potions_floor_usage":[6,11,18,23,33,33,40,40,46,55],"damage_taken":[{"damage":0,"enemies":"2 Louse","floor":1,"turns":3},{"damage":0,"enemies":"Small Slimes","floor":2,"turns":3},{"damage":1,"enemies":"Jaw Worm","floor":5,"turns":3},{"damage":16,"enemies":"Gremlin Nob","floor":6,"turns":4},{"damage":0,"enemies":"Blue Slaver","floor":8,"turns":5},{"damage":11,"enemies":"3 Sentries","floor":11,"turns":8},{"damage":9,"enemies":"Lagavulin","floor":14,"turns":10},{"damage":0,"enemies":"The Guardian","floor":16,"turns":12},{"damage":0,"enemies":"Spheric Guardian","floor":18,"turns":3},{"damage":0,"enemies":"Chosen","floor":22,"turns":4},{"damage":0,"enemies":"Book of Stabbing","floor":23,"turns":6},{"damage":0,"enemies":"3 Cultists","floor":25,"turns":5},{"damage":0,"enemies":"Snecko","floor":27,"turns":5},{"damage":2,"enemies":"Centurion and Healer","floor":28,"turns":10},{"damage":0,"enemies":"Cultist and Chosen","floor":29,"turns":4},{"damage":0,"enemies":"Gremlin Leader","floor":30,"turns":6},{"damage":0,"enemies":"Chosen and Byrds","floor":31,"turns":3},{"damage":0,"enemies":"Automaton","floor":33,"turns":11},{"damage":0,"enemies":"3 Darklings","floor":35,"turns":7},{"damage":0,"enemies":"Orb Walker","floor":38,"turns":3},{"damage":0,"enemies":"Reptomancer","floor":40,"turns":10},{"damage":0,"enemies":"Giant Head","floor":42,"turns":8},{"damage":28,"enemies":"2 Orb Walkers","floor":45,"turns":5},{"damage":13,"enemies":"Reptomancer","floor":46,"turns":5},{"damage":0,"enemies":"4 Shapes","floor":48,"turns":3},{"damage":0,"enemies":"Awakened One","floor":50,"turns":12},{"damage":0,"enemies":"Shield and Spear","floor":54,"turns":5},{"damage":39,"enemies":"The Heart","floor":55,"turns":9}],"seed_played":"-7059986108975357617","potions_obtained":[{"floor":5,"key":"SkillPotion"},{"floor":6,"key":"SneckoOil"},{"floor":11,"key":"AttackPotion"},{"floor":14,"key":"Strength Potion"},{"floor":18,"key":"Swift Potion"},{"floor":28,"key":"Block Potion"},{"floor":31,"key":"Regen Potion"},{"floor":40,"key":"SteroidPotion"},{"floor":42,"key":"Ancient Potion"}],"is_trial":false,"path_per_floor":["M","M","?","?","M","E","R","M","T","R","E","?","R","E","R","B",null,"M","$","?","?","M","E","?","M","T","M","M","M","E","M","R","B",null,"M","?","$","M","?","E","R","E","T","R","?","E","$","M","R","B",null,"R","$","E","B",null],"character_chosen":"THE_SILENT","items_purchased":["Infinite Blades","Backflip","War Paint","GhostInAJar","Noxious Fumes","GhostInAJar","Dexterity Potion","Toolbox","Ninja Scroll","Footwork"],"campfire_rested":1,"item_purchase_floors":[19,19,19,19,37,37,37,37,47,53],"current_hp_per_floor":[70,70,70,56,55,39,39,39,39,39,28,51,51,42,42,42,70,70,70,70,70,70,70,70,70,70,70,68,68,68,68,68,68,70,70,70,70,70,60,60,60,67,67,67,39,41,41,41,63,63,74,74,74,74,35],"gold":28,"neow_bonus":"UPGRADE_CARD","is_prod":false,"is_daily":false,"chose_seed":false,"campfire_upgraded":7,"win_rate":0,"timestamp":1549511248,"path_taken":["M","M","?","?","M","E","R","M","T","R","E","?","R","E","R","BOSS","M","$","?","?","M","E","?","M","T","?","M","M","E","M","R","BOSS","M","?","$","M","?","E","R","E","T","R","?","E","?","?","R","BOSS","R","$","E","BOSS"],"build_version":"2019-01-23","purchased_purges":2,"victory":true,"max_hp_per_floor":[70,70,70,70,70,70,70,70,70,70,70,70,70,70,70,70,70,70,70,70,70,70,70,70,70,70,70,70,70,70,70,70,70,70,70,70,70,70,70,70,70,77,77,77,77,77,74,74,74,74,74,74,74,74,74],"card_choices":[{"not_picked":["Prepared","Endless Agony"],"picked":"Footwork","floor":1},{"not_picked":["Eviscerate","Bane"],"picked":"Flying Knee","floor":2},{"not_picked":["Acrobatics","Flying Knee"],"picked":"Predator","floor":5},{"not_picked":["Caltrops","Grand Finale"],"picked":"Dodge and Roll","floor":6},{"not_picked":["Concentrate","Slice"],"picked":"PiercingWail","floor":8},{"not_picked":["Finisher","Endless Agony"],"picked":"Crippling Poison","floor":11},{"not_picked":["Acrobatics","Outmaneuver"],"picked":"Deflect","floor":14},{"not_picked":["Night Terror","Wraith Form v2"],"picked":"Envenom","floor":16},{"not_picked":["Bane","Dodge and Roll"],"picked":"Dagger Throw+1","floor":18},{"not_picked":["Sucker Punch","Caltrops+1","Underhanded Strike"],"picked":"SKIP","floor":22},{"not_picked":["Quick Slash","PiercingWail+1"],"picked":"Cloak And Dagger","floor":23},{"not_picked":["Flying Knee+1","Bane+1"],"picked":"Burst","floor":25},{"not_picked":["Dagger Throw","Deflect"],"picked":"Backflip","floor":27},{"not_picked":["Catalyst","Sucker Punch"],"picked":"Predator+1","floor":28},{"not_picked":["Acrobatics","Crippling Poison+1"],"picked":"Well Laid Plans","floor":29},{"not_picked":["Underhanded Strike","Sucker Punch"],"picked":"Terror","floor":30},{"not_picked":["Infinite Blades+1","Accuracy","Dagger Throw"],"picked":"SKIP","floor":31},{"not_picked":["Corpse Explosion","Unload"],"picked":"After Image","floor":33},{"not_picked":["Prepared","Dagger Throw+1"],"picked":"Bane+1","floor":35},{"not_picked":["Predator","Bouncing Flask+1"],"picked":"Tactician+1","floor":38},{"not_picked":["Dramatic Entrance","HandOfGreed"],"picked":"Good Instincts","floor":39},{"not_picked":["Jack Of All Trades","The Bomb"],"picked":"Flash of Steel","floor":39},{"not_picked":["PanicButton","Good Instincts"],"picked":"Dark Shackles","floor":39},{"not_picked":["Catalyst","Blade Dance"],"picked":"Deflect+1","floor":40},{"not_picked":["Dash","Backflip"],"picked":"Malaise","floor":42},{"not_picked":["Riddle With Holes","PiercingWail"],"picked":"Prepared+1","floor":45},{"not_picked":["Poisoned Stab+1","Flying Knee"],"picked":"Endless Agony+1","floor":46},{"not_picked":["Escape Plan","Underhanded Strike+1"],"picked":"Cloak And Dagger+1","floor":48},{"not_picked":["Riddle With Holes","Deadly Poison"],"picked":"Concentrate","floor":49},{"not_picked":["Crippling Poison","Wraith Form v2"],"picked":"Flechettes+1","floor":54}],"player_experience":4395213,"relics_obtained":[{"floor":6,"key":"Art of War"},{"floor":11,"key":"Vajra"},{"floor":14,"key":"Dream Catcher"},{"floor":23,"key":"FossilizedHelix"},{"floor":26,"key":"Bottled Lightning"},{"floor":30,"key":"Old Coin"},{"floor":40,"key":"Mercury Hourglass"},{"floor":40,"key":"Sundial"},{"floor":42,"key":"Unceasing Top"},{"floor":42,"key":"Strawberry"},{"floor":43,"key":"Ancient Tea Set"},{"floor":45,"key":"Torii"},{"floor":46,"key":"Dead Branch"},{"floor":46,"key":"Bag of Marbles"},{"floor":54,"key":"Happy Flower"},{"floor":54,"key":"Blue Candle"}],"event_choices":[{"cards_removed":["Strike_G"],"damage_healed":0,"gold_gain":0,"player_choice":"Card Removal","damage_taken":0,"max_hp_gain":0,"max_hp_loss":0,"event_name":"The Cleric","floor":3,"gold_loss":50},{"damage_healed":0,"gold_gain":0,"player_choice":"Entered Light","damage_taken":14,"max_hp_gain":0,"max_hp_loss":0,"event_name":"Shining Light","floor":4,"gold_loss":0,"cards_upgraded":["Defend_G","Flying Knee"]},{"damage_healed":23,"gold_gain":0,"player_choice":"Banana","damage_taken":0,"max_hp_gain":0,"max_hp_loss":0,"event_name":"Big Fish","floor":12,"gold_loss":0},{"damage_healed":0,"gold_gain":0,"player_choice":"Read","damage_taken":0,"max_hp_gain":0,"max_hp_loss":0,"event_name":"The Library","floor":20,"gold_loss":0,"cards_obtained":["Infinite Blades"]},{"damage_healed":0,"gold_gain":99,"player_choice":"Stole From Cult","damage_taken":0,"max_hp_gain":0,"max_hp_loss":0,"event_name":"Nest","floor":21,"gold_loss":0},{"damage_healed":0,"gold_gain":0,"player_choice":"Obtained Relic","damage_taken":0,"relics_obtained":["Lantern"],"max_hp_gain":0,"max_hp_loss":0,"event_name":"Addict","floor":24,"gold_loss":85},{"damage_healed":0,"gold_gain":0,"player_choice":"Ignored","damage_taken":0,"max_hp_gain":0,"max_hp_loss":0,"event_name":"Tomb of Lord Red Mask","floor":36,"gold_loss":0},{"damage_healed":0,"gold_gain":0,"player_choice":"Memory 3","damage_taken":10,"max_hp_gain":0,"max_hp_loss":0,"event_name":"SensoryStone","floor":39,"gold_loss":0},{"damage_healed":0,"gold_gain":0,"player_choice":"Fight","damage_taken":0,"max_hp_gain":0,"max_hp_loss":0,"event_name":"Mysterious Sphere","floor":45,"gold_loss":0}],"is_beta":true,"boss_relics":[{"not_picked":["Ring of the Serpent","Eternal Feather"],"picked":"Cursed Key"},{"not_picked":["Runic Pyramid","Empty Cage"],"picked":"Black Star"}],"items_purged_floors":[37,47],"is_endless":false,"potions_floor_spawned":[5,6,11,14,18,22,28,31,38,40,42],"ascension_level":1}