{"gold_per_floor":[19,33,45,320,331,331,360,360,385,86,104,122,151,151,151,254,254,270,270,286,286,306,337,337,362,362,362,461,491,507,507,507,609,609,628,628,403,415,415,448,448,479,479,479,495,523,542,562,562,562,562,562,6,36,36],"floor_reached":56,"playtime":5228,"items_purged":["Regret","Normality","Doubt"],"score":1722,"play_id":"ed72b577-10b9-43b7-853e-fb82f65f36fc","local_time":"20190126095229","is_ascension_mode":true,"campfire_choices":[{"data":"Bouncing Flask","floor":6,"key":"SMITH"},{"data":"Well Laid Plans","floor":8,"key":"SMITH"},{"data":"Catalyst","floor":15,"key":"SMITH"},{"data":"Malaise","floor":24,"key":"SMITH"},{"data":"Catalyst","floor":32,"key":"SMITH"},{"data":"Wraith Form v2","floor":41,"key":"SMITH"},{"floor":44,"key":"RECALL"},{"data":"Noxious Fumes","floor":49,"key":"SMITH"},{"data":"Wraith Form v2","floor":52,"key":"SMITH"}],"neow_cost":"NO_GOLD","seed_source_timestamp":3532530340420795,"circlet_count":0,"master_deck":["Defend_G","Defend_G","Defend_G","Defend_G","Defend_G","Strike_G","Strike_G","Strike_G","Strike_G","Survivor","Neutralize","Well Laid Plans+1","Poisoned Stab","Bouncing Flask+1","All Out Attack","Leg Sweep","Catalyst+1","Escape Plan","Die Die Die","Bouncing Flask","Catalyst+1","Malaise+1","Ghostly","Ghostly","Ghostly","Ghostly","Ghostly","Well Laid Plans","Blur","Leg Sweep","Calculated Gamble+1","Dodge and Roll","Wraith Form v2+1","Predator","Deflect","Crippling Poison+1","Deflect+1","Backflip+1","Wraith Form v2+1","Backflip+1","Noxious Fumes+1","Noxious Fumes","Adrenaline+1","Acrobatics+1"],"relics":["Ring of the Snake","PreservedInsect","Art of War","Dream Catcher","Cursed Key","NlothsMask","Bird Faced Urn","Shuriken","Strawberry","Kunai","Nilry\u0027s Codex","Velvet Choker","Toxic Egg 2","Mummified Hand","Anchor","OrangePellets","Vajra"],"potions_floor_usage":[13,16,18,20,23,23,25,30,38,50,55],"damage_taken":[{"damage":0,"enemies":"2 Louse","floor":1,"turns":3},{"damage":0,"enemies":"Cultist","floor":2,"turns":4},{"damage":1,"enemies":"Jaw Worm","floor":3,"turns":5},{"damage":5,"enemies":"Blue Slaver","floor":5,"turns":3},{"damage":23,"enemies":"3 Sentries","floor":7,"turns":8},{"damage":0,"enemies":"Gremlin Gang","floor":11,"turns":2},{"damage":0,"enemies":"3 Louse","floor":12,"turns":3},{"damage":0,"enemies":"Gremlin Nob","floor":13,"turns":3},{"damage":17,"enemies":"Slime Boss","floor":16,"turns":12},{"damage":0,"enemies":"3 Byrds","floor":18,"turns":5},{"damage":19,"enemies":"Chosen","floor":20,"turns":7},{"damage":0,"enemies":"Centurion and Healer","floor":22,"turns":5},{"damage":0,"enemies":"Gremlin Leader","floor":23,"turns":5},{"damage":1,"enemies":"Book of Stabbing","floor":25,"turns":5},{"damage":0,"enemies":"Gremlin Leader","floor":29,"turns":5},{"damage":0,"enemies":"Cultist and Chosen","floor":30,"turns":8},{"damage":0,"enemies":"Collector","floor":33,"turns":7},{"damage":0,"enemies":"Orb Walker","floor":35,"turns":4},{"damage":0,"enemies":"3 Shapes","floor":38,"turns":6},{"damage":0,"enemies":"Giant Head","floor":40,"turns":8},{"damage":13,"enemies":"Reptomancer","floor":42,"turns":4},{"damage":0,"enemies":"Maw","floor":45,"turns":8},{"damage":2,"enemies":"Giant Head","floor":46,"turns":8},{"damage":0,"enemies":"4 Shapes","floor":47,"turns":5},{"damage":0,"enemies":"3 Darklings","floor":48,"turns":5},{"damage":0,"enemies":"Awakened One","floor":50,"turns":12},{"damage":0,"enemies":"Shield and Spear","floor":54,"turns":9},{"damage":0,"enemies":"The Heart","floor":55,"turns":9}],"seed_played":"4868238206263763843","potions_obtained":[{"floor":1,"key":"Swift Potion"},{"floor":3,"key":"SteroidPotion"},{"floor":11,"key":"Energy Potion"},{"floor":13,"key":"PowerPotion"},{"floor":16,"key":"EssenceOfSteel"},{"floor":18,"key":"SteroidPotion"},{"floor":23,"key":"Regen Potion"},{"floor":25,"key":"Poison Potion"},{"floor":30,"key":"Dexterity Potion"},{"floor":33,"key":"Swift Potion"},{"floor":38,"key":"Dexterity Potion"},{"floor":40,"key":"GhostInAJar"},{"floor":42,"key":"GhostInAJar"}],"is_trial":false,"path_per_floor":["M","M","M","?","M","R","E","R","T","$","M","M","E","?","R","B",null,"M","?","M","?","M","E","R","E","T","?","?","E","M","?","R","B",null,"M","?","$","M","?","E","R","E","T","R","M","E","M","M","R","B",null,"R","$","E","B",null],"character_chosen":"THE_SILENT","items_purchased":["Catalyst","Escape Plan","Die Die Die","Predator","Deflect","OrangePellets","Noxious Fumes","Adrenaline+1"],"campfire_rested":0,"item_purchase_floors":[10,10,10,37,37,53,53,53],"current_hp_per_floor":[84,84,83,83,78,78,55,55,55,55,55,55,55,48,48,31,84,84,42,23,23,23,23,23,41,41,48,48,49,49,33,33,37,49,49,49,49,49,49,49,49,36,36,36,42,48,49,49,49,49,49,49,49,49,49],"gold":36,"neow_bonus":"TWENTY_PERCENT_HP_BONUS","is_prod":false,"is_daily":false,"chose_seed":false,"campfire_upgraded":8,"win_rate":0,"timestamp":1548514349,"path_taken":["M","M","M","?","?","R","E","R","T","$","M","M","E","?","R","BOSS","M","?","M","?","?","E","R","E","T","?","?","E","M","?","R","BOSS","M","?","$","M","?","E","R","E","T","R","M","E","M","M","R","BOSS","R","$","E","BOSS"],"build_version":"2019-01-23","purchased_purges":3,"victory":true,"max_hp_per_floor":[84,84,84,84,84,84,84,84,84,84,84,84,84,84,84,84,84,84,42,42,42,42,42,42,42,42,49,49,49,49,49,49,49,49,49,49,49,49,49,49,49,49,49,49,49,49,49,49,49,49,49,49,49,49,49],"card_choices":[{"not_picked":["Backstab","Reflex"],"picked":"Well Laid Plans","floor":1},{"not_picked":["Expertise","Accuracy"],"picked":"Poisoned Stab","floor":2},{"not_picked":["Dodge and Roll","Slice"],"picked":"Bouncing Flask","floor":3},{"not_picked":["Acrobatics","Outmaneuver"],"picked":"All Out Attack","floor":5},{"not_picked":["Well Laid Plans","Acrobatics"],"picked":"Leg Sweep","floor":7},{"not_picked":["Underhanded Strike","Tactician"],"picked":"Bouncing Flask","floor":11},{"not_picked":["Slice","Flying Knee"],"picked":"Catalyst","floor":12},{"not_picked":["Storm of Steel","Slice","Dagger Spray"],"picked":"SKIP","floor":13},{"not_picked":["Wraith Form v2","Doppelganger"],"picked":"Malaise","floor":16},{"not_picked":["Eviscerate","Poisoned Stab","Prepared"],"picked":"SKIP","floor":18},{"not_picked":["Outmaneuver","Concentrate"],"picked":"Well Laid Plans","floor":20},{"not_picked":["Finisher+1","Setup+1"],"picked":"Blur","floor":22},{"not_picked":["Deflect","Quick Slash+1"],"picked":"Leg Sweep","floor":23},{"not_picked":["Bouncing Flask","Blade Dance+1"],"picked":"Calculated Gamble+1","floor":25},{"not_picked":["Cloak And Dagger","Accuracy+1","Flying Knee"],"picked":"SKIP","floor":29},{"not_picked":["Blade Dance","Heel Hook"],"picked":"Dodge and Roll","floor":30},{"not_picked":["Glass Knife","After Image"],"picked":"Wraith Form v2","floor":33},{"not_picked":["Dodge and Roll","Dagger Spray","Blade Dance"],"picked":"SKIP","floor":35},{"not_picked":["Blade Dance","Cloak And Dagger+1","Expertise+1"],"picked":"SKIP","floor":38},{"not_picked":["Cloak And Dagger","Dagger Spray+1"],"picked":"Crippling Poison+1","floor":40},{"not_picked":["Sucker Punch+1","Dagger Spray"],"picked":"Deflect+1","floor":42},{"not_picked":["Flying Knee","Eviscerate+1"],"picked":"Backflip+1","floor":45},{"not_picked":["Dagger Throw","Deflect+1"],"picked":"Wraith Form v2","floor":46},{"not_picked":["Flying Knee","Cloak And Dagger+1"],"picked":"Backflip+1","floor":47},{"not_picked":["Slice","Blade Dance+1"],"picked":"Noxious Fumes","floor":48},{"not_picked":["Dagger Spray+1","Noxious Fumes+1"],"picked":"Acrobatics+1","floor":54}],"player_experience":4213839,"relics_obtained":[{"floor":7,"key":"PreservedInsect"},{"floor":9,"key":"Art of War"},{"floor":13,"key":"Dream Catcher"},{"floor":23,"key":"Bird Faced Urn"},{"floor":25,"key":"Shuriken"},{"floor":29,"key":"Kunai"},{"floor":31,"key":"Nilry\u0027s Codex"},{"floor":40,"key":"Toxic Egg 2"},{"floor":42,"key":"Mummified Hand"},{"floor":46,"key":"Anchor"},{"floor":54,"key":"Vajra"}],"event_choices":[{"damage_healed":0,"gold_gain":275,"player_choice":"Desecrate","damage_taken":0,"max_hp_gain":0,"max_hp_loss":0,"event_name":"Golden Shrine","floor":4,"gold_loss":0,"cards_obtained":["Regret"]},{"cards_removed":["Strike_G"],"damage_healed":0,"gold_gain":0,"player_choice":"Card Removal","damage_taken":7,"max_hp_gain":0,"max_hp_loss":0,"event_name":"Golden Wing","floor":14,"gold_loss":0},{"damage_healed":0,"gold_gain":0,"player_choice":"Became a Ghost","damage_taken":0,"max_hp_gain":0,"max_hp_loss":42,"event_name":"Ghosts","floor":19,"gold_loss":0,"cards_obtained":["Ghostly","Ghostly","Ghostly","Ghostly","Ghostly"]},{"damage_healed":0,"gold_gain":0,"player_choice":"Trade","damage_taken":0,"relics_obtained":["NlothsMask"],"max_hp_gain":0,"max_hp_loss":0,"event_name":"FaceTrader","floor":21,"gold_loss":0},{"damage_healed":0,"gold_gain":0,"player_choice":"Opened","damage_taken":0,"relics_obtained":["Strawberry"],"max_hp_gain":0,"max_hp_loss":0,"event_name":"The Mausoleum","floor":27,"gold_loss":0},{"damage_healed":0,"gold_gain":99,"player_choice":"Stole From Cult","damage_taken":0,"max_hp_gain":0,"max_hp_loss":0,"event_name":"Nest","floor":28,"gold_loss":0},{"damage_healed":0,"gold_gain":0,"player_choice":"Obtained Book","damage_taken":16,"max_hp_gain":0,"max_hp_loss":0,"event_name":"Cursed Tome","floor":31,"gold_loss":0},{"damage_healed":0,"gold_gain":0,"player_choice":"Ignored","damage_taken":0,"max_hp_gain":0,"max_hp_loss":0,"event_name":"Tomb of Lord Red Mask","floor":36,"gold_loss":0},{"damage_healed":0,"gold_gain":0,"player_choice":"Full Heal","damage_taken":0,"max_hp_gain":0,"max_hp_loss":0,"event_name":"Wheel of Change","floor":39,"gold_loss":0}],"is_beta":true,"boss_relics":[{"not_picked":["Empty Cage","Ring of the Serpent"],"picked":"Cursed Key"},{"not_picked":["Snecko Eye","Sozu"],"picked":"Velvet Choker"}],"items_purged_floors":[10,37,53],"is_endless":false,"potions_floor_spawned":[1,3,11,13,16,18,23,25,30,33,38,40,42],"ascension_level":1}