{"gold_per_floor":[119,68,68,68,83,112,112,138,138,165,165,179,209,283,295,411,423,450,476,258,258,273,303,303,333,333,360,373,373,123,123,123,226,226,240,240,240,252,252,252],"floor_reached":40,"playtime":1696,"items_purged":["Sword Boomerang","Defend_R"],"score":571,"play_id":"29eff8f4-2ba6-413c-9cda-ee5fa7019ab1","local_time":"20190203235658","is_ascension_mode":true,"campfire_choices":[{"data":"Perfected Strike","floor":7,"key":"SMITH"},{"data":"Perfected Strike","floor":11,"key":"SMITH"},{"data":"Inflame","floor":15,"key":"SMITH"},{"data":"Perfected Strike","floor":24,"key":"SMITH"},{"data":"Bash","floor":29,"key":"SMITH"},{"data":"Dual Wield","floor":32,"key":"SMITH"}],"neow_cost":"NONE","seed_source_timestamp":609046477053089,"circlet_count":0,"master_deck":["Strike_R","Strike_R","Strike_R","Strike_R","Strike_R","Defend_R+1","Defend_R+1","Bash+1","Perfected Strike+1","Cleave+1","Pommel Strike","Twin Strike","Perfected Strike+1","Pommel Strike+1","Inflame+1","Pommel Strike","Offering","Perfected Strike+1","Pommel Strike","Armaments+1","Infernal Blade+1","Pommel Strike","Dual Wield+1","Reaper","Apotheosis","Pain","Dual Wield+1"],"relics":["Black Blood","NeowsBlessing","Unceasing Top","Bag of Preparation","WingedGreaves","Centennial Puzzle","MawBank","Whetstone","Cursed Key","Oddly Smooth Stone","War Paint","Dream Catcher","Bird Faced Urn","Vajra","WarpedTongs"],"potions_floor_usage":[10,10,10,13,13,16,33,40],"damage_taken":[{"damage":0,"enemies":"2 Louse","floor":1,"turns":1},{"damage":0,"enemies":"Cultist","floor":5,"turns":1},{"damage":0,"enemies":"Gremlin Nob","floor":6,"turns":1},{"damage":34,"enemies":"Lagavulin","floor":8,"turns":6},{"damage":27,"enemies":"3 Sentries","floor":10,"turns":3},{"damage":11,"enemies":"Jaw Worm","floor":12,"turns":2},{"damage":0,"enemies":"Lagavulin","floor":13,"turns":2},{"damage":14,"enemies":"Gremlin Nob","floor":14,"turns":3},{"damage":6,"enemies":"Slime Boss","floor":16,"turns":5},{"damage":10,"enemies":"Chosen","floor":18,"turns":2},{"damage":0,"enemies":"Spheric Guardian","floor":19,"turns":1},{"damage":12,"enemies":"3 Cultists","floor":22,"turns":3},{"damage":21,"enemies":"Book of Stabbing","floor":23,"turns":3},{"damage":14,"enemies":"Slavers","floor":25,"turns":3},{"damage":18,"enemies":"Book of Stabbing","floor":27,"turns":3},{"damage":6,"enemies":"Chosen and Byrds","floor":28,"turns":3},{"damage":21,"enemies":"Collector","floor":33,"turns":4},{"damage":36,"enemies":"3 Darklings","floor":35,"turns":3},{"damage":21,"enemies":"3 Shapes","floor":38,"turns":2},{"damage":10,"enemies":"Jaw Worm Horde","floor":39,"turns":2},{"damage":90,"enemies":"Reptomancer","floor":40,"turns":2}],"seed_played":"6799090277936402405","potions_obtained":[{"floor":1,"key":"BloodPotion"},{"floor":3,"key":"EntropicBrew"},{"floor":3,"key":"SkillPotion"},{"floor":8,"key":"Explosive Potion"},{"floor":19,"key":"AttackPotion"},{"floor":25,"key":"SpeedPotion"},{"floor":28,"key":"Block Potion"},{"floor":38,"key":"GamblersBrew"}],"is_trial":false,"path_per_floor":["M","$","?","$","M","E","R","E","T","E","R","M","E","?","R","B",null,"M","M","$","?","M","E","R","E","T","E","M","R","$","?","R","B",null,"M","?","?","M","M","E"],"character_chosen":"IRONCLAD","items_purchased":["Perfected Strike","Oddly Smooth Stone","Vajra"],"campfire_rested":0,"item_purchase_floors":[2,20,30],"current_hp_per_floor":[80,80,80,80,80,80,80,52,52,39,39,34,40,32,32,32,80,76,80,80,80,74,59,59,51,51,39,41,41,41,41,41,32,80,56,56,56,47,55,0],"gold":252,"neow_bonus":"THREE_ENEMY_KILL","is_prod":false,"is_daily":false,"chose_seed":false,"campfire_upgraded":6,"win_rate":0,"timestamp":1549267018,"path_taken":["M","$","?","$","?","E","R","E","T","E","R","M","E","?","R","BOSS","M","M","$","?","?","E","R","E","T","E","M","R","$","?","R","BOSS","M","?","?","?","M","E"],"build_version":"2019-01-23","purchased_purges":2,"victory":false,"max_hp_per_floor":[80,80,80,80,80,80,80,80,80,80,80,80,80,80,80,80,80,80,80,80,80,80,80,80,80,80,80,80,80,80,80,80,80,80,80,80,80,80,80,80],"card_choices":[{"not_picked":["Rupture","True Grit"],"picked":"Sword Boomerang","floor":1},{"not_picked":["Shrug It Off","Iron Wave"],"picked":"Cleave","floor":5},{"not_picked":["Warcry","Iron Wave"],"picked":"Pommel Strike","floor":6},{"not_picked":["Rupture","Iron Wave"],"picked":"Twin Strike","floor":8},{"not_picked":["Dark Embrace","Immolate"],"picked":"Perfected Strike","floor":10},{"not_picked":["True Grit","Battle Trance"],"picked":"Pommel Strike","floor":12},{"not_picked":["Blood for Blood","Burning Pact"],"picked":"Inflame","floor":13},{"not_picked":["Warcry","Thunderclap"],"picked":"Pommel Strike","floor":14},{"not_picked":["Juggernaut","Exhume"],"picked":"Offering","floor":16},{"not_picked":["True Grit+1","Infernal Blade"],"picked":"Perfected Strike","floor":18},{"not_picked":["Iron Wave","Rage+1"],"picked":"Pommel Strike","floor":19},{"not_picked":["Evolve","Twin Strike"],"picked":"Armaments+1","floor":22},{"not_picked":["Entrench","True Grit+1"],"picked":"Infernal Blade+1","floor":23},{"not_picked":["Dropkick","Immolate","Seeing Red"],"picked":"SKIP","floor":25},{"not_picked":["Shrug It Off","Whirlwind"],"picked":"Pommel Strike","floor":27},{"not_picked":["Flex","Clash+1","Rupture"],"picked":"SKIP","floor":28},{"not_picked":["Juggernaut","Bludgeon"],"picked":"Reaper","floor":33},{"not_picked":["Dropkick","Wild Strike","Body Slam+1"],"picked":"SKIP","floor":35},{"not_picked":["Dark Shackles","Flash of Steel"],"picked":"Apotheosis","floor":36},{"not_picked":["Havoc+1","Battle Trance+1","Thunderclap+1"],"picked":"SKIP","floor":38},{"not_picked":["True Grit+1","Shrug It Off+1"],"picked":"Dual Wield+1","floor":39}],"player_experience":63472,"relics_obtained":[{"floor":6,"key":"Unceasing Top"},{"floor":8,"key":"Bag of Preparation"},{"floor":9,"key":"WingedGreaves"},{"floor":10,"key":"Centennial Puzzle"},{"floor":13,"key":"MawBank"},{"floor":14,"key":"Whetstone"},{"floor":23,"key":"War Paint"},{"floor":25,"key":"Dream Catcher"},{"floor":27,"key":"Bird Faced Urn"}],"event_choices":[{"damage_healed":0,"gold_gain":0,"player_choice":"Got Potions","damage_taken":0,"max_hp_gain":0,"max_hp_loss":0,"event_name":"Lab","floor":3,"gold_loss":0},{"damage_healed":0,"gold_gain":0,"player_choice":"Searched \u00271\u0027 times","damage_taken":0,"max_hp_gain":0,"max_hp_loss":0,"event_name":"Dead Adventurer","floor":14,"gold_loss":0},{"cards_removed":["Defend_R"],"damage_healed":0,"gold_gain":0,"player_choice":"Offered Basic","damage_taken":0,"max_hp_gain":0,"max_hp_loss":0,"event_name":"Bonfire Elementals","floor":21,"gold_loss":0},{"damage_healed":0,"gold_gain":0,"player_choice":"Read","damage_taken":0,"max_hp_gain":0,"max_hp_loss":0,"event_name":"The Library","floor":31,"gold_loss":0,"cards_obtained":["Dual Wield"]},{"damage_healed":0,"gold_gain":0,"player_choice":"Memory 1","damage_taken":0,"max_hp_gain":0,"max_hp_loss":0,"event_name":"SensoryStone","floor":36,"gold_loss":0},{"damage_healed":0,"gold_gain":0,"player_choice":"Rummage","damage_taken":0,"relics_obtained":["WarpedTongs"],"max_hp_gain":0,"max_hp_loss":0,"event_name":"Accursed Blacksmith","floor":37,"gold_loss":0,"cards_obtained":["Pain"]}],"is_beta":false,"boss_relics":[{"not_picked":["Lizard Tail","Velvet Choker"],"picked":"Cursed Key"},{"not_picked":["Eternal Feather","Tiny House"],"picked":"Black Blood"}],"items_purged_floors":[20,30],"is_endless":false,"potions_floor_spawned":[1,8,12,19,25,28,38],"killed_by":"Reptomancer","ascension_level":1}