{"gold_per_floor":[111,123,138,154,154,185,185,198,268,32,70,113,113,137,137,137],"floor_reached":16,"playtime":1083,"items_purged":["Strike_G"],"score":112,"play_id":"be96e094-f81d-4fde-949b-452d621a8216","local_time":"20190213152647","is_ascension_mode":false,"campfire_choices":[{"floor":7,"key":"REST"},{"data":"Concentrate","floor":13,"key":"SMITH"},{"floor":15,"key":"REST"}],"neow_cost":"NONE","seed_source_timestamp":144613291627803,"circlet_count":0,"master_deck":["Defend_G","Defend_G","Defend_G","Defend_G","Defend_G","Strike_G+1","Strike_G","Strike_G","Strike_G","Survivor","Neutralize+1","Crippling Poison","Dagger Spray","Blade Dance","Accuracy","Glass Knife","Blur","Bouncing Flask","Caltrops","Blade Dance","Bouncing Flask","Concentrate+1","Finisher"],"relics":["Ring of the Snake","Whetstone","Golden Idol","Blood Vial","Blue Candle","Odd Mushroom","Ginger"],"potions_floor_usage":[11,11,16],"damage_taken":[{"damage":0,"enemies":"2 Louse","floor":1,"turns":3},{"damage":1,"enemies":"Jaw Worm","floor":2,"turns":4},{"damage":0,"enemies":"Cultist","floor":3,"turns":4},{"damage":12,"enemies":"Large Slime","floor":4,"turns":7},{"damage":21,"enemies":"Lagavulin","floor":6,"turns":8},{"damage":3,"enemies":"Gremlin Gang","floor":8,"turns":4},{"damage":6,"enemies":"The Mushroom Lair","floor":11,"turns":5},{"damage":28,"enemies":"3 Sentries","floor":12,"turns":7},{"damage":8,"enemies":"Exordium Wildlife","floor":14,"turns":5},{"damage":41,"enemies":"Hexaghost","floor":16,"turns":9}],"seed_played":"1953849924485180477","potions_obtained":[{"floor":2,"key":"Dexterity Potion"},{"floor":3,"key":"GamblersBrew"},{"floor":4,"key":"GamblersBrew"},{"floor":6,"key":"Regen Potion"},{"floor":14,"key":"Ancient Potion"}],"is_trial":false,"path_per_floor":["M","M","M","M","?","E","R","M","T","$","?","E","R","M","R","B"],"character_chosen":"THE_SILENT","items_purchased":["Bouncing Flask","Caltrops","Blade Dance"],"campfire_rested":2,"item_purchase_floors":[10,10,10],"current_hp_per_floor":[70,69,69,57,40,19,40,39,39,39,49,23,23,17,38,0],"gold":137,"neow_bonus":"RANDOM_COMMON_RELIC","is_prod":false,"is_daily":false,"chose_seed":false,"campfire_upgraded":1,"win_rate":0,"timestamp":1550068007,"path_taken":["M","M","M","M","?","E","R","M","T","$","?","E","R","M","R","BOSS"],"build_version":"2019-01-23","purchased_purges":1,"victory":false,"max_hp_per_floor":[70,70,70,70,70,70,70,70,70,70,70,70,70,70,70,70],"card_choices":[{"not_picked":["Sucker Punch","Accuracy"],"picked":"Crippling Poison","floor":1},{"not_picked":["Dodge and Roll","Blur"],"picked":"Dagger Spray","floor":2},{"not_picked":["Finisher","Underhanded Strike"],"picked":"Blade Dance","floor":3},{"not_picked":["Underhanded Strike","Cloak And Dagger"],"picked":"Accuracy","floor":4},{"not_picked":["Phantasmal Killer","Cloak And Dagger"],"picked":"Glass Knife","floor":6},{"not_picked":["Crippling Poison","Expertise"],"picked":"Blur","floor":8},{"not_picked":["Caltrops","Acrobatics"],"picked":"Bouncing Flask","floor":11},{"not_picked":["Calculated Gamble","Reflex"],"picked":"Concentrate","floor":12},{"not_picked":["PiercingWail","Dagger Spray"],"picked":"Finisher","floor":14}],"player_experience":155775,"relics_obtained":[{"floor":6,"key":"Blood Vial"},{"floor":9,"key":"Blue Candle"},{"floor":11,"key":"Odd Mushroom"},{"floor":12,"key":"Ginger"}],"event_choices":[{"damage_healed":0,"gold_gain":0,"player_choice":"Take Damage","damage_taken":17,"relics_obtained":["Golden Idol"],"max_hp_gain":0,"max_hp_loss":0,"event_name":"Golden Idol","floor":5,"gold_loss":0},{"damage_healed":0,"gold_gain":0,"player_choice":"Fought Mushrooms","damage_taken":0,"max_hp_gain":0,"max_hp_loss":0,"event_name":"Mushrooms","floor":11,"gold_loss":0}],"is_beta":false,"boss_relics":[],"items_purged_floors":[10],"is_endless":false,"potions_floor_spawned":[2,3,4,6,14],"killed_by":"Hexaghost","ascension_level":0}