{"gold_per_floor":[116,130,130,130,55,55,69,69,124,124,151,164,194,207,207,312,312,312,312,330,344,22,55,55,55,55,55,74,74,74,90,90,193,193,206,58,75,90,0,31,31,49,73,73,73,87,112,128,128,128],"floor_reached":50,"playtime":2400,"items_purged":["Strike_R"],"score":723,"play_id":"83e303be-a1b5-40b3-89b2-2c4bd0050700","local_time":"20190215002512","is_ascension_mode":true,"campfire_choices":[{"data":"Searing Blow+1","floor":6,"key":"SMITH"},{"data":"Searing Blow+2","floor":8,"key":"SMITH"},{"data":"Searing Blow+3","floor":10,"key":"SMITH"},{"data":"Searing Blow+4","floor":15,"key":"SMITH"},{"data":"Searing Blow+5","floor":24,"key":"SMITH"},{"floor":29,"key":"REST"},{"data":"Searing Blow+6","floor":32,"key":"SMITH"},{"data":"Searing Blow+7","floor":41,"key":"SMITH"},{"data":"Searing Blow+8","floor":44,"key":"SMITH"},{"floor":49,"key":"REST"}],"neow_cost":"NONE","seed_source_timestamp":6438929318614,"circlet_count":0,"master_deck":["Bash","Searing Blow+9","Intimidate","Headbutt","Dual Wield","Offering","Feed","Immolate","Double Tap","Entrench+1","Armaments","Apotheosis","Shrug It Off+1","Double Tap+1","Barricade","Seeing Red+1","Intimidate+1","Infernal Blade+1","Flex+1","Battle Trance+1","Shrug It Off+1","Inflame+1","Inflame+1","Armaments+1","Disarm+1","Impervious+1"],"relics":["Burning Blood","War Paint","Lantern","Dream Catcher","Paper Frog","Whetstone","White Beast Statue","Red Skull","Happy Flower","Toxic Egg 2","Pandora\u0027s Box","Omamori","Red Mask","Potion Belt","Regal Pillow","Nunchaku"],"potions_floor_usage":[13,16,18,20,23,28,31,33,33,40,46,47,50,50,50,50],"damage_taken":[{"damage":6,"enemies":"2 Louse","floor":1,"turns":3},{"damage":0,"enemies":"Jaw Worm","floor":2,"turns":3},{"damage":4,"enemies":"Cultist","floor":7,"turns":3},{"damage":17,"enemies":"3 Sentries","floor":11,"turns":7},{"damage":1,"enemies":"3 Louse","floor":12,"turns":3},{"damage":6,"enemies":"Gremlin Nob","floor":13,"turns":1},{"damage":0,"enemies":"2 Fungi Beasts","floor":14,"turns":2},{"damage":49,"enemies":"Hexaghost","floor":16,"turns":5},{"damage":0,"enemies":"Spheric Guardian","floor":18,"turns":1},{"damage":24,"enemies":"3 Byrds","floor":20,"turns":4},{"damage":31,"enemies":"Centurion and Healer","floor":21,"turns":4},{"damage":41,"enemies":"Slavers","floor":23,"turns":3},{"damage":29,"enemies":"Shelled Parasite and Fungi","floor":28,"turns":3},{"damage":8,"enemies":"Cultist and Chosen","floor":31,"turns":3},{"damage":26,"enemies":"Automaton","floor":33,"turns":6},{"damage":18,"enemies":"3 Shapes","floor":35,"turns":2},{"damage":0,"enemies":"3 Darklings","floor":37,"turns":1},{"damage":12,"enemies":"Sphere and 2 Shapes","floor":38,"turns":2},{"damage":24,"enemies":"Giant Head","floor":40,"turns":4},{"damage":22,"enemies":"4 Shapes","floor":42,"turns":3},{"damage":8,"enemies":"Jaw Worm Horde","floor":46,"turns":2},{"damage":62,"enemies":"Nemesis","floor":47,"turns":7},{"damage":9,"enemies":"Sphere and 2 Shapes","floor":48,"turns":2},{"damage":97,"enemies":"Awakened One","floor":50,"turns":9}],"seed_played":"-7487362625374146566","potions_obtained":[{"floor":7,"key":"SmokeBomb"},{"floor":12,"key":"Strength Potion"},{"floor":13,"key":"Poison Potion"},{"floor":14,"key":"AttackPotion"},{"floor":16,"key":"Regen Potion"},{"floor":20,"key":"FairyPotion"},{"floor":21,"key":"Energy Potion"},{"floor":23,"key":"FearPotion"},{"floor":28,"key":"LiquidBronze"},{"floor":31,"key":"Dexterity Potion"},{"floor":33,"key":"SkillPotion"},{"floor":35,"key":"Dexterity Potion"},{"floor":37,"key":"Ancient Potion"},{"floor":38,"key":"Fire Potion"},{"floor":40,"key":"Strength Potion"},{"floor":42,"key":"Poison Potion"},{"floor":46,"key":"Block Potion"},{"floor":47,"key":"Poison Potion"},{"floor":48,"key":"SmokeBomb"}],"is_trial":false,"path_per_floor":["M","M","?","?","$","R","M","R","T","R","E","M","E","M","R","B",null,"M","?","M","M","$","E","R","$","T","?","M","R","?","M","R","B",null,"M","$","M","M","?","E","R","M","T","R","?","M","E","M","R","B"],"character_chosen":"IRONCLAD","items_purchased":["Red Skull","Apotheosis","Omamori"],"campfire_rested":2,"item_purchase_floors":[22,22,36],"current_hp_per_floor":[80,80,80,68,68,68,70,70,70,70,59,64,64,73,73,30,83,83,83,77,52,52,17,17,17,17,17,7,32,32,33,33,13,89,77,77,83,77,77,63,63,51,51,51,107,105,49,46,93,0],"gold":128,"neow_bonus":"RANDOM_COMMON_RELIC","is_prod":false,"is_daily":false,"chose_seed":false,"campfire_upgraded":8,"win_rate":0,"timestamp":1550219112,"path_taken":["M","M","?","?","$","R","M","R","T","R","E","M","E","M","R","BOSS","M","?","M","M","?","E","R","$","T","?","M","R","?","M","R","BOSS","M","$","M","M","?","E","R","M","T","R","?","M","E","M","R","BOSS"],"build_version":"2019-01-23","purchased_purges":1,"victory":false,"max_hp_per_floor":[80,80,80,80,80,80,80,80,80,80,80,80,80,83,83,83,83,83,83,86,86,86,86,86,86,86,86,86,86,86,89,89,89,89,89,89,89,89,89,93,93,97,97,97,107,107,107,107,107,107],"card_choices":[{"not_picked":["Twin Strike","Fire Breathing"],"picked":"Searing Blow","floor":1},{"not_picked":["Wild Strike","Anger"],"picked":"Intimidate","floor":2},{"not_picked":["Twin Strike","Rage"],"picked":"Headbutt","floor":7},{"not_picked":["Clothesline","Sever Soul"],"picked":"Dual Wield","floor":11},{"not_picked":["True Grit","Entrench"],"picked":"Offering","floor":12},{"not_picked":["Pommel Strike","Burning Pact"],"picked":"Feed","floor":13},{"not_picked":["Wild Strike","Havoc","Clothesline"],"picked":"SKIP","floor":14},{"not_picked":["Exhume","Bludgeon"],"picked":"Immolate","floor":16},{"not_picked":["Havoc","Blood for Blood"],"picked":"Entrench+1","floor":20},{"not_picked":["Rage+1","Carnage+1"],"picked":"Armaments","floor":21},{"not_picked":["Corruption","Hemokinesis","Body Slam"],"picked":"SKIP","floor":23},{"not_picked":["Sword Boomerang","Twin Strike"],"picked":"Shrug It Off+1","floor":28},{"not_picked":["Headbutt","Cleave+1","Twin Strike"],"picked":"SKIP","floor":31},{"not_picked":["Demon Form","Impervious+1"],"picked":"Double Tap+1","floor":33},{"not_picked":["Flex+1","Warcry+1"],"picked":"Shrug It Off+1","floor":35},{"not_picked":["Warcry+1","Iron Wave"],"picked":"Inflame+1","floor":37},{"not_picked":["Twin Strike+1","Iron Wave"],"picked":"Inflame+1","floor":38},{"not_picked":["Disarm+1","Limit Break+1"],"picked":"Armaments+1","floor":40},{"not_picked":["Havoc+1","Clash+1","Corruption+1"],"picked":"SKIP","floor":42},{"not_picked":["Thunderclap","Cleave","Twin Strike+1"],"picked":"SKIP","floor":46},{"not_picked":["True Grit+1","Clash","Uppercut"],"picked":"SKIP","floor":47},{"not_picked":["Rage+1","Heavy Blade"],"picked":"Disarm+1","floor":48},{"not_picked":["Combust+1","Shrug It Off+1"],"picked":"Impervious+1","floor":49}],"player_experience":163732,"relics_obtained":[{"floor":9,"key":"Dream Catcher"},{"floor":11,"key":"Paper Frog"},{"floor":13,"key":"Whetstone"},{"floor":23,"key":"Happy Flower"},{"floor":26,"key":"Toxic Egg 2"},{"floor":40,"key":"Potion Belt"},{"floor":43,"key":"Regal Pillow"},{"floor":47,"key":"Nunchaku"}],"event_choices":[{"damage_healed":0,"gold_gain":0,"player_choice":"Grow","damage_taken":0,"max_hp_gain":0,"max_hp_loss":0,"event_name":"Living Wall","floor":3,"gold_loss":0,"cards_upgraded":["Searing Blow"]},{"damage_healed":0,"gold_gain":0,"player_choice":"Success","damage_taken":12,"relics_obtained":["Lantern"],"max_hp_gain":0,"max_hp_loss":0,"event_name":"Scrap Ooze","floor":4,"gold_loss":0},{"damage_healed":0,"gold_gain":0,"cards_transformed":["Defend_R"],"player_choice":"Transformed","damage_taken":0,"max_hp_gain":0,"max_hp_loss":0,"event_name":"Transmorgrifier","floor":19,"gold_loss":0,"cards_obtained":["Double Tap"]},{"damage_healed":0,"gold_gain":0,"player_choice":"Ignored","damage_taken":0,"max_hp_gain":0,"max_hp_loss":0,"event_name":"Vampires","floor":27,"gold_loss":0},{"damage_healed":0,"gold_gain":0,"player_choice":"Paid","damage_taken":0,"relics_obtained":["Red Mask"],"max_hp_gain":0,"max_hp_loss":0,"event_name":"Tomb of Lord Red Mask","floor":39,"gold_loss":90},{"cards_removed":["Dark Embrace"],"damage_healed":46,"gold_gain":0,"player_choice":"Offered Rare","damage_taken":0,"max_hp_gain":10,"max_hp_loss":0,"event_name":"Bonfire Elementals","floor":45,"gold_loss":0}],"is_beta":false,"boss_relics":[{"not_picked":["Ectoplasm","Mark of Pain"],"picked":"White Beast Statue"},{"not_picked":["Philosopher\u0027s Stone","Snecko Eye"],"picked":"Pandora\u0027s Box"}],"items_purged_floors":[5],"is_endless":false,"potions_floor_spawned":[7,12,13,14,16,18,20,21,23,28,31,33,35,37,38,40,42,46,47,48],"killed_by":"Awakened One","ascension_level":4}