{"gold_per_floor":[114,124,137,62,81,81,115,115,168,178,189,202,216,216,216,216],"floor_reached":16,"playtime":632,"items_purged":["Strike_G"],"score":170,"play_id":"1bdf7bda-69b8-421d-9ad4-06843fdc6063","local_time":"20190217183751","is_ascension_mode":true,"campfire_choices":[{"data":"Neutralize","floor":6,"key":"SMITH"},{"floor":8,"key":"REST"},{"floor":15,"key":"REST"}],"neow_cost":"NONE","seed_source_timestamp":26672407538532,"circlet_count":0,"master_deck":["AscendersBane","Defend_G","Defend_G","Defend_G","Defend_G","Defend_G","Strike_G","Strike_G","Strike_G","Strike_G","Survivor","Neutralize+1","Poisoned Stab","Dagger Throw","Flying Knee","Backstab","Sucker Punch","Escape Plan+1","Burst+1","Dagger Spray"],"relics":["Ring of the Snake","NeowsBlessing","Toxic Egg 2","Vajra","Golden Idol"],"potions_floor_usage":[16,16],"damage_taken":[{"damage":0,"enemies":"2 Louse","floor":1,"turns":1},{"damage":0,"enemies":"Jaw Worm","floor":2,"turns":1},{"damage":0,"enemies":"Small Slimes","floor":3,"turns":1},{"damage":20,"enemies":"Exordium Thugs","floor":5,"turns":6},{"damage":32,"enemies":"Lagavulin","floor":7,"turns":8},{"damage":4,"enemies":"Blue Slaver","floor":10,"turns":3},{"damage":0,"enemies":"Red Slaver","floor":11,"turns":3},{"damage":2,"enemies":"3 Louse","floor":12,"turns":3},{"damage":9,"enemies":"Exordium Wildlife","floor":13,"turns":5},{"damage":47,"enemies":"Slime Boss","floor":16,"turns":11}],"seed_played":"-183102320505743977","potions_obtained":[{"floor":7,"key":"Ancient Potion"},{"floor":11,"key":"Block Potion"},{"floor":12,"key":"Dexterity Potion"}],"is_trial":false,"path_per_floor":["M","M","M","$","M","R","E","R","T","M","M","M","M","?","R","B"],"character_chosen":"THE_SILENT","items_purchased":[],"campfire_rested":2,"item_purchase_floors":[],"current_hp_per_floor":[63,63,63,63,43,43,11,32,32,28,28,26,17,17,36,0],"gold":216,"neow_bonus":"THREE_ENEMY_KILL","is_prod":false,"is_daily":false,"chose_seed":false,"campfire_upgraded":1,"win_rate":0,"timestamp":1550457471,"path_taken":["M","M","M","$","M","R","E","R","T","M","M","M","M","?","R","BOSS"],"build_version":"2019-01-23","purchased_purges":1,"victory":false,"max_hp_per_floor":[70,70,70,70,70,70,70,70,70,70,70,70,70,65,65,65],"card_choices":[{"not_picked":["Bane","PiercingWail"],"picked":"Poisoned Stab","floor":1},{"not_picked":["Poisoned Stab","Slice"],"picked":"Dagger Throw","floor":2},{"not_picked":["Dodge and Roll","Endless Agony"],"picked":"Flying Knee","floor":3},{"not_picked":["PiercingWail","Dagger Throw"],"picked":"Backstab","floor":5},{"not_picked":["Acrobatics","Finisher"],"picked":"Sucker Punch","floor":7},{"not_picked":["Sucker Punch","Terror+1"],"picked":"Escape Plan+1","floor":10},{"not_picked":["Dagger Spray","Endless Agony"],"picked":"Burst+1","floor":11},{"not_picked":["Underhanded Strike","Masterful Stab","Finisher"],"picked":"SKIP","floor":12},{"not_picked":["Terror+1","Expertise+1"],"picked":"Dagger Spray","floor":13}],"player_experience":194914,"relics_obtained":[{"floor":7,"key":"Toxic Egg 2"},{"floor":9,"key":"Vajra"}],"event_choices":[{"damage_healed":0,"gold_gain":0,"player_choice":"Lose Max HP","damage_taken":0,"relics_obtained":["Golden Idol"],"max_hp_gain":0,"max_hp_loss":5,"event_name":"Golden Idol","floor":14,"gold_loss":0}],"is_beta":false,"boss_relics":[],"items_purged_floors":[4],"is_endless":false,"potions_floor_spawned":[7,11,12,13],"killed_by":"Slime Boss","ascension_level":12}