{"gold_per_floor":[113,113,113,138,138,178,178,214,214,214,288,329,56,75,75,206,206,225,225,249,348,50,90,90,125,151,184,200,200,150,163,163,289,289,309,434,514,538,538,582,626,626,626,665,686,83,117,142,142,142,142,142,45,79,79],"floor_reached":56,"playtime":2429,"items_purged":["Strike_R","Strike_R+1","Strike_R+1"],"score":1653,"play_id":"9717f5b5-11cd-489c-aa68-5b3ad3decff5","local_time":"20181114032319","is_ascension_mode":true,"campfire_choices":[{"floor":7,"key":"REST"},{"data":"1","floor":10,"key":"LIFT"},{"data":"2","floor":15,"key":"LIFT"},{"data":"3","floor":24,"key":"LIFT"},{"data":"Limit Break","floor":29,"key":"SMITH"},{"data":"Armaments","floor":32,"key":"SMITH"},{"floor":49,"key":"RECALL"},{"data":"Panacea","floor":52,"key":"SMITH"}],"neow_cost":"NONE","seed_source_timestamp":1722837087830781,"circlet_count":0,"master_deck":["Strike_R+1","Strike_R+1","Defend_R+1","Defend_R+1","Defend_R+1","Defend_R+1","Bash","Pummel","Cleave","Dropkick","Armaments+1","Ghostly Armor","Whirlwind","True Grit","Limit Break+1","Uppercut","Clothesline","Spot Weakness","Seeing Red+1","Sword Boomerang","Pummel+1","Heavy Blade+1","Deep Breath","PanicButton","Panacea+1","Whirlwind","Good Instincts","Thunderclap+1","Flash of Steel","Shrug It Off+1"],"relics":["Burning Blood","Vajra","Mango","Golden Idol","Oddly Smooth Stone","Potion Belt","Girya","Paper Frog","Anchor","Happy Flower","Chemical X","Busted Crown","Centennial Puzzle","Gambling Chip","Dead Branch","Blood Vial","Sundial","Runic Pyramid","WingedGreaves","Question Card","Ginger","Omamori","Bag of Marbles","Torii","PreservedInsect","Boot"],"potions_floor_usage":[1,11,55,55,55,55,55],"damage_taken":[{"damage":2,"enemies":"Small Slimes","floor":1,"turns":4},{"damage":1,"enemies":"Jaw Worm","floor":4,"turns":3},{"damage":49,"enemies":"Lagavulin","floor":6,"turns":7},{"damage":16,"enemies":"Gremlin Nob","floor":8,"turns":3},{"damage":18,"enemies":"Lagavulin Event","floor":11,"turns":4},{"damage":15,"enemies":"3 Sentries","floor":12,"turns":6},{"damage":0,"enemies":"2 Louse","floor":14,"turns":1},{"damage":4,"enemies":"Hexaghost","floor":16,"turns":7},{"damage":0,"enemies":"Spheric Guardian","floor":18,"turns":2},{"damage":0,"enemies":"Shell Parasite","floor":20,"turns":3},{"damage":7,"enemies":"Book of Stabbing","floor":23,"turns":4},{"damage":9,"enemies":"Slavers","floor":25,"turns":2},{"damage":0,"enemies":"Book of Stabbing","floor":27,"turns":2},{"damage":3,"enemies":"Snake Plant","floor":28,"turns":3},{"damage":0,"enemies":"3 Cultists","floor":31,"turns":1},{"damage":20,"enemies":"Collector","floor":33,"turns":4},{"damage":1,"enemies":"3 Darklings","floor":35,"turns":2},{"damage":2,"enemies":"Mind Bloom Boss Battle","floor":36,"turns":3},{"damage":0,"enemies":"Orb Walker","floor":38,"turns":2},{"damage":0,"enemies":"Reptomancer","floor":40,"turns":3},{"damage":0,"enemies":"Nemesis","floor":41,"turns":3},{"damage":0,"enemies":"Reptomancer","floor":44,"turns":3},{"damage":0,"enemies":"4 Shapes","floor":45,"turns":3},{"damage":0,"enemies":"Giant Head","floor":47,"turns":4},{"damage":1,"enemies":"Transient","floor":48,"turns":5},{"damage":2,"enemies":"Donu and Deca","floor":50,"turns":5},{"damage":0,"enemies":"Shield and Spear","floor":54,"turns":2},{"damage":37,"enemies":"The Heart","floor":55,"turns":7}],"seed_played":"-3584663073676028068","potions_obtained":[{"floor":1,"key":"Fruit Juice"},{"floor":6,"key":"Ancient Potion"},{"floor":14,"key":"Block Potion"},{"floor":23,"key":"AttackPotion"},{"floor":27,"key":"Regen Potion"},{"floor":31,"key":"Dexterity Potion"},{"floor":35,"key":"Swift Potion"},{"floor":40,"key":"Weak Potion"}],"is_trial":false,"path_per_floor":["M","?","?","M","T","E","R","E","T","R","?","E","$","M","R","B",null,"M","?","M","?","$","E","R","E","T","E","M","R","?","M","R","B",null,"M","?","T","M","?","E","E","?","T","E","M","$","E","M","R","B",null,"R","$","E","B",null],"character_chosen":"IRONCLAD","items_purchased":["Chemical X","Centennial Puzzle","PowerPotion","Torii","Whirlwind","Good Instincts","SpeedPotion","Flash of Steel"],"campfire_rested":1,"item_purchase_floors":[13,22,22,46,46,46,46,53],"current_hp_per_floor":[85,81,81,86,86,43,70,60,60,60,48,39,39,45,45,47,92,92,92,92,92,92,91,91,88,88,92,92,92,92,92,92,78,92,92,92,92,92,87,87,87,77,77,85,87,87,87,87,87,87,87,87,87,87,56],"gold":79,"neow_bonus":"RANDOM_COMMON_RELIC","is_prod":false,"is_daily":false,"chose_seed":false,"campfire_upgraded":3,"win_rate":0,"timestamp":1542183799,"path_taken":["M","?","?","M","?","E","R","E","T","R","?","E","$","M","R","BOSS","M","?","M","?","$","E","R","E","T","E","M","R","?","?","R","BOSS","M","?","?","?","?","E","E","?","T","E","M","$","E","?","R","BOSS","R","$","E","BOSS"],"build_version":"2018-11-13","purchased_purges":3,"victory":true,"max_hp_per_floor":[85,99,92,92,92,92,92,92,92,92,92,92,92,92,92,92,92,92,92,92,92,92,92,92,92,92,92,92,92,92,92,92,92,92,92,92,92,92,87,87,87,87,87,87,87,87,87,87,87,87,87,87,87,87,87],"card_choices":[{"not_picked":["Blood for Blood","Pommel Strike"],"picked":"Pummel","floor":1},{"not_picked":["Sentinel","Flex"],"picked":"Cleave","floor":4},{"not_picked":["Hemokinesis","Bloodletting"],"picked":"Dropkick","floor":6},{"not_picked":["Twin Strike","Perfected Strike"],"picked":"Armaments","floor":8},{"not_picked":["Cleave","Twin Strike"],"picked":"Ghostly Armor","floor":11},{"not_picked":["Shrug It Off","Second Wind"],"picked":"Whirlwind","floor":12},{"not_picked":["Dark Embrace","Sentinel"],"picked":"True Grit","floor":14},{"not_picked":["Barricade","Fiend Fire"],"picked":"Limit Break","floor":16},{"not_picked":["Perfected Strike+1"],"picked":"SKIP","floor":18},{"not_picked":["Twin Strike+1"],"picked":"SKIP","floor":20},{"not_picked":[],"picked":"Uppercut","floor":23},{"not_picked":["Combust"],"picked":"SKIP","floor":25},{"not_picked":["Carnage"],"picked":"SKIP","floor":27},{"not_picked":[],"picked":"Clothesline","floor":28},{"not_picked":[],"picked":"Spot Weakness","floor":31},{"not_picked":[],"picked":"Seeing Red+1","floor":35},{"not_picked":[],"picked":"Sword Boomerang","floor":36},{"not_picked":["Armaments+1"],"picked":"Pummel+1","floor":38},{"not_picked":["Anger","Cleave"],"picked":"SKIP","floor":40},{"not_picked":["Armaments+1"],"picked":"Heavy Blade+1","floor":41},{"not_picked":["Purity"],"picked":"Deep Breath","floor":42},{"not_picked":["Apotheosis"],"picked":"PanicButton","floor":42},{"not_picked":["Impatience"],"picked":"Panacea","floor":42},{"not_picked":["Sword Boomerang","Immolate"],"picked":"SKIP","floor":44},{"not_picked":["Cleave","Combust+1"],"picked":"SKIP","floor":45},{"not_picked":["Flame Barrier"],"picked":"Thunderclap+1","floor":47},{"not_picked":["Combust+1","Clash"],"picked":"SKIP","floor":48},{"not_picked":["Searing Blow+1"],"picked":"Shrug It Off+1","floor":54}],"player_experience":3410703,"relics_obtained":[{"floor":5,"key":"Oddly Smooth Stone"},{"floor":6,"key":"Potion Belt"},{"floor":8,"key":"Girya"},{"floor":9,"key":"Paper Frog"},{"floor":11,"key":"Anchor"},{"floor":12,"key":"Happy Flower"},{"floor":23,"key":"Gambling Chip"},{"floor":25,"key":"Dead Branch"},{"floor":26,"key":"Blood Vial"},{"floor":27,"key":"Sundial"},{"floor":36,"key":"WingedGreaves"},{"floor":37,"key":"Question Card"},{"floor":40,"key":"Ginger"},{"floor":41,"key":"Omamori"},{"floor":44,"key":"Bag of Marbles"},{"floor":47,"key":"PreservedInsect"},{"floor":54,"key":"Boot"}],"event_choices":[{"damage_healed":0,"gold_gain":0,"player_choice":"Success","damage_taken":18,"relics_obtained":["Mango"],"max_hp_gain":0,"max_hp_loss":0,"event_name":"Scrap Ooze","floor":2,"gold_loss":0},{"damage_healed":0,"gold_gain":0,"player_choice":"Lose Max HP","damage_taken":0,"relics_obtained":["Golden Idol"],"max_hp_gain":0,"max_hp_loss":7,"event_name":"Golden Idol","floor":3,"gold_loss":0},{"damage_healed":0,"gold_gain":0,"player_choice":"Searched \u00271\u0027 times","damage_taken":0,"max_hp_gain":0,"max_hp_loss":0,"event_name":"Dead Adventurer","floor":11,"gold_loss":0},{"damage_healed":0,"gold_gain":0,"player_choice":"Simplicity","damage_taken":0,"max_hp_gain":0,"max_hp_loss":0,"event_name":"Back to Basics","floor":19,"gold_loss":0,"cards_upgraded":["Strike_R","Strike_R","Strike_R","Strike_R","Defend_R","Defend_R","Defend_R","Defend_R"]},{"damage_healed":0,"gold_gain":99,"player_choice":"Stole From Cult","damage_taken":0,"max_hp_gain":0,"max_hp_loss":0,"event_name":"Nest","floor":21,"gold_loss":0},{"damage_healed":0,"gold_gain":0,"player_choice":"Bet on Murderer","damage_taken":0,"max_hp_gain":0,"max_hp_loss":0,"event_name":"The Joust","floor":30,"gold_loss":50},{"damage_healed":0,"gold_gain":0,"player_choice":"Fight","damage_taken":0,"max_hp_gain":0,"max_hp_loss":0,"event_name":"MindBloom","floor":36,"gold_loss":0},{"damage_healed":0,"gold_gain":0,"player_choice":"Max HP","damage_taken":0,"max_hp_gain":0,"max_hp_loss":5,"event_name":"Winding Halls","floor":39,"gold_loss":0},{"damage_healed":0,"gold_gain":0,"player_choice":"Memory 3","damage_taken":10,"max_hp_gain":0,"max_hp_loss":0,"event_name":"SensoryStone","floor":42,"gold_loss":0}],"is_beta":true,"boss_relics":[{"not_picked":["Calling Bell","Philosopher\u0027s Stone"],"picked":"Busted Crown"},{"not_picked":["Coffee Dripper","Tiny House"],"picked":"Runic Pyramid"}],"items_purged_floors":[13,22,46],"is_endless":false,"potions_floor_spawned":[1,6,14,23,27,31,33,35,40,45,47,48],"ascension_level":1}