{"gold_per_floor":[111,130,130,142,161,190,41,61,61,74,74,74,74,106,106,202,252,269,283,35,46,46,46,78,78,78,97,61,73,102,116,116,213,213,224,149,160,177,20,20,50,60,83,114,133,164,164,195,195,195,195,195,44,76,76],"floor_reached":56,"playtime":2624,"items_purged":["Strike_R","Strike_R+1"],"score":1636,"play_id":"33bd6c6c-e5b0-4e35-9204-b7280fd8e07f","local_time":"20181112032104","is_ascension_mode":true,"campfire_choices":[{"data":"Bash","floor":11,"key":"SMITH"},{"data":"Carnage","floor":13,"key":"SMITH"},{"data":"Whirlwind","floor":15,"key":"SMITH"},{"data":"True Grit","floor":23,"key":"SMITH"},{"data":"Body Slam","floor":25,"key":"SMITH"},{"data":"Limit Break","floor":32,"key":"SMITH"},{"floor":40,"key":"RECALL"},{"floor":49,"key":"REST"},{"floor":52,"key":"REST"}],"neow_cost":"TEN_PERCENT_HP_LOSS","seed_source_timestamp":1549514702416611,"circlet_count":0,"master_deck":["Strike_R+1","Defend_R+1","Defend_R","Defend_R","Bash+1","Carnage+1","Intimidate","Impervious+1","Iron Wave+1","Shrug It Off+1","Headbutt","Whirlwind+1","Offering","Body Slam+1","Thunderclap","True Grit+1","Rage+1","Anger+1","Infernal Blade","Inflame+1","Battle Trance","Limit Break+1","Demon Form+1","Flame Barrier+1","Iron Wave+1","Uppercut","Flame Barrier+1","Pummel+1","Evolve+1","Headbutt+1"],"relics":["Burning Blood","FaceOfCleric","FossilizedHelix","Lantern","Sundial","Paper Frog","Tiny House","Gremlin Horn","Dodecahedron","Frozen Egg 2","Orichalcum","Fusion Hammer","War Paint","Whetstone","Happy Flower","Vajra","Mummified Hand","Bag of Marbles"],"potions_floor_usage":[6,16,21,24,50,55,55,55],"damage_taken":[{"damage":2,"enemies":"2 Louse","floor":1,"turns":4},{"damage":0,"enemies":"Cultist","floor":2,"turns":2},{"damage":0,"enemies":"Small Slimes","floor":4,"turns":2},{"damage":5,"enemies":"Looter","floor":5,"turns":2},{"damage":30,"enemies":"Lagavulin","floor":6,"turns":6},{"damage":0,"enemies":"Lots of Slimes","floor":8,"turns":5},{"damage":0,"enemies":"Large Slime","floor":10,"turns":6},{"damage":0,"enemies":"Gremlin Nob","floor":14,"turns":3},{"damage":33,"enemies":"Hexaghost","floor":16,"turns":7},{"damage":18,"enemies":"Shell Parasite","floor":18,"turns":3},{"damage":0,"enemies":"Chosen","floor":19,"turns":3},{"damage":6,"enemies":"Snake Plant","floor":21,"turns":4},{"damage":6,"enemies":"Gremlin Leader","floor":24,"turns":4},{"damage":4,"enemies":"Snecko","floor":27,"turns":4},{"damage":0,"enemies":"Centurion and Healer","floor":29,"turns":3},{"damage":16,"enemies":"Book of Stabbing","floor":30,"turns":4},{"damage":0,"enemies":"Chosen and Byrds","floor":31,"turns":3},{"damage":69,"enemies":"Automaton","floor":33,"turns":7},{"damage":0,"enemies":"Orb Walker","floor":35,"turns":1},{"damage":0,"enemies":"3 Shapes","floor":37,"turns":3},{"damage":0,"enemies":"3 Darklings","floor":38,"turns":3},{"damage":0,"enemies":"Nemesis","floor":41,"turns":5},{"damage":4,"enemies":"Maw","floor":42,"turns":5},{"damage":0,"enemies":"Giant Head","floor":44,"turns":5},{"damage":0,"enemies":"Jaw Worm Horde","floor":45,"turns":2},{"damage":0,"enemies":"Nemesis","floor":46,"turns":3},{"damage":0,"enemies":"Reptomancer","floor":48,"turns":4},{"damage":0,"enemies":"Donu and Deca","floor":50,"turns":4},{"damage":14,"enemies":"Shield and Spear","floor":54,"turns":5},{"damage":36,"enemies":"The Heart","floor":55,"turns":8}],"seed_played":"6514495001127726174","potions_obtained":[{"floor":1,"key":"Poison Potion"},{"floor":2,"key":"Dexterity Potion"},{"floor":14,"key":"Poison Potion"},{"floor":16,"key":"Block Potion"},{"floor":17,"key":"Explosive Potion"},{"floor":19,"key":"Weak Potion"},{"floor":24,"key":"Strength Potion"},{"floor":30,"key":"Dexterity Potion"}],"is_trial":false,"path_per_floor":["M","M","?","M","M","E","$","M","T","M","R","?","R","E","R","B",null,"M","M","$","M","?","R","E","R","T","M","$","M","E","M","R","B",null,"M","$","M","M","$","R","E","M","T","E","M","E","?","E","R","B",null,"R","$","E","B",null],"character_chosen":"IRONCLAD","items_purchased":["Lantern","Gremlin Horn","Inflame+1","War Paint","Block Potion"],"campfire_rested":2,"item_purchase_floors":[7,20,28,39,53],"current_hp_per_floor":[72,72,72,73,74,51,51,58,58,65,65,50,50,57,57,31,84,73,80,80,81,81,81,82,82,82,85,85,90,81,88,88,26,93,94,94,95,96,96,96,97,98,98,99,100,101,101,102,102,103,103,103,103,96,67],"gold":76,"neow_bonus":"REMOVE_TWO","is_prod":false,"is_daily":false,"chose_seed":false,"campfire_upgraded":6,"win_rate":0,"timestamp":1542010864,"path_taken":["M","M","?","?","M","E","$","M","T","?","R","?","R","E","R","BOSS","M","M","$","M","?","R","E","R","T","M","$","?","E","M","R","BOSS","M","$","M","M","$","R","E","M","T","E","M","E","?","E","R","BOSS","R","$","E","BOSS"],"build_version":"2018-11-08","purchased_purges":2,"victory":true,"max_hp_per_floor":[72,72,72,73,74,75,75,76,76,77,77,77,77,78,78,79,84,85,86,86,87,87,87,88,88,88,89,89,90,91,92,92,93,93,94,94,95,96,96,96,97,98,98,99,100,101,101,102,102,103,103,103,103,104,105],"card_choices":[{"not_picked":["Fire Breathing","Disarm"],"picked":"Carnage","floor":1},{"not_picked":["Twin Strike","Heavy Blade","Sever Soul"],"picked":"SKIP","floor":2},{"not_picked":["Pommel Strike","Sentinel"],"picked":"Intimidate","floor":4},{"not_picked":["Sever Soul","Warcry"],"picked":"Impervious","floor":5},{"not_picked":["Heavy Blade","Feel No Pain"],"picked":"Iron Wave","floor":6},{"not_picked":["Pommel Strike","Warcry"],"picked":"Shrug It Off","floor":8},{"not_picked":["Shrug It Off","Pommel Strike"],"picked":"Headbutt","floor":10},{"not_picked":["Impervious","True Grit"],"picked":"Whirlwind","floor":14},{"not_picked":["Juggernaut","Dark Embrace"],"picked":"Offering","floor":16},{"not_picked":["Twin Strike","Cleave"],"picked":"Body Slam","floor":17},{"not_picked":["Shrug It Off","Anger"],"picked":"Thunderclap","floor":18},{"not_picked":["Havoc","Fire Breathing"],"picked":"True Grit","floor":19},{"not_picked":["Pommel Strike","Headbutt+1"],"picked":"Rage+1","floor":21},{"not_picked":["Burning Pact","Entrench"],"picked":"Infernal Blade","floor":24},{"not_picked":["Flex+1","Combust+1","Sever Soul"],"picked":"SKIP","floor":27},{"not_picked":["Warcry","Flex+1"],"picked":"Battle Trance","floor":29},{"not_picked":["Twin Strike+1","Anger"],"picked":"Limit Break","floor":30},{"not_picked":["Infernal Blade","Clothesline","Heavy Blade"],"picked":"SKIP","floor":31},{"not_picked":["Impervious","Exhume"],"picked":"Demon Form+1","floor":33},{"not_picked":["Warcry","Cleave","Wild Strike+1"],"picked":"SKIP","floor":35},{"not_picked":["Clash+1","Warcry+1"],"picked":"Flame Barrier+1","floor":37},{"not_picked":["Pummel","Twin Strike","Sever Soul+1"],"picked":"SKIP","floor":38},{"not_picked":["Fire Breathing+1","Body Slam+1","Cleave+1"],"picked":"SKIP","floor":41},{"not_picked":["Reckless Charge","Heavy Blade"],"picked":"Iron Wave+1","floor":42},{"not_picked":["Perfected Strike+1","Demon Form+1"],"picked":"Uppercut","floor":44},{"not_picked":["Heavy Blade+1","Sentinel"],"picked":"Flame Barrier+1","floor":45},{"not_picked":["Hemokinesis","Uppercut"],"picked":"Pummel+1","floor":46},{"not_picked":["Pommel Strike","Clash+1"],"picked":"Evolve+1","floor":48},{"not_picked":["Searing Blow+1","Spot Weakness+1"],"picked":"Headbutt+1","floor":54}],"player_experience":3388098,"relics_obtained":[{"floor":6,"key":"FossilizedHelix"},{"floor":9,"key":"Sundial"},{"floor":14,"key":"Paper Frog"},{"floor":24,"key":"Dodecahedron"},{"floor":26,"key":"Frozen Egg 2"},{"floor":30,"key":"Orichalcum"},{"floor":41,"key":"Whetstone"},{"floor":44,"key":"Happy Flower"},{"floor":46,"key":"Vajra"},{"floor":48,"key":"Mummified Hand"},{"floor":54,"key":"Bag of Marbles"}],"event_choices":[{"damage_healed":0,"gold_gain":0,"player_choice":"Trade","damage_taken":0,"relics_obtained":["FaceOfCleric"],"max_hp_gain":0,"max_hp_loss":0,"event_name":"FaceTrader","floor":3,"gold_loss":0},{"damage_healed":0,"gold_gain":0,"player_choice":"Entered Light","damage_taken":15,"max_hp_gain":0,"max_hp_loss":0,"event_name":"Shining Light","floor":12,"gold_loss":0,"cards_upgraded":["Iron Wave","Shrug It Off"]},{"damage_healed":0,"gold_gain":0,"cards_transformed":["Strike_R"],"player_choice":"Transformed","damage_taken":0,"max_hp_gain":0,"max_hp_loss":0,"event_name":"Transmorgrifier","floor":22,"gold_loss":0,"cards_obtained":["Anger"]},{"damage_healed":0,"gold_gain":0,"player_choice":"Ignored","damage_taken":0,"max_hp_gain":0,"max_hp_loss":0,"event_name":"Tomb of Lord Red Mask","floor":47,"gold_loss":0}],"is_beta":true,"boss_relics":[{"not_picked":["Empty Cage","Black Blood"],"picked":"Tiny House"},{"not_picked":["White Beast Statue","Mark of Pain"],"picked":"Fusion Hammer"}],"items_purged_floors":[36,53],"is_endless":false,"potions_floor_spawned":[1,2,14,16,19,24,30,31,37,48],"ascension_level":1}