{"gold_per_floor":[112,131,142,142,160,160,195,195,247,259,259,259,37,37,37,116,116,101,101],"floor_reached":19,"playtime":554,"items_purged":["Strike_B"],"score":284,"play_id":"dfad4d36-fe19-49cb-88e5-150225229e95","local_time":"20190222173753","is_ascension_mode":true,"campfire_choices":[{"floor":6,"key":"REST"},{"floor":12,"key":"REST"},{"floor":15,"key":"REST"}],"neow_cost":"NONE","seed_source_timestamp":598142644721337,"circlet_count":0,"master_deck":["AscendersBane","Strike_B+1","Strike_B","Defend_B","Defend_B","Defend_B","Defend_B","Zap","Dualcast","FTL","Rebound","Skim","Steam+1","Echo Form","Clumsy","Shame","Pain"],"relics":["Cracked Core","NeowsBlessing","Bronze Scales","Orichalcum","DataDisk","Regal Pillow","Calling Bell","Dream Catcher","Molten Egg 2","Calipers"],"potions_floor_usage":[7,16,18],"damage_taken":[{"damage":0,"enemies":"Cultist","floor":1,"turns":1},{"damage":0,"enemies":"Small Slimes","floor":2,"turns":1},{"damage":0,"enemies":"Jaw Worm","floor":3,"turns":1},{"damage":16,"enemies":"Looter","floor":5,"turns":4},{"damage":35,"enemies":"Gremlin Nob","floor":7,"turns":4},{"damage":9,"enemies":"2 Fungi Beasts","floor":10,"turns":3},{"damage":27,"enemies":"Hexaghost","floor":16,"turns":9},{"damage":26,"enemies":"2 Thieves","floor":18,"turns":4},{"damage":37,"enemies":"Spheric Guardian","floor":19,"turns":5}],"seed_played":"8471411176436536002","potions_obtained":[{"floor":1,"key":"Swift Potion"},{"floor":7,"key":"Poison Potion"},{"floor":10,"key":"LiquidBronze"},{"floor":14,"key":"Fire Potion"}],"is_trial":false,"path_per_floor":["M","M","M","?","M","R","E","T","T","M","?","R","$","?","R","B",null,"M","M"],"character_chosen":"DEFECT","items_purchased":["Regal Pillow"],"campfire_rested":3,"item_purchase_floors":[13],"current_hp_per_floor":[64,64,64,57,41,62,27,27,27,18,4,25,25,25,61,34,62,36,0],"gold":101,"neow_bonus":"THREE_ENEMY_KILL","is_prod":false,"is_daily":false,"chose_seed":false,"campfire_upgraded":0,"win_rate":0,"timestamp":1550835473,"path_taken":["M","?","M","?","M","R","E","?","T","M","?","R","$","?","R","BOSS","M","M"],"build_version":"2019-01-23","purchased_purges":1,"victory":false,"max_hp_per_floor":[71,71,71,71,71,71,71,71,71,71,71,71,71,71,71,71,71,71,71],"card_choices":[{"not_picked":["Blizzard","Recycle","Leap"],"picked":"SKIP","floor":1},{"not_picked":["Recycle","White Noise","Double Energy"],"picked":"SKIP","floor":2},{"not_picked":["Redo","Compile Driver"],"picked":"FTL","floor":3},{"not_picked":["Force Field","Hello World"],"picked":"Rebound","floor":5},{"not_picked":["Lockon","Gash"],"picked":"Skim","floor":7},{"not_picked":["Rebound","Stack"],"picked":"Steam","floor":10},{"not_picked":["Meteor Strike","Amplify"],"picked":"Echo Form","floor":16},{"not_picked":["Sweeping Beam+1","Stack","Rip and Tear+1"],"picked":"SKIP","floor":18}],"player_experience":870383,"relics_obtained":[{"floor":7,"key":"Bronze Scales"},{"floor":8,"key":"Orichalcum"},{"floor":9,"key":"DataDisk"},{"floor":17,"key":"Dream Catcher"},{"floor":17,"key":"Molten Egg 2"},{"floor":17,"key":"Calipers"}],"event_choices":[{"cards_removed":["Strike_B"],"damage_healed":0,"gold_gain":0,"player_choice":"Card Removal","damage_taken":7,"max_hp_gain":0,"max_hp_loss":0,"event_name":"Golden Wing","floor":4,"gold_loss":0},{"damage_healed":0,"gold_gain":0,"player_choice":"Entered Light","damage_taken":14,"max_hp_gain":0,"max_hp_loss":0,"event_name":"Shining Light","floor":11,"gold_loss":0,"cards_upgraded":["Steam","Strike_B"]},{"damage_healed":0,"gold_gain":0,"player_choice":"Got Potions","damage_taken":0,"max_hp_gain":0,"max_hp_loss":0,"event_name":"Lab","floor":14,"gold_loss":0}],"is_beta":false,"boss_relics":[{"not_picked":["Lizard Tail","Tiny House"],"picked":"Calling Bell"}],"items_purged_floors":[13],"is_endless":false,"potions_floor_spawned":[1,7,10],"killed_by":"Spheric Guardian","ascension_level":14}