{"gold_per_floor":[112,62,76,76,37,75,75,75,75,145,157],"floor_reached":11,"playtime":694,"items_purged":[],"score":108,"play_id":"691e6d8b-520b-46af-bc55-9f6e48fc9969","local_time":"20190209141736","is_ascension_mode":true,"campfire_choices":[{"data":"Blur","floor":8,"key":"SMITH"}],"neow_cost":"NONE","seed_source_timestamp":932836650265300,"circlet_count":0,"master_deck":["Defend_G","Defend_G","Defend_G","Defend_G","Strike_G","Strike_G","Strike_G","Strike_G","Strike_G+1","Survivor","Neutralize+1","Caltrops","Acrobatics","Blur+1","Dodge and Roll+1","Leg Sweep+1"],"relics":["Ring of the Snake","NeowsBlessing","Golden Idol","Toxic Egg 2","Bag of Preparation","MawBank"],"potions_floor_usage":[10],"damage_taken":[{"damage":0,"enemies":"Small Slimes","floor":1,"turns":1},{"damage":0,"enemies":"2 Louse","floor":3,"turns":1},{"damage":0,"enemies":"Lagavulin","floor":6,"turns":1},{"damage":32,"enemies":"Lagavulin Event","floor":10,"turns":11},{"damage":0,"enemies":"3 Sentries","floor":11,"turns":3}],"seed_played":"9021503221628283384","potions_obtained":[{"floor":1,"key":"Explosive Potion"}],"is_trial":false,"path_per_floor":["M","?","M","?","$","E","?","R","T","?","E"],"character_chosen":"THE_SILENT","items_purchased":["Blur"],"campfire_rested":0,"item_purchase_floors":[5],"current_hp_per_floor":[70,70,70,53,53,53,39,39,39,7,7],"gold":157,"neow_bonus":"THREE_ENEMY_KILL","is_prod":false,"is_daily":false,"chose_seed":false,"campfire_upgraded":1,"win_rate":0,"timestamp":1549718256,"path_taken":["M","?","M","?","$","E","?","R","T","?","E"],"build_version":"2019-01-23","purchased_purges":0,"victory":false,"max_hp_per_floor":[70,70,70,70,70,70,70,70,70,70,70],"card_choices":[{"not_picked":["Slice","Blade Dance"],"picked":"Caltrops","floor":1},{"not_picked":["Slice","Poisoned Stab"],"picked":"Acrobatics","floor":3},{"not_picked":["Cloak And Dagger","Deadly Poison"],"picked":"Dodge and Roll","floor":6},{"not_picked":["Noxious Fumes","Night Terror+1"],"picked":"Leg Sweep+1","floor":10}],"player_experience":87116,"relics_obtained":[{"floor":6,"key":"Toxic Egg 2"},{"floor":9,"key":"Bag of Preparation"},{"floor":10,"key":"MawBank"}],"event_choices":[{"cards_removed":["Defend_G"],"damage_healed":0,"gold_gain":0,"player_choice":"Card Removal","damage_taken":0,"max_hp_gain":0,"max_hp_loss":0,"event_name":"The Cleric","floor":2,"gold_loss":50},{"damage_healed":0,"gold_gain":0,"player_choice":"Take Damage","damage_taken":17,"relics_obtained":["Golden Idol"],"max_hp_gain":0,"max_hp_loss":0,"event_name":"Golden Idol","floor":4,"gold_loss":0},{"damage_healed":0,"gold_gain":0,"player_choice":"Entered Light","damage_taken":14,"max_hp_gain":0,"max_hp_loss":0,"event_name":"Shining Light","floor":7,"gold_loss":0,"cards_upgraded":["Neutralize","Strike_G"]},{"damage_healed":0,"gold_gain":30,"player_choice":"Searched \u00272\u0027 times","damage_taken":0,"max_hp_gain":0,"max_hp_loss":0,"event_name":"Dead Adventurer","floor":10,"gold_loss":0}],"is_beta":false,"boss_relics":[],"items_purged_floors":[],"is_endless":false,"potions_floor_spawned":[1],"killed_by":"3 Sentries","ascension_level":3}