{"gold_per_floor":[113,126,146,146,162,162,162,201,201,222,262,262,262,281,281,379,379,398,419,439,329,345,380,380,380,410,410,433,452,20,20,20,113,113,131,131,464,464,483,483,508,527,551,566,581,195,207,86,98,110],"floor_reached":50,"playtime":1842,"items_purged":["Strike_B"],"score":1152,"play_id":"c37ce902-14ad-4e3f-90f5-1290f1a97da2","local_time":"20190124162123","is_ascension_mode":true,"campfire_choices":[{"data":"Sunder","floor":6.0,"key":"SMITH"},{"floor":12.0,"key":"REST"},{"data":"Zap","floor":15.0,"key":"SMITH"},{"data":"Loop","floor":24.0,"key":"SMITH"},{"floor":27.0,"key":"REST"},{"data":"Rainbow","floor":32.0,"key":"SMITH"},{"floor":40.0,"key":"REST"},{"floor":49,"key":"RECALL"}],"neow_cost":"NONE","seed_source_timestamp":0,"circlet_count":0,"master_deck":["AscendersBane","Strike_B+1","Strike_B+1","Defend_B","Defend_B","Defend_B","Defend_B","Zap+1","Dualcast","FTL","Beam Cell","Sunder+1","Sweeping Beam","Doom and Gloom+1","Barrage","Ball Lightning","Self Repair","Rainbow+1","Stack","Steam","Loop+1","Conserve Battery","All For One","Self Repair","Cold Snap+1","Echo Form","Barrage","Machine Learning","Secret Technique","Violence","FTL+1","Stack","Conserve Battery","Seek","Conserve Battery"],"special_seed":0,"relics":["FrozenCore","PreservedInsect","Shuriken","Cables","Sundial","Mummified Hand","Black Star","Bag of Marbles","Whetstone","Tiny Chest","Ancient Tea Set","Pear","Lantern","DataDisk","Vajra","MawBank"],"potions_floor_usage":[],"damage_taken":[{"damage":0.0,"enemies":"Cultist","floor":1.0,"turns":4.0},{"damage":10.0,"enemies":"2 Louse","floor":2.0,"turns":2.0},{"damage":0.0,"enemies":"Small Slimes","floor":3.0,"turns":2.0},{"damage":7.0,"enemies":"Exordium Thugs","floor":5.0,"turns":3.0},{"damage":10.0,"enemies":"3 Sentries","floor":8.0,"turns":5.0},{"damage":0.0,"enemies":"Lots of Slimes","floor":10.0,"turns":1.0},{"damage":0.0,"enemies":"Gremlin Nob","floor":11.0,"turns":2.0},{"damage":8.0,"enemies":"3 Louse","floor":14.0,"turns":2.0},{"damage":22.0,"enemies":"The Guardian","floor":16.0,"turns":8.0},{"damage":0.0,"enemies":"Chosen","floor":18.0,"turns":3.0},{"damage":27.0,"enemies":"2 Thieves","floor":19.0,"turns":3.0},{"damage":14.0,"enemies":"Centurion and Healer","floor":20.0,"turns":5.0},{"damage":0.0,"enemies":"Snecko","floor":22.0,"turns":3.0},{"damage":18.0,"enemies":"Gremlin Leader","floor":23.0,"turns":5.0},{"damage":0.0,"enemies":"Book of Stabbing","floor":25.0,"turns":1.0},{"damage":12.0,"enemies":"Chosen and Byrds","floor":28.0,"turns":4.0},{"damage":7.0,"enemies":"Centurion and Healer","floor":29.0,"turns":5.0},{"damage":31.0,"enemies":"Collector","floor":33.0,"turns":6.0},{"damage":1.0,"enemies":"3 Shapes","floor":35.0,"turns":4.0},{"damage":25.0,"enemies":"Orb Walker","floor":39.0,"turns":4.0},{"damage":58.0,"enemies":"Nemesis","floor":41.0,"turns":5.0},{"damage":2.0,"enemies":"Jaw Worm Horde","floor":42.0,"turns":4.0},{"damage":37.0,"enemies":"Spire Growth","floor":44.0,"turns":5.0},{"damage":17.0,"enemies":"3 Darklings","floor":45.0,"turns":5.0},{"damage":0,"enemies":"Sphere and 2 Shapes","floor":47,"turns":6},{"damage":54,"enemies":"Time Eater","floor":50,"turns":6}],"seed_played":"5274441828866259810","potions_obtained":[{"floor":3.0,"key":"EntropicBrew"},{"floor":4.0,"key":"FocusPotion"},{"floor":11.0,"key":"Regen Potion"},{"floor":22.0,"key":"SmokeBomb"},{"floor":28.0,"key":"SteroidPotion"},{"floor":33.0,"key":"Explosive Potion"},{"floor":41.0,"key":"Explosive Potion"},{"floor":42.0,"key":"Explosive Potion"},{"floor":45.0,"key":"FearPotion"}],"is_trial":false,"path_per_floor":["M","M","M","?","M","R","?","E","T","M","E","R","?","M","R","B",null,"M","M","M","?","M","E","R","E","T","R","M","M","$","?","R","B",null,"M","?","?","T","M","R","E","M","T","M","M","$","M","?","R","B"],"character_chosen":"DEFECT","items_purchased":["Echo Form","Ancient Tea Set","Barrage","Vajra","Seek","Strength Potion"],"campfire_rested":3,"item_purchase_floors":[30,30,30,46,46,46],"current_hp_per_floor":[64,54,54,54,47,47,23,13,13,13,13,34,23,15,15,15,57,64,44,37,37,44,33,33,33,33,54,49,56,56,56,56,32,61,71,66,66,66,48,69,35,40,40,24,21,21,49,49,49,0],"gold":110,"neow_bonus":"RANDOM_COMMON_RELIC","is_prod":false,"is_daily":false,"chose_seed":false,"campfire_upgraded":4,"win_rate":0,"timestamp":1548314483,"path_taken":["M","M","?","?","?","R","?","E","T","M","E","R","?","M","R","BOSS","M","M","M","?","?","E","R","E","T","R","M","?","$","?","R","BOSS","M","?","?","?","M","R","E","?","T","M","M","$","M","?","R","BOSS"],"build_version":"2019-01-23","purchased_purges":1,"victory":false,"max_hp_per_floor":[71,71,71,71,71,71,71,71,71,71,71,71,71,71,71,71,71,71,71,71,71,71,71,71,71,71,71,71,71,71,71,71,71,71,71,71,71,71,71,71,81,81,81,81,81,81,81,81,81,81],"card_choices":[{"not_picked":["Hologram","Storm"],"picked":"FTL","floor":1.0},{"not_picked":["Fusion","Chaos"],"picked":"Beam Cell","floor":2.0},{"not_picked":["Recycle","Streamline"],"picked":"Sunder","floor":3.0},{"not_picked":["Fusion","Streamline"],"picked":"Sweeping Beam","floor":5.0},{"not_picked":["Hologram","Gash"],"picked":"Doom and Gloom","floor":8.0},{"not_picked":["Doom and Gloom","Gash"],"picked":"Barrage","floor":10.0},{"not_picked":["Turbo","Multi-Cast"],"picked":"Ball Lightning","floor":11.0},{"not_picked":["Streamline","Cold Snap"],"picked":"Self Repair","floor":14.0},{"not_picked":["Thunder Strike","All For One"],"picked":"Rainbow","floor":16.0},{"not_picked":["Gash+1","Heatsinks+1"],"picked":"Stack","floor":18.0},{"not_picked":["Rebound","Turbo"],"picked":"Steam","floor":19.0},{"not_picked":["Compile Driver","Tempest"],"picked":"Loop","floor":20.0},{"not_picked":["Blizzard","Ball Lightning"],"picked":"Conserve Battery","floor":22.0},{"not_picked":["Hello World","Double Energy"],"picked":"All For One","floor":23.0},{"not_picked":["Leap","Streamline"],"picked":"Self Repair","floor":28.0},{"not_picked":["Conserve Battery","Stack"],"picked":"Cold Snap+1","floor":29.0},{"not_picked":["Multi-Cast","Amplify"],"picked":"Machine Learning","floor":33.0},{"not_picked":["Leap","Hologram","Sweeping Beam"],"picked":"SKIP","floor":35.0},{"not_picked":["Forethought","Bandage Up"],"picked":"Secret Technique","floor":36.0},{"not_picked":["Magnetism","Flash of Steel"],"picked":"Violence","floor":36.0},{"not_picked":["Skim","Redo","Rebound"],"picked":"SKIP","floor":39.0},{"not_picked":["Redo","Heatsinks+1"],"picked":"FTL+1","floor":41.0},{"not_picked":["Hologram","Sweeping Beam","Beam Cell"],"picked":"SKIP","floor":42.0},{"not_picked":["Hologram","Chaos"],"picked":"Stack","floor":44.0},{"not_picked":["Hyperbeam","Cold Snap"],"picked":"Conserve Battery","floor":45.0},{"not_picked":["Hologram","Stack"],"picked":"Conserve Battery","floor":47}],"player_experience":1063860,"relics_obtained":[{"floor":8.0,"key":"Shuriken"},{"floor":9.0,"key":"Cables"},{"floor":11.0,"key":"Sundial"},{"floor":23.0,"key":"Bag of Marbles"},{"floor":23.0,"key":"Whetstone"},{"floor":26.0,"key":"Tiny Chest"},{"floor":41.0,"key":"Pear"},{"floor":41.0,"key":"Lantern"},{"floor":43.0,"key":"DataDisk"}],"event_choices":[{"damage_healed":0.0,"max_hp_gain":0.0,"max_hp_loss":0.0,"gold_gain":0.0,"event_name":"Lab","player_choice":"Got Potions","floor":4.0,"gold_loss":0.0,"damage_taken":0.0},{"damage_healed":0.0,"max_hp_gain":0.0,"max_hp_loss":0.0,"gold_gain":0.0,"event_name":"Golden Idol","player_choice":"Take Damage","floor":7.0,"gold_loss":0.0,"damage_taken":24.0,"relics_obtained":["Golden Idol"]},{"damage_healed":0.0,"max_hp_gain":0.0,"max_hp_loss":0.0,"gold_gain":0.0,"event_name":"Scrap Ooze","player_choice":"Success","floor":13.0,"gold_loss":0.0,"damage_taken":11.0,"relics_obtained":["Mummified Hand"]},{"cards_removed":["Strike_B"],"damage_healed":0.0,"max_hp_gain":0.0,"max_hp_loss":0.0,"gold_gain":0.0,"event_name":"Designer","player_choice":"Upgrade and Remove","floor":21.0,"gold_loss":110.0,"damage_taken":0.0,"cards_upgraded":["Doom and Gloom"]},{"damage_healed":0.0,"max_hp_gain":0.0,"max_hp_loss":0.0,"gold_gain":0.0,"event_name":"Vampires","player_choice":"Ignored","floor":31.0,"gold_loss":0.0,"damage_taken":0.0},{"damage_healed":0.0,"max_hp_gain":0.0,"max_hp_loss":0.0,"gold_gain":0.0,"event_name":"SensoryStone","player_choice":"Memory 2","floor":36.0,"gold_loss":0.0,"damage_taken":5.0},{"damage_healed":0.0,"max_hp_gain":0.0,"max_hp_loss":0.0,"gold_gain":333.0,"event_name":"The Moai Head","player_choice":"Gave Idol","floor":37.0,"relics_lost":["Golden Idol"],"gold_loss":0.0,"damage_taken":0.0},{"damage_healed":0,"gold_gain":0,"player_choice":"Paid Gold","damage_taken":0,"relics_obtained":["MawBank"],"max_hp_gain":0,"max_hp_loss":0,"event_name":"WeMeetAgain","floor":48,"gold_loss":121}],"is_beta":false,"boss_relics":[{"not_picked":["Orrery","Velvet Choker"],"picked":"Black Star"},{"not_picked":["Coffee Dripper","Pandora\u0027s Box"],"picked":"FrozenCore"}],"items_purged_floors":[30],"is_endless":false,"potions_floor_spawned":[3,5,11,16,22,25,28,33,41,42,45],"killed_by":"Time Eater","ascension_level":20}