{"gold_per_floor":[209,226,239,259,409,443,443,469,469,469,486,9,9,41,41,113,113,0,20,40,90,90],"floor_reached":22,"playtime":752,"items_purged":["Doubt"],"score":408,"play_id":"088056d7-4cec-44c9-8008-ee73a3e7c059","local_time":"20190223022311","is_ascension_mode":true,"campfire_choices":[{"floor":7.0,"key":"REST"},{"floor":10.0,"key":"REST"},{"floor":13,"key":"REST"},{"data":"Static Discharge","floor":15,"key":"SMITH"}],"neow_cost":"NONE","seed_source_timestamp":43446408316100,"circlet_count":0,"master_deck":["AscendersBane","Strike_B","Strike_B","Strike_B","Strike_B","Defend_B","Defend_B","Defend_B","Defend_B","Zap","Dualcast","Capacitor","Sunder","Cold Snap","Glacier","Static Discharge+1","Defragment"],"special_seed":0,"relics":["Cracked Core","DataDisk","Ancient Tea Set","Omamori","Membership Card","Regal Pillow","Centennial Puzzle","Shuriken","Philosopher\u0027s Stone"],"potions_floor_usage":[16,22,22],"damage_taken":[{"damage":0.0,"enemies":"Small Slimes","floor":1.0,"turns":4.0},{"damage":2.0,"enemies":"Cultist","floor":2.0,"turns":4.0},{"damage":4.0,"enemies":"2 Louse","floor":3.0,"turns":4.0},{"damage":20.0,"enemies":"Large Slime","floor":4.0,"turns":5.0},{"damage":34.0,"enemies":"Gremlin Nob","floor":6.0,"turns":4.0},{"damage":6.0,"enemies":"Lagavulin","floor":8.0,"turns":8.0},{"damage":1,"enemies":"2 Fungi Beasts","floor":11,"turns":2},{"damage":27,"enemies":"Gremlin Nob","floor":14,"turns":4},{"damage":16,"enemies":"The Guardian","floor":16,"turns":14},{"damage":23,"enemies":"2 Thieves","floor":18,"turns":5},{"damage":20,"enemies":"Shell Parasite","floor":19,"turns":8},{"damage":15,"enemies":"Centurion and Healer","floor":20,"turns":8},{"damage":8,"enemies":"Snake Plant","floor":22,"turns":1}],"seed_played":"-4916531541891206549","potions_obtained":[{"floor":1.0,"key":"SpeedPotion"},{"floor":4.0,"key":"LiquidBronze"},{"floor":14,"key":"Weak Potion"},{"floor":16,"key":"SneckoOil"},{"floor":20,"key":"Ancient Potion"}],"is_trial":false,"path_per_floor":["M","M","M","M","?","E","R","E","T","R","M","$","R","E","R","B",null,"M","M","M","?","M"],"character_chosen":"DEFECT","items_purchased":["Membership Card","Regal Pillow","Static Discharge","Centennial Puzzle","FocusPotion"],"campfire_rested":3,"item_purchase_floors":[12,12,12,12,12],"current_hp_per_floor":[64,62,58,38,38,4,25,19,19,40,39,39,71,44,44,28,60,37,17,2,2,0],"gold":90,"neow_bonus":"HUNDRED_GOLD","is_prod":false,"is_daily":false,"chose_seed":false,"campfire_upgraded":1,"win_rate":0,"timestamp":1550881391,"path_taken":["M","M","M","M","?","E","R","E","T","R","M","$","R","E","R","BOSS","M","M","M","?","M"],"build_version":"2019-01-23","purchased_purges":1,"victory":false,"max_hp_per_floor":[71,71,71,71,71,71,71,71,71,71,71,71,71,71,71,71,71,71,71,71,71,71],"card_choices":[{"not_picked":["FTL","Doom and Gloom","Steam"],"picked":"SKIP","floor":1.0},{"not_picked":["Storm","Coolheaded"],"picked":"Capacitor","floor":2.0},{"not_picked":["Gash","Rebound"],"picked":"Sunder","floor":3.0},{"not_picked":["Lockon","Aggregate"],"picked":"Cold Snap","floor":4.0},{"not_picked":["Multi-Cast","Loop"],"picked":"Glacier","floor":6.0},{"not_picked":["Barrage","Meteor Strike","Storm"],"picked":"SKIP","floor":8.0},{"not_picked":["Hologram","Rebound","Scrape"],"picked":"SKIP","floor":11},{"not_picked":["Hologram","Static Discharge","Chaos"],"picked":"SKIP","floor":14},{"not_picked":["Turbo","Storm","Barrage"],"picked":"SKIP","floor":18},{"not_picked":["Beam Cell","Conserve Battery"],"picked":"Defragment","floor":19},{"not_picked":["Skim","Hello World","Barrage"],"picked":"SKIP","floor":20}],"player_experience":899086,"relics_obtained":[{"floor":6.0,"key":"DataDisk"},{"floor":8.0,"key":"Ancient Tea Set"},{"floor":9.0,"key":"Omamori"},{"floor":14,"key":"Shuriken"}],"event_choices":[{"damage_healed":0.0,"max_hp_gain":0.0,"max_hp_loss":0.0,"gold_gain":150.0,"event_name":"Liars Game","player_choice":"AGREE","floor":5.0,"gold_loss":0.0,"damage_taken":0.0,"cards_obtained":["Doubt"]},{"damage_healed":0,"gold_gain":50,"player_choice":"Pray","damage_taken":0,"max_hp_gain":0,"max_hp_loss":0,"event_name":"Golden Shrine","floor":21,"gold_loss":0}],"is_beta":false,"boss_relics":[{"not_picked":["Busted Crown","Empty Cage"],"picked":"Philosopher\u0027s Stone"}],"items_purged_floors":[12],"is_endless":false,"potions_floor_spawned":[1,4,14,16,20],"killed_by":"Snake Plant","ascension_level":20}