{"gold_per_floor":[118,118,193,28,40,72,97,130,154,154,181,181,144,163,163,266,266,282,282,294,143,143,143,168,168,238,251,286,297,316,241,241,241],"floor_reached":33,"playtime":2144,"items_purged":["Strike_G"],"score":456,"play_id":"6bc1ecef-6c1b-40f2-a96c-0aa02bd5dca7","local_time":"20190215142537","is_ascension_mode":true,"campfire_choices":[{"floor":10,"key":"REST"},{"floor":12,"key":"REST"},{"data":"Poisoned Stab","floor":15,"key":"SMITH"},{"data":"Dagger Spray","floor":23,"key":"SMITH"},{"data":"Adrenaline","floor":25,"key":"SMITH"},{"data":"Neutralize","floor":32,"key":"SMITH"}],"neow_cost":"NONE","seed_source_timestamp":245292327831529,"circlet_count":0,"master_deck":["Defend_G","Defend_G","Defend_G","Defend_G","Defend_G","Strike_G","Strike_G","Strike_G","Survivor","Neutralize+1","Flying Knee","Footwork","Quick Slash","Dagger Spray+1","Poisoned Stab+1","PiercingWail","Dagger Throw","Cloak And Dagger","Adrenaline+1","Well Laid Plans","Calculated Gamble","Leg Sweep","Backflip+1","RitualDagger","Deadly Poison","Deflect+1","Backstab+1","Sucker Punch"],"relics":["Ring of the Snake","NeowsBlessing","Blood Vial","Pear","Odd Mushroom","Dream Catcher","Centennial Puzzle","Pantograph","Coffee Dripper","Anchor","Darkstone Periapt","Matryoshka","Boot"],"potions_floor_usage":[24,24,28,33,33],"damage_taken":[{"damage":0,"enemies":"2 Louse","floor":1,"turns":1},{"damage":0,"enemies":"Small Slimes","floor":5,"turns":1},{"damage":0,"enemies":"Lagavulin","floor":6,"turns":1},{"damage":23,"enemies":"The Mushroom Lair","floor":7,"turns":3},{"damage":16,"enemies":"Gremlin Nob","floor":8,"turns":5},{"damage":23,"enemies":"Lagavulin","floor":11,"turns":8},{"damage":1,"enemies":"Jaw Worm","floor":14,"turns":3},{"damage":35,"enemies":"The Guardian","floor":16,"turns":15},{"damage":3,"enemies":"2 Thieves","floor":18,"turns":4},{"damage":3,"enemies":"Spheric Guardian","floor":20,"turns":6},{"damage":46,"enemies":"Gremlin Leader","floor":24,"turns":16},{"damage":5,"enemies":"Cultist and Chosen","floor":27,"turns":7},{"damage":1,"enemies":"Book of Stabbing","floor":28,"turns":7},{"damage":13,"enemies":"Snecko","floor":29,"turns":6},{"damage":7,"enemies":"Snake Plant","floor":30,"turns":4},{"damage":34,"enemies":"Collector","floor":33,"turns":11}],"seed_played":"857169804505189149","potions_obtained":[{"floor":7,"key":"PowerPotion"},{"floor":8,"key":"SneckoOil"},{"floor":11,"key":"Energy Potion"},{"floor":14,"key":"Block Potion"},{"floor":19,"key":"GhostInAJar"},{"floor":19,"key":"LiquidBronze"},{"floor":29,"key":"LiquidBronze"},{"floor":30,"key":"Swift Potion"}],"is_trial":false,"path_per_floor":["M","?","?","$","M","E","?","E","T","R","E","R","$","M","R","B",null,"M","?","M","$","?","R","E","R","T","M","E","M","M","?","R","B"],"character_chosen":"THE_SILENT","items_purchased":["Footwork","Quick Slash","Well Laid Plans","Anchor"],"campfire_rested":2,"item_purchase_floors":[4,4,13,21],"current_hp_per_floor":[63,60,49,49,51,63,42,28,28,52,31,55,55,56,56,45,71,70,70,69,69,63,63,19,19,19,16,17,6,1,1,1,0],"gold":241,"neow_bonus":"THREE_ENEMY_KILL","is_prod":false,"is_daily":false,"chose_seed":false,"campfire_upgraded":4,"win_rate":0,"timestamp":1550269537,"path_taken":["M","?","?","$","M","E","?","E","T","R","E","R","?","M","R","BOSS","M","?","?","$","?","R","E","R","T","M","E","M","M","?","R","BOSS"],"build_version":"2019-01-23","purchased_purges":1,"victory":false,"max_hp_per_floor":[70,70,70,70,70,80,80,80,80,80,80,80,80,80,80,80,80,80,80,80,80,80,80,80,80,80,80,80,80,80,80,80,80],"card_choices":[{"not_picked":["Distraction","Blade Dance"],"picked":"Flying Knee","floor":1},{"not_picked":["Eviscerate","Deadly Poison"],"picked":"Dagger Spray","floor":5},{"not_picked":["Dodge and Roll","Outmaneuver"],"picked":"Poisoned Stab","floor":6},{"not_picked":["Sucker Punch","Backflip"],"picked":"PiercingWail","floor":7},{"not_picked":["Grand Finale","Heel Hook","Deflect"],"picked":"SKIP","floor":8},{"not_picked":["Tactician","Poisoned Stab"],"picked":"Dagger Throw","floor":10},{"not_picked":["Poisoned Stab","Terror"],"picked":"Cloak And Dagger","floor":11},{"not_picked":["Quick Slash","Crippling Poison"],"picked":"Adrenaline","floor":12},{"not_picked":["Sucker Punch","Poisoned Stab"],"picked":"Calculated Gamble","floor":14},{"not_picked":["Acrobatics","Slice+1"],"picked":"Leg Sweep","floor":18},{"not_picked":["Cloak And Dagger","PiercingWail+1"],"picked":"Backflip+1","floor":20},{"not_picked":["Slice","Flying Knee"],"picked":"Deadly Poison","floor":24},{"not_picked":["Deflect","Underhanded Strike+1","Concentrate"],"picked":"SKIP","floor":27},{"not_picked":["Prepared","Quick Slash"],"picked":"Deflect+1","floor":28},{"not_picked":["Endless Agony","Heel Hook+1"],"picked":"Backstab+1","floor":29},{"not_picked":["Catalyst","Tactician"],"picked":"Sucker Punch","floor":30}],"player_experience":167830,"relics_obtained":[{"floor":6,"key":"Pear"},{"floor":7,"key":"Odd Mushroom"},{"floor":8,"key":"Dream Catcher"},{"floor":9,"key":"Centennial Puzzle"},{"floor":11,"key":"Pantograph"},{"floor":24,"key":"Darkstone Periapt"},{"floor":26,"key":"Matryoshka"},{"floor":28,"key":"Boot"}],"event_choices":[{"damage_healed":0,"gold_gain":0,"player_choice":"Success","damage_taken":3,"relics_obtained":["Blood Vial"],"max_hp_gain":0,"max_hp_loss":0,"event_name":"Scrap Ooze","floor":2,"gold_loss":0},{"damage_healed":0,"gold_gain":75,"player_choice":"Gather Gold","damage_taken":11,"max_hp_gain":0,"max_hp_loss":0,"event_name":"World of Goop","floor":3,"gold_loss":0},{"damage_healed":0,"gold_gain":0,"player_choice":"Fought Mushrooms","damage_taken":0,"max_hp_gain":0,"max_hp_loss":0,"event_name":"Mushrooms","floor":7,"gold_loss":0},{"damage_healed":0,"gold_gain":0,"player_choice":"Got Potions","damage_taken":0,"max_hp_gain":0,"max_hp_loss":0,"event_name":"Lab","floor":19,"gold_loss":0},{"damage_healed":0,"gold_gain":0,"player_choice":"Joined the Cult","damage_taken":6,"max_hp_gain":0,"max_hp_loss":0,"event_name":"Nest","floor":22,"gold_loss":0,"cards_obtained":["RitualDagger"]},{"cards_removed":["Strike_G"],"damage_healed":0,"gold_gain":0,"player_choice":"Gave Gold","damage_taken":0,"max_hp_gain":0,"max_hp_loss":0,"event_name":"Beggar","floor":31,"gold_loss":75}],"is_beta":false,"boss_relics":[{"not_picked":["Ectoplasm","Runic Dome"],"picked":"Coffee Dripper"}],"items_purged_floors":[4],"is_endless":false,"potions_floor_spawned":[7,8,11,14,18,29,30],"killed_by":"Collector","ascension_level":8}