{"gold_per_floor":[116,128,203,15,15,15,47,47,47,72,72,86,86,120,120,199,199,216,266,277,294,311,311],"floor_reached":23,"playtime":694,"items_purged":["Strike_B"],"score":448,"play_id":"41105c22-6a07-4bd9-a3bd-18641a4c6c58","local_time":"20190201142802","is_ascension_mode":true,"campfire_choices":[{"data":"Streamline","floor":6.0,"key":"SMITH"},{"data":"Recycle","floor":8.0,"key":"SMITH"},{"floor":13.0,"key":"REST"},{"data":"Thunder Strike","floor":15.0,"key":"SMITH"}],"neow_cost":"NONE","seed_source_timestamp":1919320597886873,"circlet_count":0,"master_deck":["AscendersBane","Strike_B","Strike_B","Defend_B","Defend_B","Defend_B","Defend_B","Zap","Dualcast","Streamline+1","Recycle+1","Coolheaded","Undo","Ball Lightning","Thunder Strike+1","Leap","Ball Lightning","Electrodynamics","Go for the Eyes","Conserve Battery"],"special_seed":0,"relics":["Cracked Core","NeowsBlessing","Du-Vu Doll","Odd Mushroom","Nunchaku","Busted Crown"],"potions_floor_usage":[23],"damage_taken":[{"damage":0.0,"enemies":"Small Slimes","floor":1.0,"turns":1.0},{"damage":0.0,"enemies":"Jaw Worm","floor":2.0,"turns":1.0},{"damage":0.0,"enemies":"3 Sentries","floor":7.0,"turns":2.0},{"damage":18.0,"enemies":"The Mushroom Lair","floor":10.0,"turns":3.0},{"damage":0.0,"enemies":"2 Louse","floor":12.0,"turns":2.0},{"damage":24.0,"enemies":"Gremlin Nob","floor":14.0,"turns":4.0},{"damage":36.0,"enemies":"Hexaghost","floor":16.0,"turns":9.0},{"damage":0.0,"enemies":"Chosen","floor":18.0,"turns":3.0},{"damage":25.0,"enemies":"2 Thieves","floor":20.0,"turns":4.0},{"damage":9.0,"enemies":"Centurion and Healer","floor":21.0,"turns":5.0},{"damage":17.0,"enemies":"Chosen and Byrds","floor":22.0,"turns":4.0},{"damage":12,"enemies":"Gremlin Leader","floor":23,"turns":2}],"seed_played":"-7294950967522634363","potions_obtained":[{"floor":2.0,"key":"LiquidBronze"},{"floor":12.0,"key":"PowerPotion"},{"floor":14.0,"key":"Regen Potion"},{"floor":22.0,"key":"Energy Potion"}],"is_trial":false,"path_per_floor":["M","M","?","$","?","R","E","R","T","?","?","M","R","E","R","B",null,"M","?","M","M","M","E"],"character_chosen":"DEFECT","items_purchased":["Coolheaded","Undo"],"campfire_rested":1,"item_purchase_floors":[4,4],"current_hp_per_floor":[64,64,53,53,58,58,58,58,58,40,40,40,62,38,38,17,61,61,61,36,27,10,0],"gold":311,"neow_bonus":"THREE_ENEMY_KILL","is_prod":false,"is_daily":false,"chose_seed":false,"campfire_upgraded":3,"win_rate":0,"timestamp":1549049282,"path_taken":["M","M","?","$","?","R","E","R","T","?","?","?","R","E","R","BOSS","M","?","?","?","M","E"],"build_version":"2019-01-23","purchased_purges":1,"victory":false,"max_hp_per_floor":[71,71,71,71,76,76,76,76,76,76,76,76,76,76,76,76,76,76,76,76,76,76,76],"card_choices":[{"not_picked":["Conserve Battery","Redo"],"picked":"Streamline","floor":1.0},{"not_picked":["Gash","Lockon"],"picked":"Recycle","floor":2.0},{"not_picked":["Leap","Sweeping Beam"],"picked":"Ball Lightning","floor":7.0},{"not_picked":["Rebound","Redo"],"picked":"Thunder Strike","floor":10.0},{"not_picked":["Stack","Heatsinks"],"picked":"Leap","floor":12.0},{"not_picked":["Stack","Fusion"],"picked":"Ball Lightning","floor":14.0},{"not_picked":["Fission","Amplify"],"picked":"Electrodynamics","floor":16.0},{"not_picked":[],"picked":"Go for the Eyes","floor":18.0},{"not_picked":["Turbo"],"picked":"SKIP","floor":20.0},{"not_picked":["Turbo"],"picked":"SKIP","floor":21.0},{"not_picked":[],"picked":"Conserve Battery","floor":22.0}],"player_experience":854768,"relics_obtained":[{"floor":7.0,"key":"Du-Vu Doll"},{"floor":10.0,"key":"Odd Mushroom"},{"floor":14.0,"key":"Nunchaku"}],"event_choices":[{"damage_healed":0.0,"max_hp_gain":0.0,"max_hp_loss":0.0,"gold_gain":75.0,"event_name":"World of Goop","player_choice":"Gather Gold","floor":3.0,"gold_loss":0.0,"damage_taken":11.0},{"damage_healed":0.0,"max_hp_gain":5.0,"max_hp_loss":0.0,"gold_gain":0.0,"event_name":"Big Fish","player_choice":"Donut","floor":5.0,"gold_loss":0.0,"damage_taken":0.0},{"damage_healed":0.0,"max_hp_gain":0.0,"max_hp_loss":0.0,"gold_gain":0.0,"event_name":"Mushrooms","player_choice":"Fought Mushrooms","floor":10.0,"gold_loss":0.0,"damage_taken":0.0},{"cards_removed":["Strike_B"],"damage_healed":0.0,"max_hp_gain":0.0,"max_hp_loss":0.0,"gold_gain":0.0,"event_name":"Purifier","player_choice":"Purged","floor":11.0,"gold_loss":0.0,"damage_taken":0.0},{"damage_healed":0.0,"max_hp_gain":0.0,"max_hp_loss":0.0,"gold_gain":50.0,"event_name":"Golden Shrine","player_choice":"Pray","floor":19.0,"gold_loss":0.0,"damage_taken":0.0}],"is_beta":false,"boss_relics":[{"not_picked":["FrozenCore","Runic Pyramid"],"picked":"Busted Crown"}],"items_purged_floors":[4],"is_endless":false,"potions_floor_spawned":[2,12,14,22],"killed_by":"Gremlin Leader","ascension_level":20}