{"gold_per_floor":[118,45,45,60,76,109,129,129,129,129,142,169,186,218,230,342,354,379,421,48,48,67,98,116,116,143,156,81,32,32,47,47,47],"floor_reached":33,"playtime":2179,"items_purged":["Thunderclap"],"score":287,"play_id":"20c0ee53-7853-4830-b67e-71cd26e78fb3","local_time":"20190210174713","is_ascension_mode":false,"campfire_choices":[{"data":"Whirlwind","floor":8,"key":"SMITH"},{"data":"Armaments","floor":10,"key":"SMITH"},{"data":"Perfected Strike","floor":15,"key":"SMITH"},{"floor":32,"key":"REST"}],"neow_cost":"NONE","seed_source_timestamp":601779126052057,"circlet_count":0,"master_deck":["Bash","Flame Barrier","Perfected Strike+1","Armaments+1","Whirlwind+1","Battle Trance","Inflame","Disarm+1","True Grit+1","Exhume+1","Evolve","Offering+1","Limit Break+1","Rampage","Disarm+1","Clothesline","Ghostly Armor+1","Feed","Shockwave+1","True Grit+1","True Grit+1","Heavy Blade+1","Battle Trance+1","Disarm+1"],"relics":["Burning Blood","Boot","Bronze Scales","Toxic Egg 2","Turnip","MawBank","Pandora\u0027s Box","Red Mask","Bottled Lightning","Matryoshka","Dream Catcher","Anchor"],"potions_floor_usage":[6,6,6,6,12,12,14,16,16,18,19,19,22,31,33],"damage_taken":[{"damage":10,"enemies":"Small Slimes","floor":1,"turns":5},{"damage":5,"enemies":"Cultist","floor":4,"turns":4},{"damage":0,"enemies":"2 Louse","floor":5,"turns":2},{"damage":4,"enemies":"3 Sentries","floor":6,"turns":6},{"damage":4,"enemies":"Blue Slaver","floor":7,"turns":3},{"damage":0,"enemies":"3 Louse","floor":11,"turns":1},{"damage":18,"enemies":"Lagavulin","floor":12,"turns":4},{"damage":11,"enemies":"Exordium Wildlife","floor":13,"turns":3},{"damage":26,"enemies":"Gremlin Nob","floor":14,"turns":4},{"damage":8,"enemies":"Hexaghost","floor":16,"turns":10},{"damage":36,"enemies":"Spheric Guardian","floor":18,"turns":6},{"damage":41,"enemies":"Masked Bandits","floor":19,"turns":6},{"damage":8,"enemies":"2 Thieves","floor":22,"turns":4},{"damage":6,"enemies":"Book of Stabbing","floor":23,"turns":8},{"damage":9,"enemies":"Centurion and Healer","floor":24,"turns":13},{"damage":2,"enemies":"Snecko","floor":27,"turns":6},{"damage":43,"enemies":"3 Cultists","floor":31,"turns":9},{"damage":37,"enemies":"Automaton","floor":33,"turns":6}],"seed_played":"1167023794089603102","potions_obtained":[{"floor":3,"key":"EntropicBrew"},{"floor":3,"key":"EntropicBrew"},{"floor":3,"key":"FairyPotion"},{"floor":5,"key":"SteroidPotion"},{"floor":6,"key":"AttackPotion"},{"floor":12,"key":"Dexterity Potion"},{"floor":13,"key":"BloodPotion"},{"floor":19,"key":"EssenceOfSteel"},{"floor":31,"key":"Ancient Potion"}],"is_trial":false,"path_per_floor":["M","$","?","M","M","E","M","R","T","R","M","E","M","E","R","B",null,"M","?","$","?","M","E","M","?","T","M","?","$","?","M","R","B"],"character_chosen":"IRONCLAD","items_purchased":["Flame Barrier","True Grit+1","Bottled Lightning","Block Potion"],"campfire_rested":1,"item_purchase_floors":[2,20,20,29],"current_hp_per_floor":[76,76,76,77,80,80,80,80,80,80,80,68,63,51,51,49,80,55,37,37,37,35,38,39,39,39,46,46,46,46,9,36,0],"gold":47,"neow_bonus":"RANDOM_COMMON_RELIC","is_prod":false,"is_daily":false,"chose_seed":false,"campfire_upgraded":3,"win_rate":0.0,"timestamp":1549817233,"path_taken":["M","$","?","M","M","E","M","R","T","R","?","E","M","E","R","BOSS","M","?","$","?","M","E","M","?","T","?","?","?","?","M","R","BOSS"],"build_version":"2019-01-23","purchased_purges":1,"victory":false,"max_hp_per_floor":[80,80,80,80,80,80,80,80,80,80,80,80,80,80,80,80,80,80,83,83,83,83,86,90,90,90,93,93,93,93,93,93,93],"card_choices":[{"not_picked":["Heavy Blade","Anger"],"picked":"Cleave","floor":1},{"not_picked":["Ghostly Armor","Dual Wield"],"picked":"Perfected Strike","floor":4},{"not_picked":["Cleave","Dropkick"],"picked":"Armaments","floor":5},{"not_picked":["Wild Strike","Dark Embrace"],"picked":"Whirlwind","floor":6},{"not_picked":["Wild Strike","Havoc"],"picked":"Battle Trance","floor":7},{"not_picked":["Rupture","Rage+1"],"picked":"Inflame","floor":11},{"not_picked":["Entrench+1","Limit Break+1"],"picked":"Disarm+1","floor":12},{"not_picked":["Power Through+1","Perfected Strike"],"picked":"True Grit+1","floor":13},{"not_picked":["Anger","Clothesline","Feel No Pain"],"picked":"SKIP","floor":14},{"not_picked":["Impervious+1","Barricade"],"picked":"Exhume+1","floor":16},{"not_picked":["Bloodletting+1","Twin Strike+1"],"picked":"Shockwave+1","floor":18},{"not_picked":["Pummel+1","Armaments+1"],"picked":"True Grit+1","floor":22},{"not_picked":["Whirlwind","Cleave+1","Offering+1"],"picked":"SKIP","floor":23},{"not_picked":["Burning Pact+1","Sword Boomerang"],"picked":"Heavy Blade+1","floor":24},{"not_picked":["Dual Wield+1","Anger","Warcry+1"],"picked":"SKIP","floor":27},{"not_picked":["Evolve","Armaments+1","Cleave+1"],"picked":"SKIP","floor":31}],"player_experience":112107,"relics_obtained":[{"floor":6,"key":"Bronze Scales"},{"floor":9,"key":"Toxic Egg 2"},{"floor":12,"key":"Turnip"},{"floor":14,"key":"MawBank"},{"floor":19,"key":"Red Mask"},{"floor":23,"key":"Matryoshka"},{"floor":26,"key":"Dream Catcher"},{"floor":26,"key":"Anchor"}],"event_choices":[{"damage_healed":0,"gold_gain":0,"player_choice":"Got Potions","damage_taken":0,"max_hp_gain":0,"max_hp_loss":0,"event_name":"Lab","floor":3,"gold_loss":0},{"damage_healed":0,"gold_gain":0,"player_choice":"Fought Bandits","damage_taken":0,"max_hp_gain":0,"max_hp_loss":0,"event_name":"Masked Bandits","floor":19,"gold_loss":0},{"damage_healed":0,"gold_gain":0,"player_choice":"Ignored","damage_taken":0,"max_hp_gain":0,"max_hp_loss":0,"event_name":"Cursed Tome","floor":21,"gold_loss":0},{"damage_healed":0,"gold_gain":0,"player_choice":"Read","damage_taken":0,"max_hp_gain":0,"max_hp_loss":0,"event_name":"The Library","floor":25,"gold_loss":0,"cards_obtained":["Battle Trance"]},{"cards_removed":["Cleave"],"damage_healed":0,"gold_gain":0,"player_choice":"Gave Gold","damage_taken":0,"max_hp_gain":0,"max_hp_loss":0,"event_name":"Beggar","floor":28,"gold_loss":75},{"damage_healed":0,"gold_gain":0,"player_choice":"Copied","damage_taken":0,"max_hp_gain":0,"max_hp_loss":0,"event_name":"Duplicator","floor":30,"gold_loss":0,"cards_obtained":["Disarm"]}],"is_beta":false,"boss_relics":[{"not_picked":["Fusion Hammer","Coffee Dripper"],"picked":"Pandora\u0027s Box"}],"items_purged_floors":[20],"is_endless":false,"potions_floor_spawned":[5,6,11,12,13,16,19,31],"killed_by":"Automaton","ascension_level":0}