{"gold_per_floor":[117,131,142,14,32,63,90,108,161,161,176,176,126,153,153,252,252,268,33,33,48,48,48,103,123,123,123,151,26,37,68,68,164,164,182,182,257,274,290,324,324,355,407,434,434,453,485,485,485,485,485,485,7,32,32],"floor_reached":56,"playtime":3863,"items_purged":["Defend_R","Strike_R","Strike_R"],"score":1466,"play_id":"e189e781-f944-4d4c-a342-2fa53bc8aed5","local_time":"20190125234041","is_ascension_mode":true,"campfire_choices":[{"data":"Armaments","floor":10,"key":"SMITH"},{"data":"Inflame","floor":12,"key":"SMITH"},{"data":"Corruption","floor":15,"key":"SMITH"},{"data":"Shockwave","floor":23,"key":"SMITH"},{"data":"Offering","floor":32,"key":"SMITH"},{"floor":41,"key":"RECALL"},{"floor":45,"key":"REST"},{"data":"Offering","floor":49,"key":"SMITH"},{"data":"Apotheosis","floor":52,"key":"SMITH"}],"neow_cost":"NONE","seed_source_timestamp":3497174366540755,"circlet_count":0,"master_deck":["Strike_R","Strike_R","Defend_R","Defend_R","Defend_R+1","Bash","Shockwave+1","Shrug It Off+1","Rage","Twin Strike","Clash","Inflame+1","Battle Trance","Armaments+1","Sword Boomerang","Corruption+1","Immolate","Cleave","Offering+1","Exhume","Metallicize","Metallicize","Offering+1","Shrug It Off+1","Apotheosis+1","Violence","Good Instincts","Inflame","Thunderclap+1","Clothesline+1","Anger+1","Disarm+1","Havoc","True Grit","Ghostly Armor","Limit Break"],"relics":["Burning Blood","Odd Mushroom","Boot","Pantograph","Runic Dome","Nloth\u0027s Gift","Tiny Chest","Omamori","Pear","Paper Frog","Black Star","Strawberry","Bronze Scales","Potion Belt","Art of War","Juzu Bracelet","Bag of Marbles","Mercury Hourglass","Unceasing Top","Lantern","Oddly Smooth Stone","Ornamental Fan","Bottled Flame"],"potions_floor_usage":[6,6,8,16,27,35,40,47,55,55,55,55],"damage_taken":[{"damage":5,"enemies":"Cultist","floor":1,"turns":4},{"damage":5,"enemies":"Small Slimes","floor":2,"turns":4},{"damage":3,"enemies":"Jaw Worm","floor":3,"turns":3},{"damage":11,"enemies":"Looter","floor":5,"turns":3},{"damage":31,"enemies":"Lagavulin","floor":6,"turns":6},{"damage":6,"enemies":"The Mushroom Lair","floor":7,"turns":5},{"damage":0,"enemies":"Gremlin Gang","floor":8,"turns":5},{"damage":11,"enemies":"Lots of Slimes","floor":11,"turns":4},{"damage":3,"enemies":"Gremlin Nob","floor":14,"turns":4},{"damage":38,"enemies":"Hexaghost","floor":16,"turns":7},{"damage":3,"enemies":"Shell Parasite","floor":18,"turns":3},{"damage":0,"enemies":"Spheric Guardian","floor":21,"turns":3},{"damage":17,"enemies":"Slavers","floor":24,"turns":4},{"damage":14,"enemies":"Centurion and Healer","floor":25,"turns":5},{"damage":0,"enemies":"Snake Plant","floor":27,"turns":2},{"damage":6,"enemies":"Book of Stabbing","floor":28,"turns":4},{"damage":14,"enemies":"Shelled Parasite and Fungi","floor":30,"turns":4},{"damage":12,"enemies":"Gremlin Leader","floor":31,"turns":4},{"damage":33,"enemies":"Champ","floor":33,"turns":9},{"damage":6,"enemies":"Orb Walker","floor":35,"turns":3},{"damage":4,"enemies":"3 Shapes","floor":38,"turns":3},{"damage":6,"enemies":"Jaw Worm Horde","floor":39,"turns":2},{"damage":12,"enemies":"Nemesis","floor":40,"turns":3},{"damage":24,"enemies":"Giant Head","floor":42,"turns":5},{"damage":18,"enemies":"Reptomancer","floor":44,"turns":4},{"damage":10,"enemies":"Transient","floor":46,"turns":5},{"damage":29,"enemies":"Nemesis","floor":47,"turns":3},{"damage":46,"enemies":"Donu and Deca","floor":50,"turns":7},{"damage":51,"enemies":"Shield and Spear","floor":54,"turns":5},{"damage":38,"enemies":"The Heart","floor":55,"turns":5}],"seed_played":"-3952734609308184721","potions_obtained":[{"floor":0,"key":"Regen Potion"},{"floor":0,"key":"SmokeBomb"},{"floor":0,"key":"FearPotion"},{"floor":1,"key":"BloodPotion"},{"floor":5,"key":"AttackPotion"},{"floor":7,"key":"SmokeBomb"},{"floor":14,"key":"FearPotion"},{"floor":24,"key":"BloodPotion"},{"floor":30,"key":"Energy Potion"},{"floor":33,"key":"PowerPotion"},{"floor":35,"key":"Fruit Juice"},{"floor":38,"key":"Energy Potion"},{"floor":54,"key":"Strength Potion"}],"is_trial":false,"path_per_floor":["M","M","M","$","M","E","?","M","T","R","M","R","?","E","R","B",null,"M","$","?","M","$","R","E","M","T","M","E","$","M","E","R","B",null,"M","?","?","M","M","E","R","E","T","E","R","M","E","?","R","B",null,"R","$","E","B",null],"character_chosen":"IRONCLAD","items_purchased":["Twin Strike","Offering","Lantern","Strength Potion","FearPotion","Oddly Smooth Stone","True Grit","Ghostly Armor"],"campfire_rested":1,"item_purchase_floors":[4,19,53,53,53,53,53,53],"current_hp_per_floor":[80,80,80,80,75,58,58,78,78,78,73,73,73,76,76,48,80,80,80,80,80,80,80,69,61,61,67,77,77,69,63,63,61,90,95,85,76,78,78,79,79,61,61,49,79,75,52,78,78,62,102,102,102,57,50],"gold":32,"neow_bonus":"THREE_SMALL_POTIONS","is_prod":false,"is_daily":false,"chose_seed":false,"campfire_upgraded":7,"win_rate":0,"timestamp":1548477641,"path_taken":["M","?","M","$","M","E","?","M","T","R","M","R","?","E","R","BOSS","M","$","?","?","?","R","E","M","T","M","E","?","M","E","R","BOSS","M","?","?","M","M","E","R","E","T","E","R","M","E","?","R","BOSS","R","$","E","BOSS"],"build_version":"2019-01-23","purchased_purges":3,"victory":true,"max_hp_per_floor":[80,80,80,80,80,80,80,80,80,80,80,80,80,80,80,80,80,80,80,80,80,80,80,80,80,80,80,90,90,90,90,90,90,90,95,95,95,95,95,102,102,102,102,102,102,102,102,102,102,102,102,102,102,102,102],"card_choices":[{"not_picked":["Warcry","Intimidate"],"picked":"Shockwave","floor":1},{"not_picked":["Power Through","Reckless Charge"],"picked":"Shrug It Off","floor":2},{"not_picked":["Blood for Blood","True Grit"],"picked":"Rage","floor":3},{"not_picked":["Rampage","Cleave"],"picked":"Clash","floor":5},{"not_picked":["Havoc","True Grit"],"picked":"Inflame","floor":6},{"not_picked":["Clash","Berserk"],"picked":"Battle Trance","floor":7},{"not_picked":["Anger","Shrug It Off"],"picked":"Armaments","floor":8},{"not_picked":["Shrug It Off","Headbutt"],"picked":"Sword Boomerang","floor":11},{"not_picked":["Twin Strike","Power Through"],"picked":"Corruption","floor":14},{"not_picked":["Impervious","Barricade"],"picked":"Immolate","floor":16},{"not_picked":["Shockwave+1","Second Wind"],"picked":"Cleave","floor":18},{"not_picked":["Twin Strike","Infernal Blade","Clash"],"picked":"SKIP","floor":21},{"not_picked":["Clash","Wild Strike","Reckless Charge"],"picked":"SKIP","floor":24},{"not_picked":["Heavy Blade","Combust","Searing Blow"],"picked":"SKIP","floor":25},{"not_picked":["Heavy Blade","Anger+1"],"picked":"Exhume","floor":28},{"not_picked":["Wild Strike+1","Shrug It Off"],"picked":"Metallicize","floor":30},{"not_picked":["Iron Wave","Shrug It Off"],"picked":"Metallicize","floor":31},{"not_picked":["Reaper","Exhume"],"picked":"Offering","floor":33},{"not_picked":["Flex","Headbutt+1"],"picked":"Shrug It Off+1","floor":35},{"not_picked":["Panacea","HandOfGreed"],"picked":"Apotheosis","floor":36},{"not_picked":["Chrysalis","Apotheosis"],"picked":"Violence","floor":36},{"not_picked":["Transmutation","Forethought"],"picked":"Good Instincts","floor":36},{"not_picked":["Exhume","Sword Boomerang"],"picked":"Inflame","floor":38},{"not_picked":["Wild Strike","Armaments"],"picked":"Thunderclap+1","floor":39},{"not_picked":["Cleave","Flex"],"picked":"Clothesline+1","floor":40},{"not_picked":["Body Slam+1","Flex"],"picked":"Anger+1","floor":42},{"not_picked":["Immolate","Heavy Blade+1"],"picked":"Disarm+1","floor":44},{"not_picked":["Armaments+1","Clash"],"picked":"Havoc","floor":46},{"not_picked":["Clash+1","Pommel Strike","Body Slam"],"picked":"SKIP","floor":47},{"not_picked":["Fire Breathing","Shrug It Off+1"],"picked":"Limit Break","floor":54}],"player_experience":4209976,"relics_obtained":[{"floor":6,"key":"War Paint"},{"floor":7,"key":"Odd Mushroom"},{"floor":9,"key":"Boot"},{"floor":14,"key":"Pantograph"},{"floor":24,"key":"Tiny Chest"},{"floor":26,"key":"Omamori"},{"floor":28,"key":"Pear"},{"floor":31,"key":"Paper Frog"},{"floor":40,"key":"Strawberry"},{"floor":40,"key":"Bronze Scales"},{"floor":42,"key":"Potion Belt"},{"floor":42,"key":"Art of War"},{"floor":44,"key":"Juzu Bracelet"},{"floor":44,"key":"Bag of Marbles"},{"floor":47,"key":"Mercury Hourglass"},{"floor":47,"key":"Unceasing Top"},{"floor":54,"key":"Ornamental Fan"},{"floor":54,"key":"Bottled Flame"}],"event_choices":[{"damage_healed":0,"gold_gain":0,"player_choice":"Fought Mushrooms","damage_taken":0,"max_hp_gain":0,"max_hp_loss":0,"event_name":"Mushrooms","floor":7,"gold_loss":0},{"cards_removed":["Strike_R"],"damage_healed":0,"gold_gain":0,"player_choice":"Card Removal","damage_taken":0,"max_hp_gain":0,"max_hp_loss":0,"event_name":"The Cleric","floor":13,"gold_loss":50},{"damage_healed":0,"gold_gain":0,"player_choice":"Traded Relic","damage_taken":0,"relics_obtained":["Nloth\u0027s Gift"],"max_hp_gain":0,"max_hp_loss":0,"event_name":"N\u0027loth","floor":20,"relics_lost":["War Paint"],"gold_loss":0},{"damage_healed":0,"gold_gain":0,"player_choice":"Memory 3","damage_taken":10,"max_hp_gain":0,"max_hp_loss":0,"event_name":"SensoryStone","floor":36,"gold_loss":0},{"damage_healed":0,"gold_gain":75,"player_choice":"Touch","damage_taken":9,"max_hp_gain":0,"max_hp_loss":0,"event_name":"FaceTrader","floor":37,"gold_loss":0},{"damage_healed":26,"gold_gain":0,"player_choice":"Writhe","damage_taken":0,"max_hp_gain":0,"max_hp_loss":0,"event_name":"Winding Halls","floor":48,"gold_loss":0,"cards_obtained":["Writhe"]}],"is_beta":true,"boss_relics":[{"not_picked":["Runic Cube","Fusion Hammer"],"picked":"Runic Dome"},{"not_picked":["Orrery","Eternal Feather"],"picked":"Black Star"}],"items_purged_floors":[4,19,29],"is_endless":false,"potions_floor_spawned":[1,5,7,14,24,27,30,33,35,38,54],"ascension_level":1}