{"gold_per_floor":[118,130,144,144,162,193,193,207,207,236,251,122,122,32,32,131,131,141,141,158,169,189,214,214,41,41,69,84,97,126,126,126,227,227,238,293,293,293,308,333,360,360,386,406,436,462,480,505,505,505,505,505,41,74,74],"floor_reached":56,"playtime":4998,"items_purged":[],"score":1918,"play_id":"92ed84b2-4b82-4d03-a4c2-a3a065e1ad70","local_time":"20190204180842","is_ascension_mode":true,"campfire_choices":[{"data":"Inflame","floor":7,"key":"SMITH"},{"data":"Corruption","floor":13,"key":"SMITH"},{"data":"Armaments","floor":15,"key":"SMITH"},{"data":"Inflame","floor":24,"key":"SMITH"},{"data":"Warcry","floor":32,"key":"SMITH"},{"floor":49,"key":"RECALL"},{"data":"Feed","floor":52,"key":"SMITH"}],"neow_cost":"TEN_PERCENT_HP_LOSS","seed_source_timestamp":4340015129275190,"circlet_count":0,"master_deck":["Strike_R","Strike_R","Defend_R","Defend_R","Defend_R","Defend_R","Bash","Havoc","Inflame+1","Warcry","Clothesline","Infernal Blade","Inflame+1","Limit Break","Corruption+1","Armaments+1","Dark Shackles","Purity","Offering","Sentinel+1","Warcry+1","Seeing Red","Clash","Seeing Red","Whirlwind","Feed+1","Apotheosis","Transmutation","Transmutation","Sword Boomerang+1","Intimidate","True Grit","Iron Wave+1","Bloodletting","Havoc+1","Feel No Pain","Limit Break","True Grit"],"relics":["Burning Blood","Dead Branch","Thread and Needle","Centennial Puzzle","Omamori","Busted Crown","Self Forming Clay","Oddly Smooth Stone","Bottled Lightning","WingedGreaves","Bottled Tornado","Vajra","Empty Cage","Champion Belt","Blue Candle","Boot","Sundial","Lantern","Regal Pillow","Strawberry","DollysMirror","Pocketwatch"],"potions_floor_usage":[6,18,44,55,55,55],"damage_taken":[{"damage":3,"enemies":"Jaw Worm","floor":1,"turns":4},{"damage":4,"enemies":"Cultist","floor":2,"turns":3},{"damage":0,"enemies":"2 Louse","floor":3,"turns":2},{"damage":12,"enemies":"Red Slaver","floor":5,"turns":4},{"damage":18,"enemies":"Gremlin Nob","floor":6,"turns":3},{"damage":2,"enemies":"Large Slime","floor":8,"turns":6},{"damage":9,"enemies":"3 Sentries","floor":10,"turns":6},{"damage":7,"enemies":"3 Louse","floor":11,"turns":2},{"damage":12,"enemies":"Slime Boss","floor":16,"turns":5},{"damage":6,"enemies":"2 Thieves","floor":18,"turns":2},{"damage":6,"enemies":"Spheric Guardian","floor":20,"turns":1},{"damage":3,"enemies":"Chosen and Byrds","floor":21,"turns":5},{"damage":6,"enemies":"Snake Plant","floor":22,"turns":2},{"damage":6,"enemies":"Gremlin Leader","floor":23,"turns":3},{"damage":6,"enemies":"Slavers","floor":27,"turns":3},{"damage":6,"enemies":"Cultist and Chosen","floor":28,"turns":1},{"damage":6,"enemies":"Snecko","floor":29,"turns":2},{"damage":6,"enemies":"Gremlin Leader","floor":30,"turns":4},{"damage":11,"enemies":"Champ","floor":33,"turns":6},{"damage":6,"enemies":"Orb Walker","floor":35,"turns":1},{"damage":6,"enemies":"2 Orb Walkers","floor":36,"turns":1},{"damage":6,"enemies":"3 Darklings","floor":39,"turns":3},{"damage":6,"enemies":"Nemesis","floor":40,"turns":3},{"damage":6,"enemies":"Reptomancer","floor":41,"turns":1},{"damage":7,"enemies":"Maw","floor":44,"turns":5},{"damage":6,"enemies":"Nemesis","floor":45,"turns":3},{"damage":6,"enemies":"Giant Head","floor":46,"turns":3},{"damage":6,"enemies":"Transient","floor":47,"turns":3},{"damage":11,"enemies":"Nemesis","floor":48,"turns":3},{"damage":15,"enemies":"Donu and Deca","floor":50,"turns":2},{"damage":6,"enemies":"Shield and Spear","floor":54,"turns":1},{"damage":21,"enemies":"The Heart","floor":55,"turns":4}],"seed_played":"9143715033562364378","potions_obtained":[{"floor":2,"key":"Swift Potion"},{"floor":6,"key":"SkillPotion"},{"floor":10,"key":"EssenceOfSteel"},{"floor":11,"key":"FairyPotion"},{"floor":18,"key":"PowerPotion"},{"floor":20,"key":"Block Potion"},{"floor":45,"key":"Energy Potion"},{"floor":46,"key":"Dexterity Potion"}],"is_trial":false,"path_per_floor":["M","M","M","?","M","E","R","M","T","E","M","$","R","$","R","B",null,"M","?","M","M","M","E","R","$","T","E","M","M","E","?","R","B",null,"M","?","?","?","M","E","E","?","T","M","E","E","M","E","R","B",null,"R","$","E","B",null],"character_chosen":"IRONCLAD","items_purchased":["Armaments","Dark Shackles","Purity","Oddly Smooth Stone","Clash","Feel No Pain","Strawberry","DollysMirror","True Grit"],"campfire_rested":0,"item_purchase_floors":[12,12,14,25,25,53,53,53,53],"current_hp_per_floor":[72,72,72,72,66,54,54,58,58,55,54,54,54,54,54,48,72,72,72,72,72,72,72,72,72,72,72,72,72,72,72,72,67,72,72,72,72,62,66,69,72,72,72,75,79,83,87,86,86,81,106,106,113,113,98],"gold":74,"neow_bonus":"ONE_RARE_RELIC","is_prod":false,"is_daily":false,"chose_seed":false,"campfire_upgraded":6,"win_rate":0,"timestamp":1549321722,"path_taken":["M","M","M","?","?","E","R","M","T","E","M","?","R","$","R","BOSS","M","?","?","M","M","E","R","?","T","E","M","M","E","?","R","BOSS","M","?","?","?","M","E","E","?","T","?","E","E","M","E","R","BOSS","R","$","E","BOSS"],"build_version":"2019-01-23","purchased_purges":0,"victory":true,"max_hp_per_floor":[72,72,72,72,72,72,72,72,72,72,72,72,72,72,72,72,72,72,72,72,72,72,72,72,72,72,72,72,72,72,72,72,72,72,72,72,72,72,76,79,82,82,82,86,90,94,98,102,102,106,106,106,113,113,113],"card_choices":[{"not_picked":["Twin Strike","Thunderclap"],"picked":"Havoc","floor":1},{"not_picked":["Clash","Sword Boomerang"],"picked":"Inflame","floor":2},{"not_picked":["Flex","Clash"],"picked":"Warcry","floor":3},{"not_picked":["Heavy Blade","Headbutt"],"picked":"Infernal Blade","floor":5},{"not_picked":["Dual Wield","Berserk","Heavy Blade"],"picked":"SKIP","floor":6},{"not_picked":["Seeing Red","True Grit"],"picked":"Inflame","floor":8},{"not_picked":["Cleave","Dark Embrace"],"picked":"Limit Break","floor":10},{"not_picked":["Heavy Blade","Evolve"],"picked":"Corruption","floor":11},{"not_picked":["Dark Embrace","Impervious"],"picked":"Offering","floor":16},{"not_picked":[],"picked":"Sentinel+1","floor":18},{"not_picked":[],"picked":"Warcry","floor":20},{"not_picked":["Body Slam"],"picked":"SKIP","floor":21},{"not_picked":["Thunderclap"],"picked":"SKIP","floor":22},{"not_picked":[],"picked":"Seeing Red","floor":23},{"not_picked":["Flex"],"picked":"SKIP","floor":27},{"not_picked":["Clash"],"picked":"SKIP","floor":28},{"not_picked":[],"picked":"Seeing Red","floor":29},{"not_picked":[],"picked":"Whirlwind","floor":30},{"not_picked":[],"picked":"Feed","floor":33},{"not_picked":["Twin Strike+1"],"picked":"SKIP","floor":35},{"not_picked":[],"picked":"Apotheosis","floor":38},{"not_picked":[],"picked":"Transmutation","floor":38},{"not_picked":[],"picked":"Transmutation","floor":38},{"not_picked":["Thunderclap+1"],"picked":"SKIP","floor":39},{"not_picked":[],"picked":"Sword Boomerang+1","floor":40},{"not_picked":[],"picked":"Intimidate","floor":41},{"not_picked":["Twin Strike+1"],"picked":"SKIP","floor":44},{"not_picked":[],"picked":"True Grit","floor":45},{"not_picked":[],"picked":"Iron Wave+1","floor":46},{"not_picked":[],"picked":"Bloodletting","floor":47},{"not_picked":[],"picked":"Havoc+1","floor":48},{"not_picked":["Wild Strike+1"],"picked":"SKIP","floor":54}],"player_experience":4349854,"relics_obtained":[{"floor":6,"key":"Thread and Needle"},{"floor":9,"key":"Centennial Puzzle"},{"floor":10,"key":"Omamori"},{"floor":23,"key":"Self Forming Clay"},{"floor":26,"key":"Bottled Lightning"},{"floor":27,"key":"WingedGreaves"},{"floor":30,"key":"Bottled Tornado"},{"floor":36,"key":"Champion Belt"},{"floor":40,"key":"Blue Candle"},{"floor":41,"key":"Boot"},{"floor":45,"key":"Sundial"},{"floor":46,"key":"Lantern"},{"floor":48,"key":"Regal Pillow"},{"floor":54,"key":"Pocketwatch"}],"event_choices":[{"damage_healed":0,"gold_gain":0,"player_choice":"1 cards matched","damage_taken":0,"max_hp_gain":0,"max_hp_loss":0,"event_name":"Match and Keep!","floor":4,"gold_loss":0,"cards_obtained":["Clothesline"]},{"damage_healed":0,"gold_gain":0,"player_choice":"Bought 0 Potions","damage_taken":0,"max_hp_gain":0,"max_hp_loss":0,"event_name":"The Woman in Blue","floor":19,"gold_loss":0},{"damage_healed":0,"gold_gain":0,"player_choice":"Opened","damage_taken":0,"relics_obtained":["Vajra"],"max_hp_gain":0,"max_hp_loss":0,"event_name":"The Mausoleum","floor":31,"gold_loss":0,"cards_obtained":["Writhe"]},{"damage_healed":0,"gold_gain":0,"player_choice":"Fight","damage_taken":0,"max_hp_gain":0,"max_hp_loss":0,"event_name":"Mysterious Sphere","floor":36,"gold_loss":0},{"damage_healed":0,"gold_gain":0,"player_choice":"Ignored","damage_taken":0,"max_hp_gain":0,"max_hp_loss":0,"event_name":"Tomb of Lord Red Mask","floor":37,"gold_loss":0},{"damage_healed":0,"gold_gain":0,"player_choice":"Memory 3","damage_taken":10,"max_hp_gain":0,"max_hp_loss":0,"event_name":"SensoryStone","floor":38,"gold_loss":0},{"cards_removed":["Strike_R"],"damage_healed":0,"gold_gain":0,"player_choice":"Removed Attack","damage_taken":0,"max_hp_gain":0,"max_hp_loss":0,"event_name":"Falling","floor":42,"gold_loss":0}],"is_beta":true,"boss_relics":[{"not_picked":["Mark of Pain","Ectoplasm"],"picked":"Busted Crown"},{"not_picked":["Runic Cube","Lizard Tail"],"picked":"Empty Cage"}],"items_purged_floors":[],"is_endless":false,"potions_floor_spawned":[2,6,10,11,18,20,23,29,30,40,45,46,48],"ascension_level":1}