{"gold_per_floor":[114,7,17,29,45,58,86,106,130,130,162,162,37,67,67,144,144,162,176,176,34,34,34,60,92,92,92,103,103,114,134,134,210,210,229,14,14,236,255,255,270,270,295,295,312,359,96,96,96,96,96],"floor_reached":52,"playtime":2500,"items_purged":["Strike_R","Cleave","Combust"],"score":1755,"play_id":"23d43047-e382-4ffe-a3d3-8d0e11972285","local_time":"20190212114504","is_ascension_mode":true,"campfire_choices":[{"data":"Blood for Blood","floor":10.0,"key":"SMITH"},{"data":"Disarm","floor":15.0,"key":"SMITH"},{"floor":23.0,"key":"REST"},{"floor":27.0,"key":"REST"},{"floor":32.0,"key":"REST"},{"data":"Armaments","floor":40.0,"key":"SMITH"},{"data":"Offering","floor":44.0,"key":"SMITH"},{"floor":49.0,"key":"REST"}],"neow_cost":"NONE","seed_source_timestamp":2858399682638902,"circlet_count":0,"master_deck":["AscendersBane","Bash+1","Blood for Blood+1","Clothesline","Ghostly Armor","Pummel","Demon Form","Pummel","Shockwave","Disarm+1","Armaments+1","Offering+1","Thunderclap","Burning Pact","Sword Boomerang","Inflame","Spot Weakness","Uppercut","Combust","Shrug It Off","Limit Break","Shrug It Off","Cleave","Sentinel+1","Impervious","Flame Barrier","Dark Shackles","Whirlwind","Shrug It Off"],"special_seed":0,"relics":["Burning Blood","Ginger","Juzu Bracelet","Centennial Puzzle","FaceOfCleric","Smiling Mask","Pandora\u0027s Box","Red Mask","Regal Pillow","Letter Opener","Snecko Eye","Blood Vial","Omamori","Mango","Red Skull"],"potions_floor_usage":[50,51],"damage_taken":[{"damage":1.0,"enemies":"Cultist","floor":1.0,"turns":3.0},{"damage":4.0,"enemies":"Jaw Worm","floor":3.0,"turns":4.0},{"damage":8.0,"enemies":"2 Louse","floor":4.0,"turns":3.0},{"damage":16.0,"enemies":"Large Slime","floor":5.0,"turns":5.0},{"damage":6.0,"enemies":"2 Fungi Beasts","floor":6.0,"turns":4.0},{"damage":26.0,"enemies":"Gremlin Nob","floor":7.0,"turns":4.0},{"damage":5.0,"enemies":"Red Slaver","floor":8.0,"turns":3.0},{"damage":15.0,"enemies":"Lagavulin","floor":11.0,"turns":6.0},{"damage":10.0,"enemies":"3 Sentries","floor":14.0,"turns":4.0},{"damage":22.0,"enemies":"The Guardian","floor":16.0,"turns":12.0},{"damage":28.0,"enemies":"Shell Parasite","floor":18.0,"turns":4.0},{"damage":9.0,"enemies":"3 Byrds","floor":19.0,"turns":4.0},{"damage":21.0,"enemies":"Masked Bandits","floor":24.0,"turns":3.0},{"damage":43.0,"enemies":"Slavers","floor":25.0,"turns":4.0},{"damage":41.0,"enemies":"Snecko","floor":28.0,"turns":6.0},{"damage":15.0,"enemies":"Snake Plant","floor":30.0,"turns":4.0},{"damage":6.0,"enemies":"Cultist and Chosen","floor":31.0,"turns":3.0},{"damage":24.0,"enemies":"Champ","floor":33.0,"turns":8.0},{"damage":10.0,"enemies":"3 Shapes","floor":35.0,"turns":4.0},{"damage":23.0,"enemies":"3 Darklings","floor":39.0,"turns":3.0},{"damage":14.0,"enemies":"Writhing Mass","floor":41.0,"turns":5.0},{"damage":11.0,"enemies":"Maw","floor":45.0,"turns":5.0},{"damage":15.0,"enemies":"2 Orb Walkers","floor":46.0,"turns":5.0},{"damage":23,"enemies":"Awakened One","floor":50,"turns":7},{"damage":52,"enemies":"Time Eater","floor":51,"turns":8}],"seed_played":"7045996085066792403","potions_obtained":[{"floor":1.0,"key":"SkillPotion"},{"floor":4.0,"key":"BloodPotion"},{"floor":8.0,"key":"Energy Potion"},{"floor":11.0,"key":"Swift Potion"},{"floor":14.0,"key":"SpeedPotion"},{"floor":16.0,"key":"SpeedPotion"},{"floor":28.0,"key":"PowerPotion"},{"floor":30.0,"key":"Ancient Potion"},{"floor":31.0,"key":"PowerPotion"},{"floor":33.0,"key":"EssenceOfSteel"},{"floor":37.0,"key":"Fire Potion"},{"floor":46.0,"key":"Block Potion"}],"is_trial":false,"path_per_floor":["M","$","M","M","M","M","E","M","T","R","E","?","$","E","R","B",null,"M","M","?","$","?","R","?","E","T","R","M","?","M","M","R","B",null,"M","$","?","?","M","R","M","?","T","R","M","?","$","?","R","B","B",null],"character_chosen":"IRONCLAD","items_purchased":["Clothesline","Inflame","Armaments","Shrug It Off","Limit Break","Blood Vial","Shrug It Off","Red Skull"],"campfire_rested":4,"item_purchase_floors":[2,2,13,21,21,36,47,47],"current_hp_per_floor":[73,73,75,73,63,63,50,51,51,51,42,42,42,39,39,24,64,43,41,41,41,41,64,50,14,14,53,19,19,11,12,52,35,73,70,70,70,70,56,56,51,51,51,51,49,57,57,57,103,88,45],"gold":96,"neow_bonus":"UPGRADE_CARD","is_prod":false,"is_daily":false,"chose_seed":false,"campfire_upgraded":4,"win_rate":0,"timestamp":1549989904,"path_taken":["M","$","M","M","?","M","E","M","T","R","E","?","?","E","R","BOSS","M","M","?","$","?","R","?","E","T","R","M","?","M","M","R","BOSS","M","$","?","?","M","R","M","?","T","R","M","?","$","?","R","BOSS","BOSS"],"build_version":"2019-01-23","purchased_purges":3,"victory":true,"max_hp_per_floor":[75,75,75,75,75,75,75,75,75,75,75,75,75,76,76,77,77,78,79,79,79,79,79,80,81,81,81,82,82,83,84,84,85,85,86,86,86,86,87,87,88,88,88,88,89,104,104,104,104,105,106],"card_choices":[{"not_picked":["Perfected Strike","Clash"],"picked":"Blood for Blood","floor":1.0},{"not_picked":["True Grit","Dropkick"],"picked":"Ghostly Armor","floor":3.0},{"not_picked":["Perfected Strike","Headbutt"],"picked":"Pummel","floor":4.0},{"not_picked":["Clothesline","Sever Soul"],"picked":"Demon Form","floor":5.0},{"not_picked":["Body Slam","Entrench"],"picked":"Pummel","floor":6.0},{"not_picked":["Anger","Burning Pact"],"picked":"Shockwave","floor":7.0},{"not_picked":["Intimidate","Body Slam"],"picked":"Cleave","floor":8.0},{"not_picked":["Berserk","Warcry"],"picked":"Disarm","floor":11.0},{"not_picked":["Flex","Armaments","Sever Soul"],"picked":"SKIP","floor":14.0},{"not_picked":["Fiend Fire","Exhume"],"picked":"Offering","floor":16.0},{"not_picked":["Body Slam","Clothesline"],"picked":"Combust","floor":18.0},{"not_picked":["Clothesline","Metallicize"],"picked":"Combust","floor":19.0},{"not_picked":["Cleave+1","Fire Breathing+1","Twin Strike"],"picked":"SKIP","floor":25.0},{"not_picked":["Juggernaut","Headbutt"],"picked":"Shrug It Off","floor":28.0},{"not_picked":["Carnage","Sword Boomerang+1"],"picked":"Sentinel+1","floor":30.0},{"not_picked":["Perfected Strike","Fire Breathing","Spot Weakness"],"picked":"SKIP","floor":31.0},{"not_picked":["Juggernaut","Bludgeon"],"picked":"Impervious","floor":33.0},{"not_picked":["Shrug It Off","Havoc"],"picked":"Flame Barrier","floor":35.0},{"not_picked":["Warcry","Clothesline","Pommel Strike"],"picked":"SKIP","floor":39.0},{"not_picked":["Cleave","Sword Boomerang","Clothesline+1"],"picked":"SKIP","floor":41.0},{"not_picked":["Dramatic Entrance","Magnetism"],"picked":"Dark Shackles","floor":42.0},{"not_picked":["Hemokinesis","Cleave","Thunderclap"],"picked":"SKIP","floor":45.0},{"not_picked":["Warcry","Wild Strike"],"picked":"Whirlwind","floor":46.0}],"player_experience":930458,"relics_obtained":[{"floor":7.0,"key":"Ginger"},{"floor":9.0,"key":"Juzu Bracelet"},{"floor":11.0,"key":"Centennial Puzzle"},{"floor":14.0,"key":"Smiling Mask"},{"floor":24.0,"key":"Red Mask"},{"floor":25.0,"key":"Regal Pillow"},{"floor":26.0,"key":"Letter Opener"},{"floor":43.0,"key":"Omamori"},{"floor":46.0,"key":"Mango"}],"event_choices":[{"damage_healed":0.0,"max_hp_gain":0.0,"max_hp_loss":0.0,"gold_gain":0.0,"event_name":"FaceTrader","player_choice":"Trade","floor":12.0,"gold_loss":0.0,"damage_taken":0.0,"relics_obtained":["FaceOfCleric"]},{"cards_removed":["Sever Soul"],"damage_healed":0.0,"max_hp_gain":0.0,"max_hp_loss":0.0,"gold_gain":0.0,"event_name":"Back to Basics","player_choice":"Elegance","floor":20.0,"gold_loss":0.0,"damage_taken":0.0},{"damage_healed":0.0,"max_hp_gain":0.0,"max_hp_loss":0.0,"gold_gain":0.0,"event_name":"The Mausoleum","player_choice":"Ignored","floor":22.0,"gold_loss":0.0,"damage_taken":0.0},{"damage_healed":0.0,"max_hp_gain":0.0,"max_hp_loss":0.0,"gold_gain":0.0,"event_name":"Masked Bandits","player_choice":"Fought Bandits","floor":24.0,"gold_loss":0.0,"damage_taken":0.0},{"damage_healed":0.0,"max_hp_gain":0.0,"max_hp_loss":0.0,"gold_gain":0.0,"cards_transformed":["Barricade"],"event_name":"Transmorgrifier","player_choice":"Transformed","floor":29.0,"gold_loss":0.0,"damage_taken":0.0,"cards_obtained":["Cleave"]},{"damage_healed":0.0,"max_hp_gain":0.0,"max_hp_loss":0.0,"gold_gain":0.0,"event_name":"Lab","player_choice":"Got Potions","floor":37.0,"gold_loss":0.0,"damage_taken":0.0},{"damage_healed":0.0,"max_hp_gain":0.0,"max_hp_loss":0.0,"gold_gain":222.0,"event_name":"Tomb of Lord Red Mask","player_choice":"Wore Mask","floor":38.0,"gold_loss":0.0,"damage_taken":0.0},{"damage_healed":0.0,"max_hp_gain":0.0,"max_hp_loss":0.0,"gold_gain":0.0,"event_name":"SensoryStone","player_choice":"Memory 1","floor":42.0,"gold_loss":0.0,"damage_taken":0.0},{"damage_healed":0.0,"max_hp_gain":0.0,"max_hp_loss":0.0,"gold_gain":0.0,"event_name":"Mysterious Sphere","player_choice":"Fight","floor":46.0,"gold_loss":0.0,"damage_taken":0.0},{"cards_removed":["Inflame"],"damage_healed":0.0,"max_hp_gain":0.0,"max_hp_loss":0.0,"gold_gain":0.0,"event_name":"Falling","player_choice":"Removed Power","floor":48.0,"gold_loss":0.0,"damage_taken":0.0}],"is_beta":false,"boss_relics":[{"not_picked":["Orrery","Lizard Tail"],"picked":"Pandora\u0027s Box"},{"not_picked":["Astrolabe","Calling Bell"],"picked":"Snecko Eye"}],"items_purged_floors":[13,36,47],"is_endless":false,"potions_floor_spawned":[1,4,8,11,14,16,28,30,31,33,45,46],"ascension_level":20}