{"gold_per_floor":[118,193,203,80,80,123,141,176,176,176,194,208,208,19,19,149,149,167,167,167,186,186,207,207,231,231,231],"floor_reached":27,"playtime":1536,"items_purged":["Strike_R"],"score":248,"play_id":"b51c3b5d-7114-4f14-a66c-0436be1594fb","local_time":"20190207170330","is_ascension_mode":false,"campfire_choices":[{"data":"Rampage","floor":10,"key":"SMITH"},{"data":"Armaments","floor":13,"key":"SMITH"},{"data":"Offering","floor":15,"key":"SMITH"}],"neow_cost":"NONE","seed_source_timestamp":340587545663841,"circlet_count":0,"master_deck":["Bash","Iron Wave","Armaments+1","Exhume","Spot Weakness","Rampage+1","True Grit","Pommel Strike","Anger","Offering+1","Immolate","Pommel Strike","Feel No Pain","Iron Wave","Limit Break","Disarm","Sword Boomerang","Shockwave","True Grit","Shrug It Off","Writhe","Heavy Blade","Shrug It Off+1","Clothesline","Second Wind"],"relics":["Burning Blood","NeowsBlessing","Golden Idol","Dodecahedron","Letter Opener","Shuriken","Pandora\u0027s Box","Prayer Wheel","Unceasing Top"],"potions_floor_usage":[8,8,16,16,21],"damage_taken":[{"damage":0,"enemies":"2 Louse","floor":1,"turns":1},{"damage":0,"enemies":"Jaw Worm","floor":3,"turns":1},{"damage":0,"enemies":"Gremlin Nob","floor":6,"turns":1},{"damage":0,"enemies":"Small Slimes","floor":7,"turns":3},{"damage":16,"enemies":"3 Sentries","floor":8,"turns":9},{"damage":14,"enemies":"Gremlin Gang","floor":11,"turns":5},{"damage":12,"enemies":"Exordium Thugs","floor":12,"turns":6},{"damage":37,"enemies":"The Guardian","floor":16,"turns":11},{"damage":21,"enemies":"Spheric Guardian","floor":18,"turns":4},{"damage":12,"enemies":"Shell Parasite","floor":21,"turns":7},{"damage":46,"enemies":"3 Cultists","floor":23,"turns":6},{"damage":9,"enemies":"Snake Plant","floor":25,"turns":8},{"damage":5,"enemies":"Centurion and Healer","floor":27,"turns":2}],"seed_played":"6895495060605131225","potions_obtained":[{"floor":1,"key":"Explosive Potion"},{"floor":3,"key":"BloodPotion"},{"floor":8,"key":"SteroidPotion"},{"floor":11,"key":"Swift Potion"},{"floor":18,"key":"PowerPotion"},{"floor":21,"key":"SteroidPotion"}],"is_trial":false,"path_per_floor":["M","?","M","$","?","E","M","E","T","R","M","M","R","$","R","B",null,"M","?","?","M","$","M","T","M","T","M"],"character_chosen":"IRONCLAD","items_purchased":["Armaments","Anger","Offering"],"campfire_rested":0,"item_purchase_floors":[4,14,14],"current_hp_per_floor":[80,69,75,75,55,61,67,65,65,65,57,51,51,51,51,20,80,65,65,65,59,59,19,19,16,16,11],"gold":231,"neow_bonus":"THREE_ENEMY_KILL","is_prod":false,"is_daily":false,"chose_seed":false,"campfire_upgraded":3,"win_rate":0.0,"timestamp":1549555410,"path_taken":["M","?","M","$","?","E","M","E","T","R","M","M","R","$","R","BOSS","M","?","?","M","$","?","?","M","T","M"],"build_version":"2019-01-23","purchased_purges":1,"victory":false,"max_hp_per_floor":[80,80,80,80,80,80,80,80,80,80,80,80,80,80,80,80,80,80,80,80,80,80,80,80,80,80,80],"card_choices":[{"not_picked":["Second Wind","True Grit"],"picked":"Iron Wave","floor":1},{"not_picked":["Feel No Pain","Wild Strike","Perfected Strike"],"picked":"SKIP","floor":3},{"not_picked":["Clash","Flex"],"picked":"Exhume","floor":6},{"not_picked":["Iron Wave","Infernal Blade"],"picked":"Spot Weakness","floor":7},{"not_picked":["Clash","Reckless Charge"],"picked":"Rampage","floor":8},{"not_picked":["Reckless Charge","Body Slam"],"picked":"True Grit","floor":11},{"not_picked":["Second Wind","Wild Strike"],"picked":"Pommel Strike","floor":12},{"not_picked":["Offering","Demon Form"],"picked":"Immolate","floor":16},{"not_picked":["Perfected Strike","Corruption"],"picked":"Shockwave","floor":18},{"not_picked":["Evolve+1","Wild Strike"],"picked":"Heavy Blade","floor":21},{"not_picked":["Thunderclap","Body Slam"],"picked":"Shrug It Off+1","floor":23},{"not_picked":["Warcry+1","Shrug It Off"],"picked":"Clothesline","floor":25},{"not_picked":["Shrug It Off","Rampage+1"],"picked":"Second Wind","floor":25}],"player_experience":50592,"relics_obtained":[{"floor":6,"key":"Dodecahedron"},{"floor":8,"key":"Letter Opener"},{"floor":9,"key":"Shuriken"},{"floor":24,"key":"Prayer Wheel"},{"floor":26,"key":"Unceasing Top"}],"event_choices":[{"damage_healed":0,"gold_gain":75,"player_choice":"Gather Gold","damage_taken":11,"max_hp_gain":0,"max_hp_loss":0,"event_name":"World of Goop","floor":2,"gold_loss":0},{"damage_healed":0,"gold_gain":0,"player_choice":"Take Damage","damage_taken":20,"relics_obtained":["Golden Idol"],"max_hp_gain":0,"max_hp_loss":0,"event_name":"Golden Idol","floor":5,"gold_loss":0},{"damage_healed":0,"gold_gain":0,"cards_transformed":["Fire Breathing","Flex"],"player_choice":"Became Test Subject","damage_taken":0,"max_hp_gain":0,"max_hp_loss":0,"event_name":"Drug Dealer","floor":19,"gold_loss":0,"cards_obtained":["True Grit","Shrug It Off"]},{"damage_healed":0,"gold_gain":0,"player_choice":"1 cards matched","damage_taken":0,"max_hp_gain":0,"max_hp_loss":0,"event_name":"Match and Keep!","floor":20,"gold_loss":0,"cards_obtained":["Writhe"]}],"is_beta":false,"boss_relics":[{"not_picked":["Coffee Dripper","Tiny House"],"picked":"Pandora\u0027s Box"}],"items_purged_floors":[4],"is_endless":false,"potions_floor_spawned":[1,3,8,11,18,21],"killed_by":"Centurion and Healer","ascension_level":0}