{"gold_per_floor":[117,136,155,155,36,36,36,69,69,94,108,125,125,125,125,220,220,233,158,58,68,84,84,111,123,123,123,123,137,137,150,150,246,246,263,12,27,27,40,69,69,85,131,163,183,199,209,258,258,258],"floor_reached":50,"playtime":7199,"items_purged":["Normality","Normality","Clumsy"],"score":636,"play_id":"dc3360f0-20a2-40f7-b68a-2dcf278b85d6","local_time":"20190216213908","is_ascension_mode":false,"campfire_choices":[{"data":"Aggregate","floor":6,"key":"SMITH"},{"floor":13,"key":"REST"},{"floor":15,"key":"REST"},{"floor":23,"key":"REST"},{"floor":28,"key":"REST"},{"floor":30,"key":"REST"},{"floor":32,"key":"REST"},{"data":"Redo","floor":41,"key":"SMITH"},{"data":"Zap","floor":49,"key":"SMITH"}],"neow_cost":"NONE","seed_source_timestamp":497532639542981,"circlet_count":0,"master_deck":["Strike_B+1","Strike_B","Strike_B","Defend_B","Defend_B","Defend_B","Zap+1","Dualcast","Reprogram","Aggregate+1","Stack","Leap","Iron Wave","Stack","Cold Snap+1","Redo+1","Steam+1","Double Energy+1","Streamline","Redo+1","Good Instincts+1","Zap+1","Reboot+1","Leap+1","Aggregate+1","Redo+1","Rip and Tear+1","Conserve Battery+1","Hologram+1","Cold Snap+1","Reboot+1","Gash+1","Redo+1","Deep Breath+1","Double Energy+1","Ball Lightning+1","Self Repair","Compile Driver+1","Redo+1","Ball Lightning+1","Go for the Eyes+1","Beam Cell+1","Fusion+1"],"relics":["Cracked Core","Toxic Egg 2","Pantograph","Bag of Preparation","Calling Bell","Omamori","Gremlin Horn","Unceasing Top","Boot","Molten Egg 2","Enchiridion","Nuclear Battery","Whetstone","PreservedInsect","Strawberry","FossilizedHelix"],"potions_floor_usage":[10,16,16,16,16,18,21,22,24,33,40,40,40,44,45,48,50,50],"damage_taken":[{"damage":1,"enemies":"Cultist","floor":1,"turns":3},{"damage":1,"enemies":"2 Louse","floor":2,"turns":2},{"damage":9,"enemies":"Jaw Worm","floor":3,"turns":4},{"damage":22,"enemies":"3 Sentries","floor":8,"turns":12},{"damage":24,"enemies":"Lagavulin","floor":10,"turns":6},{"damage":1,"enemies":"2 Fungi Beasts","floor":11,"turns":4},{"damage":0,"enemies":"Lots of Slimes","floor":12,"turns":4},{"damage":9,"enemies":"Hexaghost","floor":16,"turns":10},{"damage":10,"enemies":"3 Byrds","floor":18,"turns":4},{"damage":6,"enemies":"Shell Parasite","floor":21,"turns":6},{"damage":13,"enemies":"Snake Plant","floor":22,"turns":5},{"damage":0,"enemies":"Gremlin Leader","floor":24,"turns":3},{"damage":35,"enemies":"Cultist and Chosen","floor":25,"turns":8},{"damage":16,"enemies":"Snecko","floor":29,"turns":5},{"damage":6,"enemies":"Shelled Parasite and Fungi","floor":31,"turns":3},{"damage":48,"enemies":"Collector","floor":33,"turns":16},{"damage":5,"enemies":"3 Shapes","floor":35,"turns":2},{"damage":0,"enemies":"3 Darklings","floor":37,"turns":1},{"damage":0,"enemies":"Maw","floor":39,"turns":1},{"damage":2,"enemies":"Reptomancer","floor":40,"turns":3},{"damage":0,"enemies":"Writhing Mass","floor":42,"turns":1},{"damage":18,"enemies":"Nemesis","floor":44,"turns":5},{"damage":0,"enemies":"Jaw Worm Horde","floor":45,"turns":1},{"damage":0,"enemies":"Sphere and 2 Shapes","floor":46,"turns":1},{"damage":4,"enemies":"3 Darklings","floor":47,"turns":2},{"damage":0,"enemies":"2 Orb Walkers","floor":48,"turns":3},{"damage":90,"enemies":"Time Eater","floor":50,"turns":8}],"seed_played":"3377951291131806440","potions_obtained":[{"floor":1,"key":"LiquidBronze"},{"floor":8,"key":"Ancient Potion"},{"floor":10,"key":"Swift Potion"},{"floor":11,"key":"EntropicBrew"},{"floor":18,"key":"SkillPotion"},{"floor":21,"key":"AttackPotion"},{"floor":31,"key":"Ancient Potion"},{"floor":35,"key":"Weak Potion"},{"floor":38,"key":"Fire Potion"},{"floor":38,"key":"PowerPotion"},{"floor":42,"key":"EssenceOfSteel"},{"floor":44,"key":"GamblersBrew"},{"floor":46,"key":"FearPotion"},{"floor":47,"key":"Poison Potion"},{"floor":48,"key":"Strength Potion"}],"is_trial":false,"path_per_floor":["M","M","M","?","$","R","?","E","T","E","M","M","R","?","R","B",null,"M","$","$","M","M","R","E","M","T","?","R","M","R","M","R","B",null,"M","$","M","?","M","E","R","M","T","E","M","M","M","?","R","B"],"character_chosen":"DEFECT","items_purchased":["Stack","Cold Snap","Redo","Redo+1","Deep Breath+1"],"campfire_rested":6,"item_purchase_floors":[5,5,5,36,36],"current_hp_per_floor":[74,73,64,64,64,64,69,47,47,23,22,22,46,46,70,71,80,70,70,70,64,51,75,75,40,40,24,48,32,56,50,74,32,80,75,75,75,75,75,73,73,80,80,76,83,87,87,87,87,0],"gold":258,"neow_bonus":"TRANSFORM_CARD","is_prod":false,"is_daily":false,"chose_seed":false,"campfire_upgraded":3,"win_rate":0.0,"timestamp":1550371148,"path_taken":["M","?","?","?","?","R","?","E","T","E","M","?","R","?","R","BOSS","M","?","$","M","M","R","E","M","T","?","R","M","R","M","R","BOSS","M","$","M","?","M","E","R","M","T","E","M","?","M","?","R","BOSS"],"build_version":"2019-01-23","purchased_purges":3,"victory":false,"max_hp_per_floor":[75,75,75,75,75,75,80,80,80,80,80,80,80,80,80,80,80,80,80,80,80,80,80,80,80,80,80,80,80,80,80,80,80,80,80,80,80,80,80,80,80,80,80,87,87,87,87,87,87,87],"card_choices":[{"not_picked":["Sweeping Beam","Leap"],"picked":"Aggregate","floor":1},{"not_picked":["Chill","Rip and Tear"],"picked":"Stack","floor":2},{"not_picked":["Beam Cell","Consume"],"picked":"Leap","floor":3},{"not_picked":["Doom and Gloom","Streamline"],"picked":"Steam","floor":8},{"not_picked":["Undo+1","Compile Driver"],"picked":"Double Energy+1","floor":10},{"not_picked":["Go for the Eyes","Barrage"],"picked":"Streamline","floor":11},{"not_picked":["Sweeping Beam","Barrage"],"picked":"Redo+1","floor":12},{"not_picked":["Creative AI","Biased Cognition"],"picked":"Reboot+1","floor":16},{"not_picked":["Rebound","Go for the Eyes"],"picked":"Leap+1","floor":18},{"not_picked":["Streamline","Steam Power+1"],"picked":"Aggregate+1","floor":21},{"not_picked":["Melter","Compile Driver"],"picked":"Redo+1","floor":22},{"not_picked":["Melter","Leap+1"],"picked":"Rip and Tear+1","floor":24},{"not_picked":["Steam+1","Rebound"],"picked":"Conserve Battery+1","floor":25},{"not_picked":["Coolheaded+1","Streamline+1"],"picked":"Hologram+1","floor":29},{"not_picked":["Compile Driver+1","Reinforced Body+1"],"picked":"Cold Snap+1","floor":31},{"not_picked":["Amplify+1","Echo Form"],"picked":"Reboot+1","floor":33},{"not_picked":["Loop","Steam+1"],"picked":"Gash+1","floor":35},{"not_picked":["Barrage+1","Coolheaded+1"],"picked":"Double Energy+1","floor":37},{"not_picked":["Barrage+1","Capacitor+1"],"picked":"Ball Lightning+1","floor":39},{"not_picked":["Seek+1","Hologram+1"],"picked":"Self Repair","floor":40},{"not_picked":["Barrage+1","Static Discharge+1"],"picked":"Compile Driver+1","floor":42},{"not_picked":["Genetic Algorithm+1","Hologram+1"],"picked":"Redo+1","floor":44},{"not_picked":["Hello World","Stack+1"],"picked":"Ball Lightning+1","floor":45},{"not_picked":["Darkness+1","Heatsinks+1"],"picked":"Go for the Eyes+1","floor":46},{"not_picked":["Rebound+1","Genetic Algorithm+1"],"picked":"Beam Cell+1","floor":47},{"not_picked":["Glacier+1","Sweeping Beam+1"],"picked":"Fusion+1","floor":48}],"player_experience":47261,"relics_obtained":[{"floor":8,"key":"Toxic Egg 2"},{"floor":9,"key":"Pantograph"},{"floor":10,"key":"Bag of Preparation"},{"floor":17,"key":"Omamori"},{"floor":17,"key":"Gremlin Horn"},{"floor":17,"key":"Unceasing Top"},{"floor":24,"key":"Boot"},{"floor":26,"key":"Molten Egg 2"},{"floor":27,"key":"Enchiridion"},{"floor":40,"key":"Whetstone"},{"floor":43,"key":"PreservedInsect"},{"floor":44,"key":"Strawberry"},{"floor":48,"key":"FossilizedHelix"}],"event_choices":[{"cards_removed":["Defend_B"],"damage_healed":0,"gold_gain":0,"player_choice":"Took Card","damage_taken":0,"max_hp_gain":0,"max_hp_loss":0,"event_name":"NoteForYourself","floor":4,"gold_loss":0,"cards_obtained":["Iron Wave"]},{"damage_healed":0,"gold_gain":0,"player_choice":"Donut","damage_taken":0,"max_hp_gain":5,"max_hp_loss":0,"event_name":"Big Fish","floor":7,"gold_loss":0},{"damage_healed":0,"gold_gain":0,"player_choice":"2 cards matched","damage_taken":0,"max_hp_gain":0,"max_hp_loss":0,"event_name":"Match and Keep!","floor":14,"gold_loss":0,"cards_obtained":["Good Instincts","Zap"]},{"damage_healed":0,"gold_gain":0,"player_choice":"Obtained Book","damage_taken":16,"max_hp_gain":0,"max_hp_loss":0,"event_name":"Cursed Tome","floor":27,"gold_loss":0},{"damage_healed":0,"gold_gain":0,"player_choice":"Got Potions","damage_taken":0,"max_hp_gain":0,"max_hp_loss":0,"event_name":"Lab","floor":38,"gold_loss":0},{"damage_healed":0,"gold_gain":0,"player_choice":"Fight","damage_taken":0,"max_hp_gain":0,"max_hp_loss":0,"event_name":"Mysterious Sphere","floor":48,"gold_loss":0}],"is_beta":false,"boss_relics":[{"not_picked":["Coffee Dripper","Black Star"],"picked":"Calling Bell"},{"not_picked":["Empty Cage","Lizard Tail"],"picked":"Nuclear Battery"}],"items_purged_floors":[19,20,36],"is_endless":false,"potions_floor_spawned":[1,8,10,11,18,21,31,35,42,44,46,47,48],"killed_by":"Time Eater","ascension_level":0}