{"gold_per_floor":[114,114,125,200,200,231,19,46,46,77,91,91,106,117,117,190,190,210,226,226,226,46,76,88,88,88,122,122,132,132,143,143,219,219,233,246,246,264,364,364,399,337,360,376,376,24,59,73,73,73,73,73,73,14,14],"floor_reached":55,"playtime":3343,"items_purged":["Defend_B"],"score":1970,"play_id":"16951276-5927-48d9-a39f-f6cc79e47fc4","local_time":"20190216001738","is_ascension_mode":true,"campfire_choices":[{"floor":12.0,"key":"REST"},{"data":"Loop","floor":15.0,"key":"SMITH"},{"floor":25.0,"key":"REST"},{"data":"Fission","floor":28.0,"key":"SMITH"},{"data":"Defragment","floor":30.0,"key":"SMITH"},{"floor":32.0,"key":"REST"},{"floor":40.0,"key":"REST"},{"floor":45.0,"key":"RECALL"},{"floor":49,"key":"REST"},{"data":"Defragment","floor":53,"key":"SMITH"}],"neow_cost":"NONE","seed_source_timestamp":140483308457339,"circlet_count":0,"master_deck":["AscendersBane","Zap","Dualcast","Leap","Sunder","Conserve Battery","Beam Cell+1","Conserve Battery","Go for the Eyes+1","FTL+1","All For One+1","Loop+1","Compile Driver+1","Auto Shields","Coolheaded","White Noise","Seek","Echo Form","Fission+1","Core Surge+1","Capacitor","Melter+1","Capacitor","Sunder+1","Streamline+1","Ball Lightning+1","Defragment+1","Master of Strategy","Cold Snap+1","Beam Cell+1","Leap","Defragment+1","Conserve Battery+1","Beam Cell+1","Aggregate","Electrodynamics","Reinforced Body","Coolheaded","Go for the Eyes+1","Go for the Eyes+1","Hologram","White Noise+1","Glacier+1","Coolheaded+1","Reinforced Body+1","Consume+1"],"special_seed":0,"relics":["Cracked Core","NeowsBlessing","Molten Egg 2","Prayer Wheel","Blue Candle","Orichalcum","Pandora\u0027s Box","Dodecahedron","The Courier","Symbiotic Virus","Philosopher\u0027s Stone","Shovel","Darkstone Periapt","Strawberry","Toxic Egg 2","FossilizedHelix"],"potions_floor_usage":[48,50,51],"damage_taken":[{"damage":0.0,"enemies":"Cultist","floor":1.0,"turns":1.0},{"damage":0.0,"enemies":"2 Louse","floor":3.0,"turns":1.0},{"damage":0.0,"enemies":"Gremlin Nob","floor":6.0,"turns":1.0},{"damage":18.0,"enemies":"Lagavulin","floor":8.0,"turns":7.0},{"damage":16.0,"enemies":"3 Sentries","floor":10.0,"turns":7.0},{"damage":0.0,"enemies":"Jaw Worm","floor":11.0,"turns":2.0},{"damage":2.0,"enemies":"Large Slime","floor":13.0,"turns":3.0},{"damage":9.0,"enemies":"Gremlin Gang","floor":14.0,"turns":3.0},{"damage":15.0,"enemies":"The Guardian","floor":16.0,"turns":9.0},{"damage":29.0,"enemies":"Chosen","floor":18.0,"turns":6.0},{"damage":9.0,"enemies":"3 Byrds","floor":19.0,"turns":5.0},{"damage":47.0,"enemies":"Slavers","floor":23.0,"turns":6.0},{"damage":15.0,"enemies":"Cultist and Chosen","floor":24.0,"turns":5.0},{"damage":13.0,"enemies":"Book of Stabbing","floor":27.0,"turns":4.0},{"damage":3.0,"enemies":"Chosen and Byrds","floor":29.0,"turns":4.0},{"damage":4.0,"enemies":"3 Cultists","floor":31.0,"turns":3.0},{"damage":3.0,"enemies":"Champ","floor":33.0,"turns":9.0},{"damage":13.0,"enemies":"3 Darklings","floor":35.0,"turns":5.0},{"damage":20.0,"enemies":"3 Shapes","floor":36.0,"turns":4.0},{"damage":4.0,"enemies":"Transient","floor":38.0,"turns":6.0},{"damage":4.0,"enemies":"Mind Bloom Boss Battle","floor":39.0,"turns":6.0},{"damage":19.0,"enemies":"Reptomancer","floor":41.0,"turns":7.0},{"damage":0.0,"enemies":"Sphere and 2 Shapes","floor":44.0,"turns":3.0},{"damage":18.0,"enemies":"Nemesis","floor":47.0,"turns":5.0},{"damage":0,"enemies":"Jaw Worm Horde","floor":48,"turns":4},{"damage":51,"enemies":"Time Eater","floor":50,"turns":13},{"damage":18,"enemies":"Awakened One","floor":51,"turns":18},{"damage":81,"enemies":"Shield and Spear","floor":55,"turns":5}],"seed_played":"-5258789357016617335","potions_obtained":[{"floor":6.0,"key":"FearPotion"},{"floor":8.0,"key":"FearPotion"},{"floor":10.0,"key":"PowerPotion"},{"floor":14.0,"key":"FocusPotion"},{"floor":19.0,"key":"Regen Potion"},{"floor":27.0,"key":"FearPotion"},{"floor":31.0,"key":"Regen Potion"},{"floor":33.0,"key":"GamblersBrew"},{"floor":39.0,"key":"Weak Potion"},{"floor":41.0,"key":"Fruit Juice"},{"floor":48,"key":"Strength Potion"}],"is_trial":false,"path_per_floor":["M","?","M","?","?","E","$","E","T","E","M","R","M","M","R","B",null,"M","M","?","?","$","E","M","R","T","E","R","M","R","M","R","B",null,"M","M","?","M","?","R","E","?","T","M","R","$","E","M","R","B","B",null,"R","$","E"],"character_chosen":"DEFECT","items_purchased":["Beam Cell+1","Explosive Potion","Conserve Battery","Master of Strategy","Toxic Egg 2","Glacier+1","Coolheaded+1","PowerPotion","Consume+1"],"campfire_rested":5,"item_purchase_floors":[7,7,7,22,46,46,46,46,54],"current_hp_per_floor":[64,69,69,58,58,58,58,40,40,24,24,46,44,35,35,20,62,33,24,24,86,86,51,36,61,61,48,48,45,45,41,66,78,84,71,51,51,47,43,67,48,55,55,55,55,60,42,42,70,19,1,71,71,71,0],"gold":14,"neow_bonus":"THREE_ENEMY_KILL","is_prod":false,"is_daily":false,"chose_seed":false,"campfire_upgraded":4,"win_rate":0,"timestamp":1550294258,"path_taken":["M","?","M","?","?","E","$","E","T","E","M","R","M","M","R","BOSS","M","M","?","?","$","E","M","R","T","E","R","M","R","M","R","BOSS","M","?","?","M","?","R","E","?","T","M","R","$","E","?","R","BOSS","BOSS","R","$","E"],"build_version":"2019-01-23","purchased_purges":1,"victory":false,"max_hp_per_floor":[71,76,76,76,76,76,76,76,76,76,76,76,76,76,76,76,76,76,76,76,86,86,86,86,86,86,86,86,86,86,86,86,86,86,86,86,82,82,82,82,82,89,89,89,89,94,94,94,94,94,94,94,94,94,94],"card_choices":[{"not_picked":["Rebound","Go for the Eyes"],"picked":"Leap","floor":1.0},{"not_picked":["Compile Driver","Conserve Battery"],"picked":"Sunder","floor":3.0},{"not_picked":["Rebound","Gash"],"picked":"Conserve Battery","floor":6.0},{"not_picked":["Beam Cell+1","Redo"],"picked":"Go for the Eyes+1","floor":8.0},{"not_picked":["Doom and Gloom+1","Rebound+1"],"picked":"FTL+1","floor":10.0},{"not_picked":["Beam Cell+1","Chaos"],"picked":"All For One+1","floor":11.0},{"not_picked":["Fusion","Double Energy"],"picked":"Loop","floor":11.0},{"not_picked":["Hello World","Gash+1"],"picked":"Compile Driver+1","floor":13.0},{"not_picked":["Leap","Barrage+1"],"picked":"Auto Shields","floor":13.0},{"not_picked":["Compile Driver+1","Force Field"],"picked":"Coolheaded","floor":14.0},{"not_picked":["Leap","Barrage+1"],"picked":"White Noise","floor":14.0},{"not_picked":["Thunder Strike+1","Reboot"],"picked":"Seek","floor":16.0},{"not_picked":["Chaos","Capacitor"],"picked":"Sunder+1","floor":18.0},{"not_picked":["Ball Lightning+1","Tempest+1"],"picked":"Streamline+1","floor":18.0},{"not_picked":["Aggregate","Recycle"],"picked":"Ball Lightning+1","floor":19.0},{"not_picked":["Compile Driver+1","Self Repair","Blizzard+1"],"picked":"SKIP","floor":19.0},{"not_picked":["Stack","Coolheaded+1"],"picked":"Cold Snap+1","floor":23.0},{"not_picked":["Rip and Tear+1","Steam Power"],"picked":"Beam Cell+1","floor":24.0},{"not_picked":["Auto Shields","Storm"],"picked":"Leap","floor":24.0},{"not_picked":["Lockon+1","Doom and Gloom+1"],"picked":"Defragment","floor":27.0},{"not_picked":["Streamline+1","Cold Snap+1"],"picked":"Conserve Battery+1","floor":29.0},{"not_picked":["Gash+1","Lockon+1","Hello World"],"picked":"SKIP","floor":29.0},{"not_picked":["Stack","Coolheaded"],"picked":"Beam Cell+1","floor":31.0},{"not_picked":["Aggregate","Beam Cell+1","Conserve Battery"],"picked":"SKIP","floor":31.0},{"not_picked":["Beam Cell+1","Conserve Battery"],"picked":"Aggregate","floor":31.0},{"not_picked":["Core Surge+1","Multi-Cast"],"picked":"Electrodynamics","floor":33.0},{"not_picked":["Turbo","Hello World"],"picked":"Reinforced Body","floor":35.0},{"not_picked":["Rip and Tear+1","Ball Lightning+1","Beam Cell+1"],"picked":"SKIP","floor":35.0},{"not_picked":["Amplify","Sweeping Beam+1"],"picked":"Coolheaded","floor":36.0},{"not_picked":["Fusion","Compile Driver+1","Rip and Tear+1"],"picked":"SKIP","floor":36.0},{"not_picked":["Fusion","Compile Driver+1","Rip and Tear+1"],"picked":"SKIP","floor":36.0},{"not_picked":["Skim","Streamline+1"],"picked":"Go for the Eyes+1","floor":38.0},{"not_picked":["Barrage+1","Streamline+1"],"picked":"Go for the Eyes+1","floor":38.0},{"not_picked":["Gash+1","Auto Shields+1"],"picked":"Hologram","floor":41.0},{"not_picked":["Turbo","Rebound+1"],"picked":"White Noise+1","floor":44.0},{"not_picked":["Stack","Beam Cell+1","Rip and Tear+1"],"picked":"SKIP","floor":44.0},{"not_picked":["Ball Lightning+1","Sweeping Beam+1","Melter+1"],"picked":"SKIP","floor":47.0},{"not_picked":["Barrage+1","Chill+1"],"picked":"Reinforced Body+1","floor":48},{"not_picked":["Chaos+1","Genetic Algorithm+1","Meteor Strike+1"],"picked":"SKIP","floor":48}],"player_experience":948733,"relics_obtained":[{"floor":6.0,"key":"Molten Egg 2"},{"floor":8.0,"key":"Prayer Wheel"},{"floor":9.0,"key":"Blue Candle"},{"floor":10.0,"key":"Orichalcum"},{"floor":23.0,"key":"Dodecahedron"},{"floor":26.0,"key":"The Courier"},{"floor":27.0,"key":"Symbiotic Virus"},{"floor":39.0,"key":"Shovel"},{"floor":41.0,"key":"Darkstone Periapt"},{"floor":47.0,"key":"FossilizedHelix"}],"event_choices":[{"damage_healed":0.0,"max_hp_gain":5.0,"max_hp_loss":0.0,"gold_gain":0.0,"event_name":"Big Fish","player_choice":"Donut","floor":2.0,"gold_loss":0.0,"damage_taken":0.0},{"damage_healed":0.0,"max_hp_gain":0.0,"max_hp_loss":0.0,"gold_gain":75.0,"event_name":"World of Goop","player_choice":"Gather Gold","floor":4.0,"gold_loss":0.0,"damage_taken":11.0},{"damage_healed":0.0,"max_hp_gain":0.0,"max_hp_loss":0.0,"gold_gain":0.0,"event_name":"The Cleric","player_choice":"Leave","floor":5.0,"gold_loss":0.0,"damage_taken":0.0},{"damage_healed":0.0,"max_hp_gain":0.0,"max_hp_loss":0.0,"gold_gain":0.0,"event_name":"The Library","player_choice":"Read","floor":20.0,"gold_loss":0.0,"damage_taken":0.0,"cards_obtained":["Defragment"]},{"cards_removed":["Machine Learning"],"damage_healed":52.0,"max_hp_gain":10.0,"max_hp_loss":0.0,"gold_gain":0.0,"event_name":"Bonfire Elementals","player_choice":"Offered Rare","floor":21.0,"gold_loss":0.0,"damage_taken":0.0},{"damage_healed":0.0,"max_hp_gain":0.0,"max_hp_loss":4.0,"gold_gain":0.0,"event_name":"Winding Halls","player_choice":"Max HP","floor":37.0,"gold_loss":0.0,"damage_taken":0.0},{"damage_healed":0.0,"max_hp_gain":0.0,"max_hp_loss":0.0,"gold_gain":0.0,"event_name":"MindBloom","player_choice":"Fight","floor":39.0,"gold_loss":0.0,"damage_taken":0.0},{"damage_healed":0.0,"max_hp_gain":0.0,"max_hp_loss":0.0,"gold_gain":0.0,"event_name":"WeMeetAgain","player_choice":"Paid Gold","floor":42.0,"gold_loss":62.0,"damage_taken":0.0,"relics_obtained":["Strawberry"]}],"is_beta":false,"boss_relics":[{"not_picked":["Velvet Choker","Cursed Key"],"picked":"Pandora\u0027s Box"},{"not_picked":["Astrolabe","FrozenCore"],"picked":"Philosopher\u0027s Stone"}],"items_purged_floors":[7],"is_endless":false,"potions_floor_spawned":[6,8,10,14,19,27,31,33,36,39,41,48],"killed_by":"Shield and Spear","ascension_level":20}