{"gold_per_floor":[116,66,66,79,4,35,35,61,61,61,72,86,99,131,131,231,231,242,254,254,354,368,368,368,697,697,723,738,738,748,766,766,867,867,882,277,322,322,339,367,367,395,395,420,420,420,438,452,452,452,452,452,97,122,122],"floor_reached":55,"playtime":5961,"items_purged":["Strike_G","Shame"],"score":1004,"play_id":"9b1e76f7-a81f-4a69-8541-64fc9015a003","local_time":"20190205205739","is_ascension_mode":true,"campfire_choices":[{"data":"Infinite Blades","floor":7.0,"key":"SMITH"},{"data":"Neutralize","floor":10.0,"key":"SMITH"},{"floor":15.0,"key":"REST"},{"data":"Infinite Blades","floor":23.0,"key":"SMITH"},{"data":"Choke","floor":29.0,"key":"SMITH"},{"floor":32.0,"key":"REST"},{"floor":49,"key":"RECALL"},{"data":"Backstab","floor":52,"key":"SMITH"}],"neow_cost":"TEN_PERCENT_HP_LOSS","seed_source_timestamp":0,"circlet_count":0,"master_deck":["Defend_G+1","Defend_G+1","Defend_G+1","Strike_G+1","Strike_G+1","Strike_G+1","Survivor+1","Neutralize+1","Terror+1","Infinite Blades+1","Blade Dance+1","All Out Attack+1","Cloak And Dagger+1","Blade Dance+1","Noxious Fumes+1","Noxious Fumes+1","Finisher+1","Blade Dance+1","After Image+1","Backstab+1","Finisher+1","Infinite Blades+1","Choke+1","Envenom+1","Backstab+1","Bullet Time+1","Cloak And Dagger+1","Injury","Backstab+1"],"special_seed":0,"relics":["Ring of the Snake","Gambling Chip","Ornamental Fan","Mummified Hand","Ninja Scroll","Cursed Key","Unceasing Top","Darkstone Periapt","Old Coin","Meat on the Bone","White Beast Statue","HandDrill","Toxic Egg 2","Tough Bandages","Mark of the Bloom","The Courier","Bronze Scales","Blood Vial","Omamori","Frozen Egg 2","StoneCalendar","Kunai"],"potions_floor_usage":[40,40,44,48,50,50,50,54,55,55,55],"damage_taken":[{"damage":12.0,"enemies":"Jaw Worm","floor":1.0,"turns":2.0},{"damage":0.0,"enemies":"2 Louse","floor":4.0,"turns":2.0},{"damage":14.0,"enemies":"3 Sentries","floor":6.0,"turns":6.0},{"damage":6.0,"enemies":"Gremlin Nob","floor":8.0,"turns":3.0},{"damage":0.0,"enemies":"Cultist","floor":11.0,"turns":3.0},{"damage":2.0,"enemies":"Exordium Wildlife","floor":12.0,"turns":2.0},{"damage":0.0,"enemies":"Large Slime","floor":13.0,"turns":3.0},{"damage":10.0,"enemies":"3 Sentries","floor":14.0,"turns":4.0},{"damage":28.0,"enemies":"The Guardian","floor":16.0,"turns":8.0},{"damage":0.0,"enemies":"2 Thieves","floor":18.0,"turns":2.0},{"damage":0.0,"enemies":"Spheric Guardian","floor":19.0,"turns":3.0},{"damage":5.0,"enemies":"Colosseum Slavers","floor":21.0,"turns":3.0},{"damage":0.0,"enemies":"Colosseum Nobs","floor":21.0,"turns":3.0},{"damage":0.0,"enemies":"Shelled Parasite and Fungi","floor":22.0,"turns":1.0},{"damage":0.0,"enemies":"Book of Stabbing","floor":25.0,"turns":4.0},{"damage":13.0,"enemies":"Slavers","floor":27.0,"turns":3.0},{"damage":0.0,"enemies":"Chosen and Byrds","floor":28.0,"turns":3.0},{"damage":33.0,"enemies":"Snake Plant","floor":30.0,"turns":4.0},{"damage":0.0,"enemies":"Snecko","floor":31.0,"turns":2.0},{"damage":37.0,"enemies":"Automaton","floor":33.0,"turns":7.0},{"damage":0.0,"enemies":"Orb Walker","floor":35.0,"turns":2.0},{"damage":9.0,"enemies":"2 Orb Walkers","floor":37.0,"turns":4.0},{"damage":1.0,"enemies":"3 Darklings","floor":39.0,"turns":3.0},{"damage":0,"enemies":"Giant Head","floor":40,"turns":1},{"damage":0,"enemies":"Reptomancer","floor":42,"turns":4},{"damage":0,"enemies":"Nemesis","floor":44,"turns":3},{"damage":0,"enemies":"Sphere and 2 Shapes","floor":47,"turns":3},{"damage":10,"enemies":"4 Shapes","floor":48,"turns":2},{"damage":22,"enemies":"Awakened One","floor":50,"turns":13},{"damage":9,"enemies":"Shield and Spear","floor":54,"turns":5},{"damage":29,"enemies":"The Heart","floor":55,"turns":3}],"seed_played":"6224165753658106285","potions_obtained":[{"floor":1.0,"key":"AttackPotion"},{"floor":6.0,"key":"Strength Potion"},{"floor":8.0,"key":"FearPotion"},{"floor":16.0,"key":"Dexterity Potion"},{"floor":22.0,"key":"Fruit Juice"},{"floor":25.0,"key":"PowerPotion"},{"floor":27.0,"key":"Poison Potion"},{"floor":28.0,"key":"Ancient Potion"},{"floor":30.0,"key":"Weak Potion"},{"floor":35.0,"key":"PowerPotion"},{"floor":37.0,"key":"Ancient Potion"},{"floor":39.0,"key":"PowerPotion"},{"floor":40,"key":"Weak Potion"},{"floor":42,"key":"Block Potion"},{"floor":44,"key":"Energy Potion"},{"floor":48,"key":"EssenceOfSteel"},{"floor":54,"key":"FearPotion"}],"is_trial":false,"path_per_floor":["M","?","?","M","$","E","R","E","T","R","M","M","M","E","R","B",null,"M","M","?","?","M","R","?","E","T","E","M","R","M","M","R","B",null,"M","$","?","?","M","E","?","E","T","E","?","T","M","M","R","B",null,"R","$","E","B"],"character_chosen":"THE_SILENT","items_purchased":["SteroidPotion","HandDrill","Toxic Egg 2","StoneCalendar","SteroidPotion","Weak Potion","SkillPotion"],"campfire_rested":2,"item_purchase_floors":[36,36,36,53,53,53,53],"current_hp_per_floor":[51,51,51,51,51,37,37,31,31,31,31,29,29,19,37,9,63,63,63,63,58,58,58,47,47,53,40,40,40,19,31,53,33,79,79,79,70,70,69,69,69,69,69,69,69,69,69,59,59,37,37,37,37,28,0],"gold":122,"neow_bonus":"TRANSFORM_TWO_CARDS","is_prod":false,"is_daily":false,"chose_seed":false,"campfire_upgraded":5,"win_rate":0,"timestamp":1549429059,"path_taken":["M","?","?","M","$","E","R","E","T","R","M","M","M","E","R","BOSS","M","?","?","?","M","R","?","E","T","E","?","R","M","M","R","BOSS","M","$","?","?","M","E","?","E","T","E","?","?","M","?","R","BOSS","R","$","E","BOSS"],"build_version":"2019-01-23","purchased_purges":2,"victory":false,"max_hp_per_floor":[63,63,63,63,63,63,63,63,63,63,63,63,63,63,63,63,63,63,63,63,63,63,63,68,68,74,74,74,74,74,74,74,79,79,79,79,79,79,79,79,75,75,81,81,81,81,81,81,81,81,81,81,81,81,81],"card_choices":[{"not_picked":["Tactician","Terror"],"picked":"Blade Dance","floor":1.0},{"not_picked":["Acrobatics","Quick Slash"],"picked":"All Out Attack","floor":4.0},{"not_picked":["Terror","Dash"],"picked":"Cloak And Dagger","floor":6.0},{"not_picked":["Backflip","Deflect"],"picked":"Blade Dance","floor":8.0},{"not_picked":["Expertise","Dagger Spray"],"picked":"Noxious Fumes","floor":11.0},{"not_picked":["Acrobatics","Outmaneuver"],"picked":"Noxious Fumes","floor":12.0},{"not_picked":["Blade Dance","Blur"],"picked":"Finisher","floor":13.0},{"not_picked":["Escape Plan","Deadly Poison"],"picked":"Blade Dance","floor":14.0},{"not_picked":["Burst","Glass Knife"],"picked":"After Image","floor":16.0},{"not_picked":["Poisoned Stab+1","Dagger Spray+1"],"picked":"Backstab","floor":18.0},{"not_picked":["Dagger Throw","Expertise+1"],"picked":"Finisher","floor":19.0},{"not_picked":["All Out Attack","Dash"],"picked":"Cloak And Dagger","floor":21.0},{"not_picked":["Bouncing Flask","All Out Attack"],"picked":"Infinite Blades","floor":22.0},{"not_picked":["Slice","Deadly Poison+1"],"picked":"Choke","floor":25.0},{"not_picked":["Noxious Fumes","Predator+1"],"picked":"Envenom","floor":27.0},{"not_picked":["Underhanded Strike","Poisoned Stab"],"picked":"Backstab","floor":28.0},{"not_picked":["Escape Plan","Expertise","Heel Hook+1"],"picked":"SKIP","floor":30.0},{"not_picked":["Deflect+1","Predator","Dagger Spray+1"],"picked":"SKIP","floor":31.0},{"not_picked":["Unload","Tools of the Trade"],"picked":"Bullet Time","floor":33.0},{"not_picked":["Backflip","Poisoned Stab","Slice+1"],"picked":"SKIP","floor":35.0},{"not_picked":["Predator","Deadly Poison+1"],"picked":"Cloak And Dagger+1","floor":39.0},{"not_picked":["Slice+1","Expertise+1","Escape Plan+1"],"picked":"SKIP","floor":40},{"not_picked":["Flying Knee+1","Well Laid Plans+1","Slice"],"picked":"SKIP","floor":42},{"not_picked":["Dagger Spray","Outmaneuver+1","Dagger Throw"],"picked":"SKIP","floor":44},{"not_picked":["Acrobatics+1","Blur+1","Night Terror+1"],"picked":"SKIP","floor":47},{"not_picked":["Deflect+1","Acrobatics+1"],"picked":"Backstab","floor":48},{"not_picked":["Poisoned Stab+1","Dodge and Roll+1","Masterful Stab+1"],"picked":"SKIP","floor":54}],"player_experience":86566,"relics_obtained":[{"floor":6.0,"key":"Gambling Chip"},{"floor":8.0,"key":"Ornamental Fan"},{"floor":9.0,"key":"Mummified Hand"},{"floor":14.0,"key":"Ninja Scroll"},{"floor":21.0,"key":"Unceasing Top"},{"floor":21.0,"key":"Darkstone Periapt"},{"floor":25.0,"key":"Old Coin"},{"floor":27.0,"key":"Meat on the Bone"},{"floor":37.0,"key":"Tough Bandages"},{"floor":40,"key":"The Courier"},{"floor":42,"key":"Bronze Scales"},{"floor":43,"key":"Blood Vial"},{"floor":44,"key":"Omamori"},{"floor":46,"key":"Frozen Egg 2"},{"floor":54,"key":"Kunai"}],"event_choices":[{"cards_removed":["Strike_G"],"damage_healed":0.0,"max_hp_gain":0.0,"max_hp_loss":0.0,"gold_gain":0.0,"event_name":"The Cleric","player_choice":"Card Removal","floor":2.0,"gold_loss":50.0,"damage_taken":0.0},{"damage_healed":0.0,"max_hp_gain":0.0,"max_hp_loss":0.0,"gold_gain":0.0,"event_name":"The Woman in Blue","player_choice":"Bought 0 Potions","floor":3.0,"gold_loss":0.0,"damage_taken":0.0},{"damage_healed":0.0,"max_hp_gain":0.0,"max_hp_loss":0.0,"gold_gain":0.0,"event_name":"Cursed Tome","player_choice":"Ignored","floor":20.0,"gold_loss":0.0,"damage_taken":0.0},{"damage_healed":0.0,"max_hp_gain":0.0,"max_hp_loss":0.0,"gold_gain":0.0,"event_name":"Colosseum","player_choice":"Fight","floor":21.0,"gold_loss":0.0,"damage_taken":0.0},{"damage_healed":0.0,"max_hp_gain":0.0,"max_hp_loss":0.0,"gold_gain":0.0,"event_name":"Colosseum","player_choice":"Fought Nobs","floor":21.0,"gold_loss":0.0,"damage_taken":0.0},{"damage_healed":0.0,"max_hp_gain":5.0,"max_hp_loss":0.0,"gold_gain":0.0,"event_name":"Forgotten Altar","player_choice":"Shed Blood","floor":24.0,"gold_loss":0.0,"damage_taken":16.0},{"damage_healed":0.0,"max_hp_gain":0.0,"max_hp_loss":0.0,"gold_gain":0.0,"event_name":"Mysterious Sphere","player_choice":"Fight","floor":37.0,"gold_loss":0.0,"damage_taken":0.0},{"damage_healed":0.0,"max_hp_gain":0.0,"max_hp_loss":0.0,"gold_gain":0.0,"event_name":"MindBloom","player_choice":"Upgrade","floor":38.0,"gold_loss":0.0,"damage_taken":0.0,"cards_upgraded":["Defend_G","Defend_G","Defend_G","Strike_G","Strike_G","Strike_G","Survivor","Terror","Blade Dance","All Out Attack","Cloak And Dagger","Blade Dance","Noxious Fumes","Noxious Fumes","Finisher","Blade Dance","After Image","Backstab","Finisher","Cloak And Dagger","Envenom","Backstab","Bullet Time"],"relics_obtained":["Mark of the Bloom"]},{"damage_healed":0,"gold_gain":0,"player_choice":"Max HP","damage_taken":0,"max_hp_gain":0,"max_hp_loss":4,"event_name":"Winding Halls","floor":41,"gold_loss":0},{"cards_removed":["Cloak And Dagger"],"damage_healed":0,"gold_gain":0,"player_choice":"Removed Skill","damage_taken":0,"max_hp_gain":0,"max_hp_loss":0,"event_name":"Falling","floor":45,"gold_loss":0}],"is_beta":false,"boss_relics":[{"not_picked":["Philosopher\u0027s Stone","Orrery"],"picked":"Cursed Key"},{"not_picked":["Fusion Hammer","Sozu"],"picked":"White Beast Statue"}],"items_purged_floors":[5,36],"is_endless":false,"potions_floor_spawned":[1,6,8,16,22,25,27,28,30,35,37,39,40,42,44,47,48,54],"killed_by":"The Heart","ascension_level":2}