{"gold_per_floor":[114,114,39,49,63,93,93,124,201,201],"floor_reached":10,"playtime":248,"items_purged":["Defend_B"],"score":152,"play_id":"bbac77c2-0908-41ed-846f-c28fc5d7ae54","local_time":"20190222215230","is_ascension_mode":true,"campfire_choices":[{"floor":7,"key":"REST"}],"neow_cost":"NONE","seed_source_timestamp":27725143346300,"circlet_count":0,"master_deck":["AscendersBane","Strike_B","Strike_B","Strike_B","Strike_B","Defend_B","Defend_B","Defend_B","Zap","Dualcast+1","Genetic Algorithm+1","Compile Driver","Auto Shields","Streamline"],"relics":["Cracked Core","NeowsBlessing","Mango","War Paint","Regal Pillow","Letter Opener"],"potions_floor_usage":[10],"damage_taken":[{"damage":0,"enemies":"2 Louse","floor":1,"turns":1},{"damage":0,"enemies":"Cultist","floor":4,"turns":1},{"damage":0,"enemies":"Jaw Worm","floor":5,"turns":1},{"damage":64,"enemies":"Gremlin Nob","floor":6,"turns":5},{"damage":27,"enemies":"Lagavulin","floor":8,"turns":9},{"damage":30,"enemies":"Gremlin Gang","floor":10,"turns":3}],"seed_played":"-1524138458557149023","potions_obtained":[{"floor":1,"key":"GamblersBrew"},{"floor":8,"key":"Weak Potion"}],"is_trial":false,"path_per_floor":["M","?","$","M","M","E","R","E","T","M"],"character_chosen":"DEFECT","items_purchased":[],"campfire_rested":1,"item_purchase_floors":[],"current_hp_per_floor":[64,78,78,78,78,14,39,12,12,0],"gold":201,"neow_bonus":"THREE_ENEMY_KILL","is_prod":false,"is_daily":false,"chose_seed":false,"campfire_upgraded":0,"win_rate":0,"timestamp":1550865150,"path_taken":["M","?","$","?","M","E","R","E","T","M"],"build_version":"2019-01-23","purchased_purges":1,"victory":false,"max_hp_per_floor":[71,85,85,85,85,85,85,85,85,85],"card_choices":[{"not_picked":["Beam Cell","Recycle"],"picked":"Genetic Algorithm","floor":1},{"not_picked":["Lockon","Scrape","Hologram"],"picked":"SKIP","floor":4},{"not_picked":["Aggregate","Skim"],"picked":"Compile Driver","floor":5},{"not_picked":["Coolheaded","Reprogram"],"picked":"Auto Shields","floor":6},{"not_picked":["Beam Cell","Redo"],"picked":"Streamline","floor":8}],"player_experience":884253,"relics_obtained":[{"floor":6,"key":"War Paint"},{"floor":8,"key":"Regal Pillow"},{"floor":9,"key":"Letter Opener"}],"event_choices":[{"damage_healed":0,"gold_gain":0,"player_choice":"Gave Potion","damage_taken":0,"relics_obtained":["Mango"],"max_hp_gain":0,"max_hp_loss":0,"event_name":"WeMeetAgain","floor":2,"gold_loss":0}],"is_beta":false,"boss_relics":[],"items_purged_floors":[3],"is_endless":false,"potions_floor_spawned":[1,8],"killed_by":"Gremlin Gang","ascension_level":20}