{"gold_per_floor":[111,111,42,217,229,229,257,257,257,18,18,50,50,68,68,173,173,141,161,177,3,17,47,146,180,257,288,303,329,344,370,370,472,522,532,607,48,68,83,117,137,170,170,183,199,199,213,242,242,242,242,242,28,63,63],"floor_reached":56,"playtime":4837,"items_purged":["Doubt","Strike_G"],"score":1711,"play_id":"7bb776a3-11e6-4c57-bb21-b92d2a98ef6d","local_time":"20190220175352","is_ascension_mode":true,"campfire_choices":[{"data":"Infinite Blades","floor":6,"key":"SMITH"},{"floor":8,"key":"REST"},{"data":"Well Laid Plans","floor":13,"key":"SMITH"},{"data":"Neutralize","floor":15,"key":"SMITH"},{"data":"After Image","floor":32,"key":"SMITH"},{"floor":46,"key":"REST"},{"floor":49,"key":"RECALL"},{"data":"After Image","floor":52,"key":"SMITH"}],"neow_cost":"PERCENT_DAMAGE","seed_source_timestamp":5721472805055344,"circlet_count":0,"master_deck":["Defend_G","Defend_G","Defend_G","Defend_G","Defend_G+1","Strike_G","Strike_G","Strike_G","Strike_G","Survivor","Neutralize+1","Infinite Blades+1","PiercingWail","Flying Knee","Infinite Blades","Good Instincts+1","Well Laid Plans+1","Masterful Stab","Calculated Gamble+1","After Image+1","Cloak And Dagger+1","Well Laid Plans","Blade Dance","Accuracy","Noxious Fumes+1","Cloak And Dagger","Blade Dance","PiercingWail+1","Prepared","Endless Agony","Bullet Time","Dodge and Roll","Dagger Spray","Dagger Spray+1","Cloak And Dagger","Malaise","Distraction","Deflect","Outmaneuver+1","Infinite Blades","Backflip","Terror","Deflect+1","Cloak And Dagger+1","Prepared+1","Cloak And Dagger","Endless Agony+1","After Image+1","Adrenaline","Finisher","Blur","Dash+1","Blind","Crippling Poison"],"relics":["Ring of the Snake","Kunai","Pear","Regal Pillow","Prayer Wheel","WristBlade","War Paint","Potion Belt","Paper Crane","Omamori","Happy Flower","Shuriken","Tiny House","Anchor","Tiny Chest","Peace Pipe","PreservedInsect","Lantern","Mercury Hourglass"],"potions_floor_usage":[7,16,19,20,25,27,39,42,42,55,55,55,55,55],"damage_taken":[{"damage":0,"enemies":"Cultist","floor":1,"turns":4},{"damage":3,"enemies":"2 Louse","floor":5,"turns":3},{"damage":29,"enemies":"Gremlin Nob","floor":7,"turns":6},{"damage":24,"enemies":"3 Sentries","floor":12,"turns":8},{"damage":0,"enemies":"Jaw Worm","floor":14,"turns":4},{"damage":0,"enemies":"The Guardian","floor":16,"turns":13},{"damage":15,"enemies":"2 Thieves","floor":18,"turns":5},{"damage":0,"enemies":"3 Byrds","floor":19,"turns":5},{"damage":1,"enemies":"Centurion and Healer","floor":20,"turns":6},{"damage":12,"enemies":"Snake Plant","floor":22,"turns":7},{"damage":0,"enemies":"Gremlin Leader","floor":23,"turns":9},{"damage":0,"enemies":"Slavers","floor":25,"turns":5},{"damage":0,"enemies":"Book of Stabbing","floor":27,"turns":6},{"damage":9,"enemies":"Chosen and Byrds","floor":28,"turns":5},{"damage":0,"enemies":"Slavers","floor":29,"turns":6},{"damage":0,"enemies":"Snecko","floor":30,"turns":5},{"damage":0,"enemies":"Gremlin Leader","floor":31,"turns":6},{"damage":0,"enemies":"Automaton","floor":33,"turns":8},{"damage":0,"enemies":"3 Darklings","floor":35,"turns":5},{"damage":0,"enemies":"Orb Walker","floor":38,"turns":3},{"damage":14,"enemies":"Sphere and 2 Shapes","floor":39,"turns":7},{"damage":14,"enemies":"Giant Head","floor":40,"turns":8},{"damage":0,"enemies":"Writhing Mass","floor":41,"turns":7},{"damage":5,"enemies":"Reptomancer","floor":42,"turns":6},{"damage":11,"enemies":"Jaw Worm Horde","floor":44,"turns":6},{"damage":20,"enemies":"3 Darklings","floor":45,"turns":6},{"damage":0,"enemies":"4 Shapes","floor":47,"turns":5},{"damage":0,"enemies":"Giant Head","floor":48,"turns":5},{"damage":12,"enemies":"Donu and Deca","floor":50,"turns":9},{"damage":10,"enemies":"Shield and Spear","floor":54,"turns":6},{"damage":3,"enemies":"The Heart","floor":55,"turns":8}],"seed_played":"1963110670098653221","potions_obtained":[{"floor":5,"key":"Weak Potion"},{"floor":12,"key":"Regen Potion"},{"floor":14,"key":"SteroidPotion"},{"floor":16,"key":"LiquidBronze"},{"floor":20,"key":"Strength Potion"},{"floor":22,"key":"Fire Potion"},{"floor":25,"key":"GamblersBrew"},{"floor":27,"key":"AttackPotion"},{"floor":30,"key":"GhostInAJar"},{"floor":34,"key":"Strength Potion"},{"floor":35,"key":"Regen Potion"},{"floor":40,"key":"AttackPotion"},{"floor":45,"key":"LiquidBronze"},{"floor":47,"key":"Fire Potion"},{"floor":48,"key":"GamblersBrew"}],"is_trial":false,"path_per_floor":["M","$","$","?","M","R","E","R","T","$","?","E","R","M","R","B",null,"M","M","M","$","M","E","?","E","T","E","M","E","M","E","R","B",null,"M","?","$","M","M","E","M","E","T","M","M","R","M","E","R","B",null,"R","$","E","B",null],"character_chosen":"THE_SILENT","items_purchased":["Infinite Blades","Infinite Blades","Good Instincts","GhostInAJar","Cloak And Dagger","Blade Dance","Anchor","Infinite Blades","Tiny Chest","Backflip","Terror","Ancient Potion","SkillPotion","Blind"],"campfire_rested":2,"item_purchase_floors":[3,10,10,21,21,21,37,37,37,37,37,53,53,53],"current_hp_per_floor":[63,63,63,63,60,60,31,56,66,66,66,42,42,42,42,42,94,79,79,93,93,81,81,81,81,81,81,72,72,72,72,72,72,99,99,90,90,90,91,77,77,72,72,61,41,85,85,85,85,73,99,99,99,89,86],"gold":63,"neow_bonus":"TWENTY_PERCENT_HP_BONUS","is_prod":false,"is_daily":false,"chose_seed":false,"campfire_upgraded":5,"win_rate":0,"timestamp":1550703232,"path_taken":["M","?","$","?","M","R","E","R","T","?","?","E","R","M","R","BOSS","M","M","M","$","?","E","?","E","T","E","M","E","M","E","R","BOSS","M","?","$","?","M","E","M","E","T","M","?","R","M","E","R","BOSS","R","$","E","BOSS"],"build_version":"2019-02-06","purchased_purges":2,"victory":true,"max_hp_per_floor":[84,84,84,84,84,84,84,84,94,94,94,94,94,94,94,94,94,94,94,94,94,94,94,94,94,94,94,94,94,94,94,94,94,99,99,99,99,99,99,99,99,99,99,99,99,99,99,99,99,99,99,99,99,99,99],"card_choices":[{"not_picked":["Quick Slash","Dagger Throw"],"picked":"Sucker Punch","floor":1},{"not_picked":["Endless Agony","Acrobatics"],"picked":"PiercingWail","floor":5},{"not_picked":["Eviscerate","Blur"],"picked":"Flying Knee","floor":7},{"not_picked":["Deadly Poison","PiercingWail"],"picked":"Well Laid Plans","floor":12},{"not_picked":["Blade Dance","Backflip"],"picked":"Masterful Stab","floor":14},{"not_picked":["Dodge and Roll","Caltrops"],"picked":"Calculated Gamble","floor":14},{"not_picked":["Die Die Die","Night Terror"],"picked":"After Image","floor":16},{"not_picked":["Dodge and Roll","PiercingWail"],"picked":"Cloak And Dagger+1","floor":18},{"not_picked":["Caltrops","Catalyst"],"picked":"Well Laid Plans","floor":18},{"not_picked":["Distraction","Expertise+1"],"picked":"Blade Dance","floor":19},{"not_picked":["Sucker Punch","Acrobatics","Masterful Stab+1"],"picked":"SKIP","floor":19},{"not_picked":["Glass Knife","Flechettes"],"picked":"Accuracy","floor":20},{"not_picked":["Poisoned Stab","Eviscerate"],"picked":"Noxious Fumes+1","floor":20},{"not_picked":["Caltrops","Expertise"],"picked":"PiercingWail+1","floor":22},{"not_picked":["PiercingWail","Caltrops"],"picked":"Prepared","floor":22},{"not_picked":["Reflex","Heel Hook+1","Noxious Fumes"],"picked":"SKIP","floor":23},{"not_picked":["Bouncing Flask","Poisoned Stab+1"],"picked":"Endless Agony","floor":25},{"not_picked":["Noxious Fumes","Glass Knife"],"picked":"Bullet Time","floor":27},{"not_picked":["Blade Dance","Dash"],"picked":"Dodge and Roll","floor":28},{"not_picked":["Acrobatics","Flying Knee"],"picked":"Dagger Spray","floor":28},{"not_picked":["Poisoned Stab+1","Blade Dance"],"picked":"Dagger Spray+1","floor":29},{"not_picked":["Well Laid Plans","Dodge and Roll"],"picked":"Cloak And Dagger","floor":30},{"not_picked":["Setup","Deadly Poison","Dagger Spray"],"picked":"SKIP","floor":30},{"not_picked":["Heel Hook","Outmaneuver","Footwork"],"picked":"SKIP","floor":31},{"not_picked":["Corpse Explosion","Phantasmal Killer"],"picked":"Malaise","floor":33},{"not_picked":["Quick Slash+1","Flying Knee"],"picked":"Distraction","floor":34},{"not_picked":["Noxious Fumes+1","Dodge and Roll"],"picked":"Deflect","floor":35},{"not_picked":["Prepared+1","Dash+1"],"picked":"Outmaneuver+1","floor":35},{"not_picked":["Underhanded Strike","All Out Attack+1"],"picked":"Deflect+1","floor":38},{"not_picked":["Blur","Choke"],"picked":"Cloak And Dagger+1","floor":38},{"not_picked":["Grand Finale","Acrobatics"],"picked":"Prepared+1","floor":39},{"not_picked":["Dodge and Roll","Underhanded Strike+1"],"picked":"Cloak And Dagger","floor":39},{"not_picked":["Dodge and Roll","Caltrops+1"],"picked":"Endless Agony+1","floor":40},{"not_picked":["Dodge and Roll","Poisoned Stab+1"],"picked":"After Image","floor":41},{"not_picked":["Quick Slash+1","Dagger Spray+1","Caltrops+1"],"picked":"SKIP","floor":41},{"not_picked":["Choke","Poisoned Stab","Dagger Throw+1"],"picked":"SKIP","floor":42},{"not_picked":["Masterful Stab","PiercingWail","Setup+1"],"picked":"SKIP","floor":44},{"not_picked":["Poisoned Stab+1","Outmaneuver+1","Blade Dance"],"picked":"SKIP","floor":44},{"not_picked":["Flying Knee+1","Choke"],"picked":"Adrenaline","floor":45},{"not_picked":["Bouncing Flask","Infinite Blades+1"],"picked":"Finisher","floor":45},{"not_picked":["Expertise","Acrobatics"],"picked":"Blur","floor":47},{"not_picked":["Dagger Throw+1","Quick Slash+1"],"picked":"Dash+1","floor":47},{"not_picked":["Setup","Blade Dance","Bane"],"picked":"SKIP","floor":48},{"not_picked":["Eviscerate","Poisoned Stab+1"],"picked":"Crippling Poison","floor":54}],"player_experience":4617479,"relics_obtained":[{"floor":7,"key":"Kunai"},{"floor":9,"key":"Pear"},{"floor":12,"key":"Prayer Wheel"},{"floor":23,"key":"War Paint"},{"floor":25,"key":"Potion Belt"},{"floor":26,"key":"Paper Crane"},{"floor":27,"key":"Omamori"},{"floor":29,"key":"Happy Flower"},{"floor":31,"key":"Shuriken"},{"floor":40,"key":"Peace Pipe"},{"floor":42,"key":"PreservedInsect"},{"floor":48,"key":"Lantern"},{"floor":54,"key":"Mercury Hourglass"}],"event_choices":[{"damage_healed":0,"gold_gain":175,"player_choice":"AGREE","damage_taken":0,"max_hp_gain":0,"max_hp_loss":0,"event_name":"Liars Game","floor":4,"gold_loss":0,"cards_obtained":["Doubt"]},{"cards_removed":["Sucker Punch"],"damage_healed":0,"gold_gain":0,"player_choice":"Gave Card","damage_taken":0,"relics_obtained":["Regal Pillow"],"max_hp_gain":0,"max_hp_loss":0,"event_name":"WeMeetAgain","floor":11,"gold_loss":0},{"damage_healed":0,"gold_gain":99,"player_choice":"Stole From Cult","damage_taken":0,"max_hp_gain":0,"max_hp_loss":0,"event_name":"Nest","floor":24,"gold_loss":0},{"damage_healed":0,"gold_gain":75,"player_choice":"Touch","damage_taken":9,"max_hp_gain":0,"max_hp_loss":0,"event_name":"FaceTrader","floor":36,"gold_loss":0}],"is_beta":true,"boss_relics":[{"not_picked":["Snecko Eye","Lizard Tail"],"picked":"WristBlade"},{"not_picked":["Pandora\u0027s Box","White Beast Statue"],"picked":"Tiny House"}],"items_purged_floors":[10,37],"is_endless":false,"potions_floor_spawned":[5,12,14,16,20,22,25,27,30,35,40,41,45,47,48],"ascension_level":1}