{"gold_per_floor":[114,114,189,209,209,209,221,254,254,269,269,295,295,21,21,118,118,136,156,189,189,189,223,223,223,223,223,223,255,255,59,59,158,158,172,225,225,236,336,363,363,383,409,421,114,140,362,378,378,378,378,378,44,74,74],"floor_reached":56,"playtime":3636,"items_purged":["Strike_G"],"score":1634,"play_id":"4930543c-57c2-4f13-8738-dd6f8832f37d","local_time":"20190214041221","is_ascension_mode":true,"campfire_choices":[{"data":"Neutralize","floor":6,"key":"SMITH"},{"data":"Bouncing Flask","floor":11,"key":"SMITH"},{"data":"After Image","floor":13,"key":"SMITH"},{"data":"Well Laid Plans","floor":15,"key":"SMITH"},{"data":"Crippling Poison","floor":25,"key":"SMITH"},{"data":"Deadly Poison","floor":27,"key":"SMITH"},{"data":"Corpse Explosion","floor":30,"key":"SMITH"},{"data":"Backflip","floor":32,"key":"SMITH"},{"floor":49,"key":"RECALL"},{"data":"Malaise","floor":52,"key":"SMITH"}],"neow_cost":"TEN_PERCENT_HP_LOSS","seed_source_timestamp":5155066621852419,"circlet_count":0,"master_deck":["Defend_G","Defend_G","Defend_G","Defend_G","Strike_G","Survivor","Neutralize+1","Tactician+1","Crippling Poison+1","Dagger Throw+1","Cloak And Dagger+1","Bouncing Flask+1","Escape Plan","After Image+1","Deflect","Well Laid Plans+1","Deadly Poison+1","Corpse Explosion+1","PiercingWail","PiercingWail","Dagger Spray+1","Backflip+1","Mayhem+1","Malaise+1","Dash+1","Escape Plan","Masterful Stab+1","Predator+1","The Bomb","Good Instincts","Sadistic Nature+1","Backflip+1","Blur","Calculated Gamble+1","PiercingWail"],"relics":["Ring of the Snake","Tough Bandages","Calipers","Bird Faced Urn","Toolbox","Coffee Dripper","Red Mask","Enchiridion","Boot","Orichalcum","Frozen Egg 2","Runic Dome","Tingsha","Ginger","Art of War","PreservedInsect","Anchor","War Paint","Dodecahedron","Whetstone"],"potions_floor_usage":[8,36,44,50,55,55,55],"damage_taken":[{"damage":9,"enemies":"Jaw Worm","floor":1,"turns":7},{"damage":0,"enemies":"Small Slimes","floor":4,"turns":3},{"damage":0,"enemies":"2 Louse","floor":7,"turns":3},{"damage":34,"enemies":"3 Sentries","floor":8,"turns":12},{"damage":3,"enemies":"Lots of Slimes","floor":10,"turns":4},{"damage":0,"enemies":"Lagavulin","floor":12,"turns":5},{"damage":0,"enemies":"Hexaghost","floor":16,"turns":8},{"damage":2,"enemies":"Shell Parasite","floor":18,"turns":5},{"damage":0,"enemies":"Spheric Guardian","floor":19,"turns":3},{"damage":7,"enemies":"Masked Bandits","floor":20,"turns":3},{"damage":8,"enemies":"Slavers","floor":23,"turns":4},{"damage":0,"enemies":"Book of Stabbing","floor":29,"turns":5},{"damage":0,"enemies":"Automaton","floor":33,"turns":10},{"damage":0,"enemies":"3 Shapes","floor":35,"turns":3},{"damage":5,"enemies":"2 Orb Walkers","floor":36,"turns":4},{"damage":0,"enemies":"Orb Walker","floor":38,"turns":3},{"damage":0,"enemies":"Mind Bloom Boss Battle","floor":39,"turns":7},{"damage":12,"enemies":"Nemesis","floor":40,"turns":7},{"damage":18,"enemies":"Sphere and 2 Shapes","floor":42,"turns":4},{"damage":0,"enemies":"3 Darklings","floor":44,"turns":3},{"damage":0,"enemies":"Reptomancer","floor":46,"turns":6},{"damage":0,"enemies":"Writhing Mass","floor":48,"turns":4},{"damage":0,"enemies":"Time Eater","floor":50,"turns":10},{"damage":0,"enemies":"Shield and Spear","floor":54,"turns":5},{"damage":0,"enemies":"The Heart","floor":55,"turns":9}],"seed_played":"8881442062731446977","potions_obtained":[{"floor":1,"key":"Strength Potion"},{"floor":4,"key":"Dexterity Potion"},{"floor":8,"key":"SkillPotion"},{"floor":23,"key":"Ancient Potion"},{"floor":38,"key":"Swift Potion"},{"floor":46,"key":"Dexterity Potion"}],"is_trial":false,"path_per_floor":["M","?","?","M","?","R","M","E","T","M","R","E","R","$","R","B",null,"M","M","?","?","?","E","?","R","T","R","T","E","R","$","R","B",null,"M","?","?","M","?","E","?","M","T","M","$","E","?","M","R","B",null,"R","$","E","B",null],"character_chosen":"THE_SILENT","items_purchased":["Well Laid Plans","Deadly Poison","Toolbox","Mayhem+1","Anchor","Blur","PowerPotion","Ancient Potion","Dodecahedron"],"campfire_rested":0,"item_purchase_floors":[14,14,14,31,45,45,45,53,53],"current_hp_per_floor":[54,47,36,36,63,63,63,29,29,26,26,26,26,26,26,30,63,63,63,56,40,61,57,57,57,57,57,57,63,63,63,63,63,63,63,58,58,63,63,51,41,31,31,39,39,49,49,59,59,63,63,63,63,63,63],"gold":74,"neow_bonus":"TRANSFORM_TWO_CARDS","is_prod":false,"is_daily":false,"chose_seed":false,"campfire_upgraded":9,"win_rate":0,"timestamp":1550135541,"path_taken":["M","?","?","M","?","R","?","E","T","M","R","E","R","$","R","BOSS","M","M","?","?","?","E","?","R","T","R","?","E","R","$","R","BOSS","M","?","?","M","?","E","?","M","T","?","?","E","?","M","R","BOSS","R","$","E","BOSS"],"build_version":"2019-02-06","purchased_purges":1,"victory":true,"max_hp_per_floor":[63,63,63,63,63,63,63,63,63,63,63,63,63,63,63,63,63,63,63,63,63,63,63,63,63,63,63,63,63,63,63,63,63,63,63,63,63,63,63,63,63,63,63,63,63,63,63,63,63,63,63,63,63,63,63],"card_choices":[{"not_picked":["Eviscerate","Deflect"],"picked":"Dagger Throw","floor":1},{"not_picked":["All Out Attack","Caltrops"],"picked":"Cloak And Dagger","floor":4},{"not_picked":["Deadly Poison","Escape Plan"],"picked":"Bouncing Flask","floor":7},{"not_picked":["Dagger Throw","Dagger Spray"],"picked":"Escape Plan","floor":8},{"not_picked":["Concentrate","Sucker Punch"],"picked":"After Image","floor":10},{"not_picked":["Predator","Accuracy"],"picked":"Deflect","floor":12},{"not_picked":["After Image","Wraith Form v2"],"picked":"Corpse Explosion","floor":16},{"not_picked":["Blade Dance","Expertise"],"picked":"PiercingWail","floor":18},{"not_picked":["Bane","Outmaneuver"],"picked":"PiercingWail","floor":19},{"not_picked":["Deadly Poison","Underhanded Strike"],"picked":"Dagger Spray+1","floor":20},{"not_picked":["Dodge and Roll","Reflex","Dagger Throw"],"picked":"SKIP","floor":23},{"not_picked":["Phantasmal Killer","Acrobatics"],"picked":"Backflip","floor":29},{"not_picked":["Corpse Explosion","Bullet Time"],"picked":"Malaise","floor":33},{"not_picked":["Bane+1","Setup","PiercingWail+1"],"picked":"SKIP","floor":35},{"not_picked":["Bane+1","Infinite Blades+1"],"picked":"Dash+1","floor":36},{"not_picked":["All Out Attack","Distraction+1"],"picked":"Escape Plan","floor":38},{"not_picked":["Dagger Throw","Underhanded Strike+1"],"picked":"Masterful Stab","floor":39},{"not_picked":["Terror+1","Backflip"],"picked":"Predator+1","floor":40},{"not_picked":["Finesse","PanicButton"],"picked":"The Bomb","floor":41},{"not_picked":["Enlightenment","Bandage Up"],"picked":"Good Instincts","floor":41},{"not_picked":["Thinking Ahead","PanicButton"],"picked":"Sadistic Nature+1","floor":41},{"not_picked":["Sucker Punch","Outmaneuver","Poisoned Stab"],"picked":"SKIP","floor":42},{"not_picked":["Slice+1","Eviscerate"],"picked":"Backflip+1","floor":44},{"not_picked":["Dodge and Roll+1","Dagger Spray+1"],"picked":"Calculated Gamble+1","floor":46},{"not_picked":["Predator+1","Bane+1","Underhanded Strike+1"],"picked":"SKIP","floor":48},{"not_picked":["Grand Finale","Underhanded Strike"],"picked":"PiercingWail","floor":54}],"player_experience":4506447,"relics_obtained":[{"floor":8,"key":"Tough Bandages"},{"floor":9,"key":"Calipers"},{"floor":12,"key":"Bird Faced Urn"},{"floor":20,"key":"Red Mask"},{"floor":21,"key":"Enchiridion"},{"floor":23,"key":"Boot"},{"floor":28,"key":"Orichalcum"},{"floor":29,"key":"Frozen Egg 2"},{"floor":36,"key":"Tingsha"},{"floor":39,"key":"Ginger"},{"floor":40,"key":"Art of War"},{"floor":43,"key":"PreservedInsect"},{"floor":46,"key":"War Paint"},{"floor":54,"key":"Whetstone"}],"event_choices":[{"cards_removed":["Strike_G"],"damage_healed":0,"gold_gain":0,"player_choice":"Card Removal","damage_taken":7,"max_hp_gain":0,"max_hp_loss":0,"event_name":"Golden Wing","floor":2,"gold_loss":0},{"damage_healed":0,"gold_gain":75,"player_choice":"Gather Gold","damage_taken":11,"max_hp_gain":0,"max_hp_loss":0,"event_name":"World of Goop","floor":3,"gold_loss":0},{"damage_healed":27,"gold_gain":0,"player_choice":"Full Heal","damage_taken":0,"max_hp_gain":0,"max_hp_loss":0,"event_name":"Wheel of Change","floor":5,"gold_loss":0},{"damage_healed":0,"gold_gain":0,"player_choice":"Fought Bandits","damage_taken":0,"max_hp_gain":0,"max_hp_loss":0,"event_name":"Masked Bandits","floor":20,"gold_loss":0},{"damage_healed":0,"gold_gain":0,"player_choice":"Obtained Book","damage_taken":16,"max_hp_gain":0,"max_hp_loss":0,"event_name":"Cursed Tome","floor":21,"gold_loss":0},{"damage_healed":21,"gold_gain":0,"player_choice":"Heal","damage_taken":0,"max_hp_gain":0,"max_hp_loss":0,"event_name":"The Library","floor":22,"gold_loss":0},{"damage_healed":0,"gold_gain":0,"player_choice":"Ignored","damage_taken":0,"max_hp_gain":0,"max_hp_loss":0,"event_name":"Vampires","floor":24,"gold_loss":0},{"damage_healed":0,"gold_gain":0,"player_choice":"Fight","damage_taken":0,"max_hp_gain":0,"max_hp_loss":0,"event_name":"Mysterious Sphere","floor":36,"gold_loss":0},{"cards_removed":["Strike_G"],"damage_healed":0,"gold_gain":0,"player_choice":"Removed Attack","damage_taken":0,"max_hp_gain":0,"max_hp_loss":0,"event_name":"Falling","floor":37,"gold_loss":0},{"damage_healed":0,"gold_gain":0,"player_choice":"Fight","damage_taken":0,"max_hp_gain":0,"max_hp_loss":0,"event_name":"MindBloom","floor":39,"gold_loss":0},{"damage_healed":0,"gold_gain":0,"player_choice":"Memory 3","damage_taken":10,"max_hp_gain":0,"max_hp_loss":0,"event_name":"SensoryStone","floor":41,"gold_loss":0},{"damage_healed":0,"gold_gain":222,"player_choice":"Wore Mask","damage_taken":0,"max_hp_gain":0,"max_hp_loss":0,"event_name":"Tomb of Lord Red Mask","floor":47,"gold_loss":0}],"is_beta":true,"boss_relics":[{"not_picked":["Runic Pyramid","Eternal Feather"],"picked":"Coffee Dripper"},{"not_picked":["Pandora\u0027s Box","Philosopher\u0027s Stone"],"picked":"Runic Dome"}],"items_purged_floors":[45],"is_endless":false,"potions_floor_spawned":[1,4,8,23,29,35,38,40,46],"ascension_level":1}