{"gold_per_floor":[116,116,41,53,53,94,94,94,94,108,148,163,184,199,199,322,322,336,336,359,359,383,383,406,306,306,306,306,337,41,41,41,166,166,182,182,25,48,62,62,76,76,100,115,115,128,128,128,128,128,128,128,79,79],"floor_reached":54,"playtime":1510,"items_purged":["Strike_R","Defend_R","Strike_R"],"score":767,"play_id":"cf64c81c-9673-4c55-b12a-00d5a0821744","local_time":"20190222182316","is_ascension_mode":false,"campfire_choices":[{"data":"Bash","floor":7.0,"key":"SMITH"},{"data":"Defend_R","floor":15.0,"key":"SMITH"},{"data":"Barricade","floor":23,"key":"SMITH"},{"data":"Defend_R","floor":28,"key":"SMITH"},{"data":"Warcry","floor":32,"key":"PURGE"},{"data":"Headbutt","floor":40,"key":"PURGE"},{"data":"Body Slam+1","floor":42,"key":"PURGE"},{"data":"Bash+1","floor":45,"key":"PURGE"},{"floor":49,"key":"RECALL"},{"data":"Defend_R","floor":52,"key":"SMITH"}],"neow_cost":"NONE","seed_source_timestamp":764509488609286,"circlet_count":0,"master_deck":["Defend_R+1","Defend_R+1","Defend_R+1","Body Slam+1","Barricade+1"],"special_seed":0,"relics":["Black Blood","Golden Idol","Happy Flower","Bronze Scales","Letter Opener","Busted Crown","Matryoshka","Peace Pipe","Juzu Bracelet","Oddly Smooth Stone","PreservedInsect","CultistMask"],"potions_floor_usage":[16,29,29,29,29,50],"damage_taken":[{"damage":7.0,"enemies":"Jaw Worm","floor":1.0,"turns":5.0},{"damage":0.0,"enemies":"Cultist","floor":4.0,"turns":3.0},{"damage":27.0,"enemies":"Gremlin Nob","floor":6.0,"turns":5.0},{"damage":0.0,"enemies":"2 Louse","floor":10.0,"turns":2.0},{"damage":30.0,"enemies":"Lagavulin","floor":11.0,"turns":5.0},{"damage":4.0,"enemies":"Large Slime","floor":12.0,"turns":6.0},{"damage":4.0,"enemies":"Blue Slaver","floor":13.0,"turns":3.0},{"damage":0.0,"enemies":"Gremlin Gang","floor":14.0,"turns":5.0},{"damage":26,"enemies":"Slime Boss","floor":16,"turns":12},{"damage":5,"enemies":"3 Byrds","floor":18,"turns":2},{"damage":12,"enemies":"Shell Parasite","floor":20,"turns":4},{"damage":13,"enemies":"Snake Plant","floor":22,"turns":4},{"damage":5,"enemies":"Chosen and Byrds","floor":24,"turns":4},{"damage":27,"enemies":"Slavers","floor":29,"turns":3},{"damage":0,"enemies":"Collector","floor":33,"turns":5},{"damage":2,"enemies":"3 Darklings","floor":35,"turns":5},{"damage":0,"enemies":"Orb Walker","floor":38,"turns":3},{"damage":1,"enemies":"Spire Growth","floor":39,"turns":4},{"damage":4,"enemies":"3 Darklings","floor":41,"turns":4},{"damage":3,"enemies":"4 Shapes","floor":44,"turns":4},{"damage":0,"enemies":"Transient","floor":46,"turns":5},{"damage":0,"enemies":"Awakened One","floor":50,"turns":18},{"damage":92,"enemies":"Shield and Spear","floor":54,"turns":5}],"seed_played":"-3285168735278978460","potions_obtained":[{"floor":10.0,"key":"Poison Potion"},{"floor":11.0,"key":"Fire Potion"},{"floor":13.0,"key":"SkillPotion"},{"floor":20,"key":"LiquidBronze"},{"floor":24,"key":"BloodPotion"},{"floor":27,"key":"EntropicBrew"},{"floor":33,"key":"LiquidBronze"},{"floor":38,"key":"Poison Potion"},{"floor":46,"key":"EssenceOfSteel"}],"is_trial":false,"path_per_floor":["M","?","$","M","?","E","R","?","T","M","E","M","M","M","R","B",null,"M","?","M","?","M","R","M","$","T","?","R","E","$","?","R","B",null,"M","?","$","M","M","R","M","R","T","M","R","M","?","?","R","B",null,"R","$","E"],"character_chosen":"IRONCLAD","items_purchased":["Shrug It Off","Juzu Bracelet","Oddly Smooth Stone","Strength Potion"],"campfire_rested":0,"item_purchase_floors":[30,30,37,53],"current_hp_per_floor":[87,87,87,88,66,45,45,45,45,51,27,29,31,37,37,17,88,88,88,82,82,75,75,76,76,76,76,76,63,63,63,63,69,88,88,88,88,88,88,88,88,88,88,88,88,88,88,88,88,88,88,88,88,0],"gold":79,"neow_bonus":"TEN_PERCENT_HP_BONUS","is_prod":false,"is_daily":false,"chose_seed":false,"campfire_upgraded":5,"win_rate":0,"timestamp":1550827396,"path_taken":["M","?","$","?","?","E","R","?","T","M","E","M","M","M","R","BOSS","M","?","M","?","M","R","?","$","T","?","R","E","?","?","R","BOSS","M","?","$","M","M","R","M","R","T","M","R","M","?","?","R","BOSS","R","$","E"],"build_version":"2019-01-23","purchased_purges":3,"victory":false,"max_hp_per_floor":[88,88,88,88,88,88,88,88,88,88,88,88,88,88,88,88,88,88,88,88,88,88,88,88,88,88,88,88,88,88,88,88,88,88,88,88,88,88,88,88,88,88,88,88,88,88,88,88,88,88,88,88,88,88],"card_choices":[{"not_picked":["Armaments","Cleave"],"picked":"Body Slam","floor":1.0},{"not_picked":["Wild Strike","Cleave","Iron Wave"],"picked":"SKIP","floor":4.0},{"not_picked":["Offering","Impervious","Shockwave"],"picked":"SKIP","floor":6.0},{"not_picked":["Havoc","Warcry","Second Wind"],"picked":"SKIP","floor":10.0},{"not_picked":["Shrug It Off","Sentinel","Bloodletting"],"picked":"SKIP","floor":11.0},{"not_picked":["Clothesline","Clash","Shrug It Off"],"picked":"SKIP","floor":12.0},{"not_picked":["Cleave","Clothesline","Armaments"],"picked":"SKIP","floor":13.0},{"not_picked":["Cleave","Body Slam","Infernal Blade"],"picked":"SKIP","floor":14.0},{"not_picked":["Brutality","Immolate"],"picked":"Barricade","floor":16},{"not_picked":["Evolve"],"picked":"SKIP","floor":18},{"not_picked":["Headbutt+1"],"picked":"SKIP","floor":20},{"not_picked":["Havoc+1"],"picked":"SKIP","floor":22},{"not_picked":["Feel No Pain+1"],"picked":"SKIP","floor":24},{"not_picked":["Dual Wield"],"picked":"SKIP","floor":29},{"not_picked":["Anger"],"picked":"SKIP","floor":35},{"not_picked":["Iron Wave"],"picked":"SKIP","floor":38},{"not_picked":["Body Slam+1"],"picked":"SKIP","floor":39},{"not_picked":["Anger+1"],"picked":"SKIP","floor":41},{"not_picked":["Pommel Strike"],"picked":"SKIP","floor":44},{"not_picked":["Warcry+1"],"picked":"SKIP","floor":46}],"player_experience":1156217,"relics_obtained":[{"floor":6.0,"key":"Happy Flower"},{"floor":9.0,"key":"Bronze Scales"},{"floor":11.0,"key":"Letter Opener"},{"floor":26,"key":"Matryoshka"},{"floor":29,"key":"Peace Pipe"},{"floor":43,"key":"PreservedInsect"}],"event_choices":[{"damage_healed":0.0,"max_hp_gain":0.0,"max_hp_loss":0.0,"gold_gain":0.0,"event_name":"Accursed Blacksmith","player_choice":"Forge","floor":2.0,"gold_loss":0.0,"damage_taken":0.0,"cards_upgraded":["Body Slam"]},{"damage_healed":0.0,"max_hp_gain":0.0,"max_hp_loss":0.0,"gold_gain":0.0,"event_name":"Golden Idol","player_choice":"Take Damage","floor":5.0,"gold_loss":0.0,"damage_taken":22.0,"relics_obtained":["Golden Idol"]},{"damage_healed":0.0,"max_hp_gain":0.0,"max_hp_loss":0.0,"gold_gain":0.0,"event_name":"Liars Game","player_choice":"Ignored","floor":8.0,"gold_loss":0.0,"damage_taken":0.0},{"damage_healed":0,"gold_gain":0,"cards_transformed":["Strike_R","Strike_R"],"player_choice":"Became Test Subject","damage_taken":0,"max_hp_gain":0,"max_hp_loss":0,"event_name":"Drug Dealer","floor":19,"gold_loss":0,"cards_obtained":["Warcry","Headbutt"]},{"cards_removed":["Strike_R"],"damage_healed":0,"gold_gain":0,"player_choice":"Offered Basic","damage_taken":0,"max_hp_gain":0,"max_hp_loss":0,"event_name":"Bonfire Elementals","floor":21,"gold_loss":0},{"damage_healed":0,"gold_gain":0,"player_choice":"Got Potions","damage_taken":0,"max_hp_gain":0,"max_hp_loss":0,"event_name":"Lab","floor":27,"gold_loss":0},{"damage_healed":0,"gold_gain":0,"player_choice":"Copied","damage_taken":0,"max_hp_gain":0,"max_hp_loss":0,"event_name":"Duplicator","floor":31,"gold_loss":0,"cards_obtained":["Body Slam"]},{"cards_removed":["Shrug It Off"],"damage_healed":0,"gold_gain":0,"player_choice":"Removed Skill","damage_taken":0,"max_hp_gain":0,"max_hp_loss":0,"event_name":"Falling","floor":36,"gold_loss":0},{"damage_healed":0,"gold_gain":0,"player_choice":"Trade","damage_taken":0,"relics_obtained":["CultistMask"],"max_hp_gain":0,"max_hp_loss":0,"event_name":"FaceTrader","floor":47,"gold_loss":0},{"damage_healed":0,"gold_gain":0,"player_choice":"Memory 1","damage_taken":0,"max_hp_gain":0,"max_hp_loss":0,"event_name":"SensoryStone","floor":48,"gold_loss":0}],"is_beta":false,"boss_relics":[{"not_picked":["Astrolabe","Orrery"],"picked":"Busted Crown"},{"not_picked":["Pandora\u0027s Box","Velvet Choker"],"picked":"Black Blood"}],"items_purged_floors":[3,25,30],"is_endless":false,"potions_floor_spawned":[10,11,13,20,24,33,38,39,46],"killed_by":"Shield and Spear","ascension_level":0}