{"gold_per_floor":[113,113,41,41,60,60,10,10,80,114,126,37,72,91,91,187,187,202,187,201,219,58,58,58],"floor_reached":24,"playtime":1597,"items_purged":[],"score":243,"play_id":"de4df739-51dc-4bc7-8189-2ddc26fb83c1","local_time":"20190121181819","is_ascension_mode":true,"campfire_choices":[{"data":"Armaments","floor":6,"key":"SMITH"},{"data":"Pommel Strike","floor":15,"key":"SMITH"},{"floor":23,"key":"REST"}],"neow_cost":"NONE","seed_source_timestamp":538517762120837,"circlet_count":0,"master_deck":["Strike_R","Strike_R","Strike_R","Strike_R","Defend_R","Defend_R","Defend_R","Defend_R","Bash","Armaments+1","Metallicize","Flex","Headbutt","Pommel Strike+1","Flash of Steel","Fire Breathing","Barricade","Feel No Pain","True Grit","Armaments","Havoc","Corruption","Combust","True Grit"],"relics":["Burning Blood","NeowsBlessing","Mummified Hand","Paper Frog","Centennial Puzzle","Orichalcum","Orrery","Tiny Chest"],"potions_floor_usage":[16,21,21,21,21,24],"damage_taken":[{"damage":0,"enemies":"Small Slimes","floor":1,"turns":1},{"damage":0,"enemies":"Cultist","floor":5,"turns":1},{"damage":0,"enemies":"Lagavulin","floor":10,"turns":1},{"damage":11,"enemies":"Jaw Worm","floor":11,"turns":2},{"damage":27,"enemies":"Gremlin Nob","floor":13,"turns":4},{"damage":3,"enemies":"Red Slaver","floor":14,"turns":3},{"damage":34,"enemies":"The Guardian","floor":16,"turns":8},{"damage":27,"enemies":"Shell Parasite","floor":18,"turns":6},{"damage":30,"enemies":"2 Thieves","floor":19,"turns":4},{"damage":11,"enemies":"Centurion and Healer","floor":20,"turns":9},{"damage":27,"enemies":"Snake Plant","floor":21,"turns":6},{"damage":33,"enemies":"Gremlin Leader","floor":24,"turns":7}],"seed_played":"-6917328459100359398","potions_obtained":[{"floor":2,"key":"EntropicBrew"},{"floor":2,"key":"Energy Potion"},{"floor":2,"key":"Swift Potion"},{"floor":5,"key":"AttackPotion"},{"floor":19,"key":"Ancient Potion"}],"is_trial":false,"path_per_floor":["M","?","$","T","M","R","?","$","T","E","M","$","E","M","R","B",null,"M","M","M","M","$","R","E"],"character_chosen":"IRONCLAD","items_purchased":["Metallicize","Flash of Steel","True Grit","Tiny Chest"],"campfire_rested":1,"item_purchase_floors":[3,12,22,22],"current_hp_per_floor":[80,80,80,80,80,80,80,80,80,80,75,75,54,57,57,29,80,59,35,30,9,9,33,0],"gold":58,"neow_bonus":"THREE_ENEMY_KILL","is_prod":false,"is_daily":false,"chose_seed":false,"campfire_upgraded":2,"win_rate":0,"timestamp":1548116299,"path_taken":["M","?","$","?","?","R","?","?","T","E","M","$","E","M","R","BOSS","M","M","M","M","$","R","E"],"build_version":"2018-11-15","purchased_purges":0,"victory":false,"max_hp_per_floor":[80,80,80,80,80,80,80,80,80,80,80,80,80,80,80,80,80,80,80,80,80,80,80,80],"card_choices":[{"not_picked":["Heavy Blade","Body Slam"],"picked":"Armaments","floor":1},{"not_picked":["Sword Boomerang","Spot Weakness"],"picked":"Flex","floor":5},{"not_picked":["Reckless Charge","Heavy Blade"],"picked":"Headbutt","floor":10},{"not_picked":["Cleave","Anger"],"picked":"Pommel Strike","floor":11},{"not_picked":["Pummel","Ghostly Armor"],"picked":"Fire Breathing","floor":13},{"not_picked":["Pummel","Cleave","Heavy Blade"],"picked":"SKIP","floor":14},{"not_picked":["Dark Embrace","Feed"],"picked":"Barricade","floor":16},{"not_picked":["Infernal Blade","Whirlwind"],"picked":"Feel No Pain","floor":17},{"not_picked":["Warcry","Anger"],"picked":"True Grit","floor":17},{"not_picked":["Hemokinesis","Dropkick"],"picked":"Armaments","floor":17},{"not_picked":["Ghostly Armor","Uppercut"],"picked":"Havoc","floor":18},{"not_picked":["Inflame","Dropkick+1"],"picked":"Corruption","floor":19},{"not_picked":["Anger","Wild Strike","Sword Boomerang+1"],"picked":"SKIP","floor":20},{"not_picked":["Anger+1","Body Slam"],"picked":"Combust","floor":21}],"player_experience":303001,"relics_obtained":[{"floor":4,"key":"Mummified Hand"},{"floor":9,"key":"Paper Frog"},{"floor":10,"key":"Centennial Puzzle"},{"floor":13,"key":"Orichalcum"}],"event_choices":[{"damage_healed":0,"gold_gain":0,"player_choice":"Got Potions","damage_taken":0,"max_hp_gain":0,"max_hp_loss":0,"event_name":"Lab","floor":2,"gold_loss":0},{"cards_removed":["Strike_R"],"damage_healed":0,"gold_gain":0,"player_choice":"Card Removal","damage_taken":0,"max_hp_gain":0,"max_hp_loss":0,"event_name":"The Cleric","floor":7,"gold_loss":50}],"is_beta":false,"boss_relics":[{"not_picked":["Ectoplasm","Pandora\u0027s Box"],"picked":"Orrery"}],"items_purged_floors":[],"is_endless":false,"potions_floor_spawned":[5,11,19],"killed_by":"Gremlin Leader","ascension_level":1}