{"gold_per_floor":[217,217,64,74,74,74,109,109,134,162,178,178,178,28,28,124,124,135,185,28,44,55,86,86,103,103,118,148,148,179,189,189,189],"floor_reached":33,"playtime":16741,"items_purged":["Strike_B"],"score":360,"play_id":"aa95dbad-44e2-4023-a900-47fd4392a491","local_time":"20190220232658","is_ascension_mode":true,"campfire_choices":[{"data":"Zap","floor":6,"key":"SMITH"},{"data":"Dualcast","floor":8,"key":"SMITH"},{"data":"Coolheaded","floor":12,"key":"SMITH"},{"floor":15,"key":"REST"},{"floor":24,"key":"REST"},{"data":"Capacitor","floor":29,"key":"SMITH"},{"floor":32,"key":"REST"}],"neow_cost":"NONE","seed_source_timestamp":481312808164479,"circlet_count":0,"master_deck":["Strike_B","Strike_B","Strike_B","Defend_B","Defend_B","Defend_B","Defend_B","Zap+1","Dualcast+1","Cold Snap","Glacier","Chill","Rebound","Coolheaded+1","Electrodynamics","Tempest","Capacitor+1","Ball Lightning","Hello World","Self Repair"],"relics":["Cracked Core","Calipers","Girya","Smiling Mask","Potion Belt","Gremlin Horn","DataDisk","Philosopher\u0027s Stone","Happy Flower","Bag of Preparation","Vajra","Bird Faced Urn","Dream Catcher"],"potions_floor_usage":[16,16,16,23,23,28,33],"damage_taken":[{"damage":0,"enemies":"Small Slimes","floor":1,"turns":4},{"damage":4,"enemies":"2 Louse","floor":4,"turns":3},{"damage":19,"enemies":"Lagavulin","floor":7,"turns":8},{"damage":3,"enemies":"3 Sentries","floor":10,"turns":8},{"damage":2,"enemies":"Jaw Worm","floor":11,"turns":2},{"damage":4,"enemies":"Slime Boss","floor":16,"turns":14},{"damage":0,"enemies":"Chosen","floor":18,"turns":5},{"damage":0,"enemies":"Spheric Guardian","floor":21,"turns":3},{"damage":4,"enemies":"Shelled Parasite and Fungi","floor":22,"turns":9},{"damage":41,"enemies":"Book of Stabbing","floor":23,"turns":6},{"damage":6,"enemies":"Sentry and Sphere","floor":25,"turns":4},{"damage":7,"enemies":"Chosen and Byrds","floor":27,"turns":7},{"damage":2,"enemies":"Gremlin Leader","floor":28,"turns":4},{"damage":24,"enemies":"Slavers","floor":30,"turns":2},{"damage":6,"enemies":"Cultist and Chosen","floor":31,"turns":4},{"damage":52,"enemies":"Champ","floor":33,"turns":11}],"seed_played":"-3850179000688347547","potions_obtained":[{"floor":7,"key":"FearPotion"},{"floor":10,"key":"SkillPotion"},{"floor":11,"key":"Explosive Potion"},{"floor":18,"key":"SkillPotion"},{"floor":22,"key":"Block Potion"},{"floor":25,"key":"FocusPotion"},{"floor":30,"key":"LiquidBronze"}],"is_trial":false,"path_per_floor":["M","?","$","M","?","R","E","R","T","E","M","R","T","$","R","B",null,"M","?","$","M","M","E","R","M","T","M","E","R","E","M","R","B"],"character_chosen":"DEFECT","items_purchased":["Glacier","DataDisk","Happy Flower"],"campfire_rested":3,"item_purchase_floors":[3,14,20],"current_hp_per_floor":[75,72,72,68,73,73,54,54,54,51,49,49,49,49,73,69,80,80,80,80,80,76,35,59,53,53,46,44,44,22,20,44,0],"gold":189,"neow_bonus":"HUNDRED_GOLD","is_prod":false,"is_daily":false,"chose_seed":false,"campfire_upgraded":4,"win_rate":0,"timestamp":1550701618,"path_taken":["M","?","$","M","?","R","E","R","T","E","M","R","?","$","R","BOSS","M","?","?","M","M","E","R","M","T","M","E","R","E","M","R","BOSS"],"build_version":"2019-01-23","purchased_purges":1,"victory":false,"max_hp_per_floor":[75,75,75,75,80,80,80,80,80,80,80,80,80,80,80,80,80,80,80,80,80,80,80,80,80,80,80,80,80,80,80,80,80],"card_choices":[{"not_picked":["Streamline","Aggregate"],"picked":"Cold Snap","floor":1},{"not_picked":["Go for the Eyes","Force Field"],"picked":"Chill","floor":4},{"not_picked":["Steam Power","Core Surge"],"picked":"Rebound","floor":7},{"not_picked":["Hologram","Sunder","Conserve Battery"],"picked":"SKIP","floor":10},{"not_picked":["Force Field","Hologram"],"picked":"Coolheaded","floor":11},{"not_picked":["Hyperbeam","Thunder Strike"],"picked":"Electrodynamics","floor":16},{"not_picked":["Redo","Scrape","Gash"],"picked":"SKIP","floor":18},{"not_picked":["Auto Shields","Go for the Eyes","Beam Cell"],"picked":"SKIP","floor":21},{"not_picked":["Reinforced Body","Steam","Gash"],"picked":"SKIP","floor":22},{"not_picked":["Electrodynamics","Darkness"],"picked":"Tempest","floor":23},{"not_picked":["Stack","Coolheaded"],"picked":"Capacitor","floor":25},{"not_picked":["Steam Power+1","Compile Driver+1"],"picked":"Ball Lightning","floor":27},{"not_picked":["BootSequence+1","Auto Shields","Aggregate"],"picked":"SKIP","floor":28},{"not_picked":["Heatsinks","Recycle+1"],"picked":"Hello World","floor":30},{"not_picked":["Undo","Force Field+1","Leap"],"picked":"SKIP","floor":31},{"not_picked":["Steam","Go for the Eyes+1"],"picked":"Self Repair","floor":32}],"player_experience":245479,"relics_obtained":[{"floor":7,"key":"Girya"},{"floor":9,"key":"Smiling Mask"},{"floor":10,"key":"Potion Belt"},{"floor":13,"key":"Gremlin Horn"},{"floor":23,"key":"Bag of Preparation"},{"floor":26,"key":"Vajra"},{"floor":28,"key":"Bird Faced Urn"},{"floor":30,"key":"Dream Catcher"}],"event_choices":[{"damage_healed":0,"gold_gain":0,"player_choice":"Success","damage_taken":3,"relics_obtained":["Calipers"],"max_hp_gain":0,"max_hp_loss":0,"event_name":"Scrap Ooze","floor":2,"gold_loss":0},{"damage_healed":0,"gold_gain":0,"player_choice":"Donut","damage_taken":0,"max_hp_gain":5,"max_hp_loss":0,"event_name":"Big Fish","floor":5,"gold_loss":0},{"damage_healed":0,"gold_gain":100,"player_choice":"Bet on Murderer","damage_taken":0,"max_hp_gain":0,"max_hp_loss":0,"event_name":"The Joust","floor":19,"gold_loss":50}],"is_beta":false,"boss_relics":[{"not_picked":["Calling Bell","Coffee Dripper"],"picked":"Philosopher\u0027s Stone"}],"items_purged_floors":[3],"is_endless":false,"potions_floor_spawned":[7,10,11,18,22,25,30],"killed_by":"Champ","ascension_level":3}