{"gold_per_floor":[112,112,262,281,43,73,86,31,81,91,91,125,125,144,144,215,215,226,226,276,5,17,47,47,47,47,79,79,26,54,68,68,68],"floor_reached":33,"playtime":1104,"items_purged":["Doubt","Regret"],"score":772,"play_id":"aa7f2da3-15f1-49ac-9886-a8158022bc19","local_time":"20190129200806","is_ascension_mode":true,"campfire_choices":[{"floor":11,"key":"REST"},{"data":"Perfected Strike","floor":13,"key":"SMITH"},{"floor":15,"key":"REST"},{"data":"Perfected Strike","floor":25,"key":"SMITH"},{"floor":28,"key":"REST"},{"floor":32,"key":"REST"}],"neow_cost":"NONE","seed_source_timestamp":1680338470089306,"circlet_count":0,"master_deck":["AscendersBane","Strike_R","Strike_R","Strike_R","Strike_R","Strike_R","Defend_R","Defend_R","Bash","Cleave","Combust+1","Flame Barrier","Disarm","Corruption","Shrug It Off","Perfected Strike+1","Perfected Strike+1","Shrug It Off","Wild Strike","Pommel Strike","Offering","Whirlwind","Burning Pact","Feel No Pain","Impervious","Feel No Pain","Pommel Strike","Writhe","Flame Barrier+1","True Grit+1","Shrug It Off+1","Twin Strike","Body Slam+1"],"relics":["Burning Blood","Omamori","Art of War","Centennial Puzzle","Calling Bell","Lantern","Blue Candle","Nunchaku","Dream Catcher","PreservedInsect","Toxic Egg 2","Singing Bowl","Calipers"],"potions_floor_usage":[12,16,16,18,31,33],"damage_taken":[{"damage":4,"enemies":"Jaw Worm","floor":1,"turns":5},{"damage":10,"enemies":"Small Slimes","floor":4,"turns":3},{"damage":61,"enemies":"Gremlin Nob","floor":6,"turns":5},{"damage":1,"enemies":"2 Louse","floor":7,"turns":3},{"damage":6,"enemies":"Looter","floor":10,"turns":3},{"damage":15,"enemies":"3 Sentries","floor":12,"turns":6},{"damage":20,"enemies":"3 Louse","floor":14,"turns":2},{"damage":3,"enemies":"Slime Boss","floor":16,"turns":4},{"damage":7,"enemies":"2 Thieves","floor":18,"turns":4},{"damage":34,"enemies":"Shell Parasite","floor":22,"turns":6},{"damage":10,"enemies":"Gremlin Leader","floor":23,"turns":6},{"damage":31,"enemies":"Slavers","floor":27,"turns":4},{"damage":15,"enemies":"Book of Stabbing","floor":30,"turns":5},{"damage":21,"enemies":"Centurion and Healer","floor":31,"turns":10},{"damage":35,"enemies":"Automaton","floor":33,"turns":6}],"seed_played":"-550846832198433354","potions_obtained":[{"floor":6,"key":"Poison Potion"},{"floor":12,"key":"FearPotion"},{"floor":14,"key":"AttackPotion"},{"floor":16,"key":"Block Potion"},{"floor":30,"key":"Swift Potion"},{"floor":31,"key":"Explosive Potion"}],"is_trial":false,"path_per_floor":["M","?","?","M","$","E","M","$","T","M","R","E","R","M","R","B",null,"M","?","?","$","M","E","?","R","T","E","R","$","E","M","R","B"],"character_chosen":"IRONCLAD","items_purchased":["Disarm","Corruption","Perfected Strike","Feel No Pain","Impervious","True Grit+1"],"campfire_rested":4,"item_purchase_floors":[5,5,8,21,21,29],"current_hp_per_floor":[70,70,70,66,66,11,16,16,16,16,38,29,29,15,37,40,66,65,65,65,65,37,33,33,33,33,8,32,32,23,8,31,0],"gold":68,"neow_bonus":"THREE_CARDS","is_prod":false,"is_daily":false,"chose_seed":false,"campfire_upgraded":2,"win_rate":0,"timestamp":1548810486,"path_taken":["M","?","?","M","$","E","M","?","T","M","R","E","R","?","R","BOSS","M","?","?","$","M","E","?","R","T","E","R","$","E","M","R","BOSS"],"build_version":"2019-01-23","purchased_purges":2,"victory":false,"max_hp_per_floor":[75,75,75,75,75,75,75,75,75,75,75,75,75,75,75,75,75,75,75,75,75,75,75,75,75,75,75,77,77,77,77,77,77],"card_choices":[{"not_picked":["True Grit","Intimidate"],"picked":"Cleave","floor":0},{"not_picked":["Armaments","True Grit"],"picked":"Combust","floor":1},{"not_picked":["Headbutt","Evolve"],"picked":"Flame Barrier","floor":4},{"not_picked":["Brutality","Anger"],"picked":"Shrug It Off","floor":6},{"not_picked":["Twin Strike","Wild Strike"],"picked":"Perfected Strike","floor":7},{"not_picked":["Armaments","Sword Boomerang"],"picked":"Shrug It Off","floor":10},{"not_picked":["Iron Wave","True Grit"],"picked":"Wild Strike","floor":12},{"not_picked":["Sentinel","Evolve"],"picked":"Pommel Strike","floor":14},{"not_picked":["Immolate","Exhume"],"picked":"Offering","floor":16},{"not_picked":["Sever Soul","Power Through","Burning Pact"],"picked":"SKIP","floor":18},{"not_picked":["Anger","Fire Breathing"],"picked":"Feel No Pain","floor":22},{"not_picked":["Headbutt","Flex+1"],"picked":"Pommel Strike","floor":23},{"not_picked":["Cleave","Fire Breathing"],"picked":"Flame Barrier+1","floor":27},{"not_picked":["Thunderclap+1","Clash","Pummel+1"],"picked":"Singing Bowl","floor":28},{"not_picked":["Feed","Infernal Blade+1"],"picked":"Shrug It Off+1","floor":30},{"not_picked":["Havoc+1","Clash"],"picked":"Twin Strike","floor":31},{"not_picked":["Evolve","Anger+1"],"picked":"Body Slam+1","floor":32}],"player_experience":838065,"relics_obtained":[{"floor":6,"key":"Omamori"},{"floor":9,"key":"Art of War"},{"floor":12,"key":"Centennial Puzzle"},{"floor":17,"key":"Lantern"},{"floor":17,"key":"Blue Candle"},{"floor":17,"key":"Nunchaku"},{"floor":23,"key":"Dream Catcher"},{"floor":26,"key":"Toxic Egg 2"},{"floor":27,"key":"Singing Bowl"},{"floor":30,"key":"Calipers"}],"event_choices":[{"damage_healed":0,"gold_gain":0,"player_choice":"Grow","damage_taken":0,"max_hp_gain":0,"max_hp_loss":0,"event_name":"Living Wall","floor":2,"gold_loss":0,"cards_upgraded":["Combust"]},{"damage_healed":0,"gold_gain":150,"player_choice":"AGREE","damage_taken":0,"max_hp_gain":0,"max_hp_loss":0,"event_name":"Liars Game","floor":3,"gold_loss":0,"cards_obtained":["Doubt"]},{"damage_healed":0,"gold_gain":0,"cards_transformed":["Defend_R","Defend_R"],"player_choice":"Became Test Subject","damage_taken":0,"max_hp_gain":0,"max_hp_loss":0,"event_name":"Drug Dealer","floor":19,"gold_loss":0,"cards_obtained":["Whirlwind","Burning Pact"]},{"damage_healed":0,"gold_gain":50,"player_choice":"Stole From Cult","damage_taken":0,"max_hp_gain":0,"max_hp_loss":0,"event_name":"Nest","floor":20,"gold_loss":0},{"damage_healed":0,"gold_gain":0,"player_choice":"Opened","damage_taken":0,"relics_obtained":["PreservedInsect"],"max_hp_gain":0,"max_hp_loss":0,"event_name":"The Mausoleum","floor":24,"gold_loss":0,"cards_obtained":["Writhe"]}],"is_beta":false,"boss_relics":[{"not_picked":["Sozu","Runic Pyramid"],"picked":"Calling Bell"}],"items_purged_floors":[5,21],"is_endless":false,"potions_floor_spawned":[6,12,14,16,30,31],"killed_by":"Automaton","ascension_level":20}