{"gold_per_floor":[119,66,77,88,88,88,120,120,170,201,217,274,274,274,274,346,346,365,377,377,391,391,391,11,11,36,61,61,91,103,116,116,116],"floor_reached":33,"playtime":1910,"items_purged":["Shame"],"score":586,"play_id":"cf283667-3ae9-489f-927d-c0a9df5101bc","local_time":"20190221124608","is_ascension_mode":true,"campfire_choices":[{"data":"Neutralize","floor":6.0,"key":"SMITH"},{"data":"Dagger Spray","floor":8.0,"key":"SMITH"},{"floor":15,"key":"REST"},{"data":"Malaise","floor":23,"key":"SMITH"},{"data":"Burst","floor":25,"key":"SMITH"},{"data":"Terror","floor":28,"key":"SMITH"},{"floor":32,"key":"REST"}],"neow_cost":"NONE","seed_source_timestamp":97981679453811,"circlet_count":0,"master_deck":["AscendersBane","Defend_G+1","Defend_G+1","Defend_G+1","Defend_G+1","Defend_G+1","Strike_G+1","Strike_G+1","Strike_G+1","Strike_G+1","Strike_G+1","Survivor","Neutralize+1","Flying Knee+1","Dagger Spray+1","PiercingWail","Terror+1","Neutralize+1","Dodge and Roll","Malaise+1","Cloak And Dagger","Deadly Poison","PiercingWail","Burst+1","Deadly Poison","Footwork","Backstab","Predator+1","Acrobatics+1","Malaise"],"special_seed":0,"relics":["Ring of the Snake","NeowsBlessing","Centennial Puzzle","Oddly Smooth Stone","FossilizedHelix","PreservedInsect","Sozu","Dream Catcher","Lee\u0027s Waffle","Regal Pillow","Whetstone","Bronze Scales"],"potions_floor_usage":[19,29],"damage_taken":[{"damage":0.0,"enemies":"2 Louse","floor":1.0,"turns":1.0},{"damage":0.0,"enemies":"Cultist","floor":3.0,"turns":1.0},{"damage":0.0,"enemies":"Small Slimes","floor":4.0,"turns":1.0},{"damage":35.0,"enemies":"Lagavulin","floor":7.0,"turns":8.0},{"damage":23.0,"enemies":"3 Sentries","floor":10.0,"turns":10.0},{"damage":0.0,"enemies":"Blue Slaver","floor":11.0,"turns":4.0},{"damage":0,"enemies":"Gremlin Nob","floor":12,"turns":4},{"damage":4,"enemies":"The Guardian","floor":16,"turns":16},{"damage":10,"enemies":"Spheric Guardian","floor":18,"turns":8},{"damage":0,"enemies":"3 Byrds","floor":19,"turns":3},{"damage":0,"enemies":"Snake Plant","floor":21,"turns":7},{"damage":12,"enemies":"Slavers","floor":27,"turns":6},{"damage":21,"enemies":"Gremlin Leader","floor":29,"turns":9},{"damage":0,"enemies":"Sentry and Sphere","floor":30,"turns":6},{"damage":6,"enemies":"3 Cultists","floor":31,"turns":4},{"damage":71,"enemies":"Champ","floor":33,"turns":16}],"seed_played":"7524427270020425926","potions_obtained":[{"floor":7.0,"key":"Dexterity Potion"},{"floor":10.0,"key":"GhostInAJar"},{"floor":12,"key":"LiquidBronze"}],"is_trial":false,"path_per_floor":["M","$","M","M","?","R","E","R","T","E","M","?","?","?","R","B",null,"M","M","?","M","?","R","$","R","T","E","R","E","M","M","R","B"],"character_chosen":"THE_SILENT","items_purchased":["AttackPotion","Lee\u0027s Waffle","Footwork"],"campfire_rested":2,"item_purchase_floors":[2,24,24],"current_hp_per_floor":[59,59,59,59,59,59,24,24,24,1,1,1,1,1,20,16,54,44,44,44,44,44,44,73,73,73,61,61,40,40,34,70,0],"gold":116,"neow_bonus":"THREE_ENEMY_KILL","is_prod":false,"is_daily":false,"chose_seed":false,"campfire_upgraded":5,"win_rate":0,"timestamp":1550771168,"path_taken":["M","$","M","M","?","R","E","R","T","E","?","?","?","?","R","BOSS","M","?","?","M","?","R","$","R","T","E","R","E","M","M","R","BOSS"],"build_version":"2019-01-23","purchased_purges":1,"victory":false,"max_hp_per_floor":[66,66,66,66,66,66,66,66,66,66,66,66,66,66,66,66,66,66,66,66,66,66,66,73,73,73,73,73,73,73,73,73,73],"card_choices":[{"not_picked":["Blur","Dodge and Roll"],"picked":"Flying Knee","floor":1.0},{"not_picked":["Deflect","Dodge and Roll"],"picked":"Dagger Spray","floor":3.0},{"not_picked":["Dodge and Roll","Setup"],"picked":"PiercingWail","floor":4.0},{"not_picked":["Sucker Punch","PiercingWail"],"picked":"Malaise","floor":7.0},{"not_picked":["Deflect","Dodge and Roll"],"picked":"Cloak And Dagger","floor":10.0},{"not_picked":["Finisher","Prepared"],"picked":"Deadly Poison","floor":11.0},{"not_picked":["Bane","Slice"],"picked":"PiercingWail","floor":12},{"not_picked":["Unload","Venomology"],"picked":"Burst","floor":16},{"not_picked":["Dodge and Roll","Riddle With Holes+1","Sucker Punch"],"picked":"SKIP","floor":18},{"not_picked":["Endless Agony","Distraction","Prepared"],"picked":"SKIP","floor":19},{"not_picked":["Riddle With Holes+1","Concentrate"],"picked":"Deadly Poison","floor":21},{"not_picked":["Underhanded Strike","Riddle With Holes"],"picked":"Backstab","floor":27},{"not_picked":["Poisoned Stab","Acrobatics"],"picked":"Predator+1","floor":29},{"not_picked":["Quick Slash","Dash"],"picked":"Acrobatics+1","floor":30},{"not_picked":["Poisoned Stab","Outmaneuver+1"],"picked":"Malaise","floor":31}],"player_experience":977606,"relics_obtained":[{"floor":7.0,"key":"Centennial Puzzle"},{"floor":9.0,"key":"Oddly Smooth Stone"},{"floor":10.0,"key":"FossilizedHelix"},{"floor":12,"key":"PreservedInsect"},{"floor":26,"key":"Regal Pillow"},{"floor":27,"key":"Whetstone"},{"floor":29,"key":"Bronze Scales"}],"event_choices":[{"damage_healed":0.0,"max_hp_gain":0.0,"max_hp_loss":0.0,"gold_gain":0.0,"event_name":"Match and Keep!","player_choice":"3 cards matched","floor":5.0,"gold_loss":0.0,"damage_taken":0.0,"cards_obtained":["Terror","Neutralize","Dodge and Roll"]},{"damage_healed":0,"gold_gain":0,"player_choice":"Searched \u00272\u0027 times","damage_taken":0,"max_hp_gain":0,"max_hp_loss":0,"event_name":"Dead Adventurer","floor":12,"gold_loss":0},{"damage_healed":0,"gold_gain":0,"player_choice":"Ignored","damage_taken":0,"max_hp_gain":0,"max_hp_loss":0,"event_name":"Golden Idol","floor":13,"gold_loss":0},{"damage_healed":0,"gold_gain":0,"player_choice":"Leave","damage_taken":0,"max_hp_gain":0,"max_hp_loss":0,"event_name":"FaceTrader","floor":14,"gold_loss":0},{"damage_healed":0,"gold_gain":0,"player_choice":"Simplicity","damage_taken":0,"max_hp_gain":0,"max_hp_loss":0,"event_name":"Back to Basics","floor":20,"gold_loss":0,"cards_upgraded":["Defend_G","Defend_G","Defend_G","Defend_G","Defend_G","Strike_G","Strike_G","Strike_G","Strike_G","Strike_G"]},{"damage_healed":0,"gold_gain":0,"player_choice":"Stole Relic","damage_taken":0,"relics_obtained":["Dream Catcher"],"max_hp_gain":0,"max_hp_loss":0,"event_name":"Addict","floor":22,"gold_loss":0,"cards_obtained":["Shame"]}],"is_beta":false,"boss_relics":[{"not_picked":["Tiny House","Snecko Eye"],"picked":"Sozu"}],"items_purged_floors":[24],"is_endless":false,"potions_floor_spawned":[7,10,12,16,21,29],"killed_by":"Champ","ascension_level":20}