{"gold_per_floor":[364,378,39,55,75,75,106,119,142,67,94,14,28,43,43,121,121,140,40,40,68,68,68,68,68,93,154,29,54,154,168,168,168],"floor_reached":33,"playtime":1121,"items_purged":["Regret","Strike_R","Strike_R"],"score":600,"play_id":"0a55edaa-ae80-4984-ab16-8c0b0bf2d766","local_time":"20190218203713","is_ascension_mode":true,"campfire_choices":[{"data":"Whirlwind","floor":6.0,"key":"SMITH"},{"data":"Double Tap","floor":15.0,"key":"SMITH"},{"data":"Exhume","floor":23,"key":"SMITH"},{"data":"Heavy Blade","floor":25,"key":"SMITH"},{"data":"Metallicize","floor":32,"key":"SMITH"}],"neow_cost":"CURSE","seed_source_timestamp":389072783654732,"circlet_count":0,"master_deck":["AscendersBane","Strike_R","Strike_R","Strike_R","Defend_R","Defend_R","Defend_R","Defend_R","Bash","Pommel Strike","Whirlwind+1","Clothesline","Metallicize+1","Heavy Blade+1","Spot Weakness","Battle Trance","Double Tap+1","Inflame","Sword Boomerang","Seeing Red","Thunderclap","Exhume+1","Ghostly","Ghostly","Ghostly","Second Wind+1","Pommel Strike+1"],"special_seed":0,"relics":["Burning Blood","Vajra","Calipers","Potion Belt","Centennial Puzzle","PreservedInsect","Velvet Choker","Red Mask","SsserpentHead","Orichalcum","Oddly Smooth Stone"],"potions_floor_usage":[27,33],"damage_taken":[{"damage":9.0,"enemies":"Small Slimes","floor":1.0,"turns":5.0},{"damage":3.0,"enemies":"Cultist","floor":2.0,"turns":3.0},{"damage":2.0,"enemies":"Jaw Worm","floor":4.0,"turns":4.0},{"damage":11.0,"enemies":"Looter","floor":5.0,"turns":4.0},{"damage":29.0,"enemies":"Lagavulin","floor":7.0,"turns":7.0},{"damage":17.0,"enemies":"Large Slime","floor":8.0,"turns":9.0},{"damage":6.0,"enemies":"Gremlin Nob","floor":11.0,"turns":3.0},{"damage":6.0,"enemies":"2 Fungi Beasts","floor":13.0,"turns":3.0},{"damage":3.0,"enemies":"Gremlin Gang","floor":14.0,"turns":2.0},{"damage":35.0,"enemies":"Slime Boss","floor":16.0,"turns":7.0},{"damage":21.0,"enemies":"Chosen","floor":18.0,"turns":4.0},{"damage":1.0,"enemies":"Masked Bandits","floor":21.0,"turns":3.0},{"damage":0,"enemies":"3 Byrds","floor":27,"turns":2},{"damage":0,"enemies":"Slavers","floor":29,"turns":5},{"damage":5,"enemies":"3 Cultists","floor":31,"turns":4},{"damage":46,"enemies":"Collector","floor":33,"turns":7}],"seed_played":"-404616280440937905","potions_obtained":[{"floor":5.0,"key":"Poison Potion"},{"floor":7.0,"key":"SkillPotion"},{"floor":8.0,"key":"Poison Potion"},{"floor":11.0,"key":"Block Potion"},{"floor":13.0,"key":"Swift Potion"},{"floor":16.0,"key":"LiquidBronze"},{"floor":27,"key":"Swift Potion"},{"floor":31,"key":"Ancient Potion"}],"is_trial":false,"path_per_floor":["M","M","$","M","M","R","E","M","T","$","E","?","M","M","R","B",null,"M","$","?","?","?","R","?","R","T","M","$","E","?","M","R","B"],"character_chosen":"IRONCLAD","items_purchased":["Vajra","Clothesline","Metallicize","Inflame"],"campfire_rested":0,"item_purchase_floors":[3,3,3,10],"current_hp_per_floor":[65,68,68,72,67,67,44,33,33,33,33,33,33,36,36,7,58,43,43,37,37,37,37,37,37,37,37,37,37,37,37,37,0],"gold":168,"neow_bonus":"TWO_FIFTY_GOLD","is_prod":false,"is_daily":false,"chose_seed":false,"campfire_upgraded":5,"win_rate":0,"timestamp":1550540233,"path_taken":["M","M","$","M","M","R","E","M","T","$","E","?","?","M","R","BOSS","M","$","?","?","?","R","?","R","T","?","$","E","?","M","R","BOSS"],"build_version":"2019-01-23","purchased_purges":3,"victory":false,"max_hp_per_floor":[75,75,75,75,75,75,75,75,75,75,75,75,75,75,75,75,75,75,75,37,37,37,37,37,37,37,37,37,37,37,37,37,37],"card_choices":[{"not_picked":["Bloodletting","True Grit"],"picked":"Pommel Strike","floor":1.0},{"not_picked":["Seeing Red","Warcry"],"picked":"Whirlwind","floor":2.0},{"not_picked":["Entrench","Dual Wield"],"picked":"Heavy Blade","floor":4.0},{"not_picked":["True Grit","Infernal Blade"],"picked":"Spot Weakness","floor":5.0},{"not_picked":["Perfected Strike","Blood for Blood"],"picked":"Battle Trance","floor":7.0},{"not_picked":["Flex","Seeing Red"],"picked":"Double Tap","floor":8.0},{"not_picked":["Body Slam","Clothesline"],"picked":"Sword Boomerang","floor":11.0},{"not_picked":["Headbutt","Seeing Red","Iron Wave"],"picked":"SKIP","floor":13.0},{"not_picked":["Headbutt","Seeing Red","Iron Wave"],"picked":"SKIP","floor":13.0},{"not_picked":["Headbutt","Iron Wave"],"picked":"Seeing Red","floor":13.0},{"not_picked":["Power Through","Clothesline"],"picked":"Thunderclap","floor":14.0},{"not_picked":["Berserk","Double Tap"],"picked":"Exhume","floor":16.0},{"not_picked":["Anger","Clash","Flex"],"picked":"SKIP","floor":18.0},{"not_picked":["Fire Breathing","Cleave"],"picked":"Second Wind+1","floor":27},{"not_picked":["Flex+1","Juggernaut","Second Wind+1"],"picked":"SKIP","floor":29},{"not_picked":["Wild Strike","Clash"],"picked":"Pommel Strike+1","floor":31}],"player_experience":956261,"relics_obtained":[{"floor":7.0,"key":"Calipers"},{"floor":9.0,"key":"Potion Belt"},{"floor":11.0,"key":"Centennial Puzzle"},{"floor":21.0,"key":"Red Mask"},{"floor":26,"key":"Orichalcum"},{"floor":29,"key":"Oddly Smooth Stone"}],"event_choices":[{"damage_healed":0.0,"max_hp_gain":0.0,"max_hp_loss":0.0,"gold_gain":0.0,"event_name":"WeMeetAgain","player_choice":"Paid Gold","floor":12.0,"gold_loss":80.0,"damage_taken":0.0,"relics_obtained":["PreservedInsect"]},{"damage_healed":0.0,"max_hp_gain":0.0,"max_hp_loss":38.0,"gold_gain":0.0,"event_name":"Ghosts","player_choice":"Became a Ghost","floor":20.0,"gold_loss":0.0,"damage_taken":0.0,"cards_obtained":["Ghostly","Ghostly","Ghostly"]},{"damage_healed":0.0,"max_hp_gain":0.0,"max_hp_loss":0.0,"gold_gain":0.0,"event_name":"Masked Bandits","player_choice":"Fought Bandits","floor":21.0,"gold_loss":0.0,"damage_taken":0.0},{"damage_healed":0.0,"max_hp_gain":0.0,"max_hp_loss":0.0,"gold_gain":0.0,"event_name":"Vampires","player_choice":"Ignored","floor":22.0,"gold_loss":0.0,"damage_taken":0.0},{"damage_healed":0,"gold_gain":0,"player_choice":"Trade","damage_taken":0,"relics_obtained":["SsserpentHead"],"max_hp_gain":0,"max_hp_loss":0,"event_name":"FaceTrader","floor":24,"gold_loss":0},{"damage_healed":0,"gold_gain":100,"player_choice":"Bet on Murderer","damage_taken":0,"max_hp_gain":0,"max_hp_loss":0,"event_name":"The Joust","floor":30,"gold_loss":50}],"is_beta":false,"boss_relics":[{"not_picked":["Black Blood","Ectoplasm"],"picked":"Velvet Choker"}],"items_purged_floors":[3,19,28],"is_endless":false,"potions_floor_spawned":[5,7,8,11,13,16,27,31],"killed_by":"Collector","ascension_level":20}