{"gold_per_floor":[111,186,202,220,233,233,158,158,158,158,168,196,206,29,29,128,128,145,145,60,60,60,60,80,80,80,0,15,15,15,49,49,145,145,160,179,179,193,246,246,246,271,296,306,338,25,41,41,41,41],"floor_reached":51,"playtime":2619,"items_purged":["Strike_G","Strike_G","Clumsy"],"score":826,"play_id":"b0df466b-730b-4b62-97aa-a10ec2cb26f7","local_time":"20190221155538","is_ascension_mode":true,"campfire_choices":[{"data":"Neutralize","floor":6,"key":"SMITH"},{"data":"Dagger Spray","floor":8,"key":"SMITH"},{"data":"Dodge and Roll","floor":10,"key":"SMITH"},{"data":"Bouncing Flask","floor":15,"key":"SMITH"},{"data":"Dodge and Roll","floor":23,"key":"SMITH"},{"data":"Caltrops","floor":25,"key":"SMITH"},{"data":"Leg Sweep","floor":30,"key":"SMITH"},{"data":"Venomology","floor":32,"key":"SMITH"},{"data":"Noxious Fumes","floor":40,"key":"SMITH"},{"data":"Footwork","floor":49,"key":"SMITH"}],"neow_cost":"NONE","seed_source_timestamp":16757936887241,"circlet_count":0,"master_deck":["Defend_G","Defend_G","Defend_G","Defend_G","Defend_G","Strike_G","Survivor","Neutralize+1","Dodge and Roll+1","Dagger Spray+1","Cloak And Dagger","Noxious Fumes+1","Leg Sweep+1","Bouncing Flask+1","Venomology+1","Cloak And Dagger","Caltrops+1","After Image","Dodge and Roll+1","Sucker Punch","Venomology","PiercingWail","Adrenaline","Bouncing Flask+1","Bouncing Flask+1","Calculated Gamble","Footwork+1","Escape Plan"],"special_seed":0,"relics":["Ring of the Serpent","The Courier","StoneCalendar","Potion Belt","Snake Skull","Blue Candle","Vajra","Cursed Key","Tough Bandages","Oddly Smooth Stone","Boot","Omamori"],"potions_floor_usage":[16,16,24,28,28,33,33,33,35,38,38,39,39,39,42,42,44,45,47,47,48,50,50,50,50,50,50,50,50],"damage_taken":[{"damage":0.0,"enemies":"Cultist","floor":1.0,"turns":4.0},{"damage":1.0,"enemies":"2 Louse","floor":3.0,"turns":5.0},{"damage":5,"enemies":"Jaw Worm","floor":4,"turns":7},{"damage":2,"enemies":"3 Louse","floor":5,"turns":3},{"damage":0,"enemies":"Large Slime","floor":11,"turns":4},{"damage":8,"enemies":"Lagavulin","floor":12,"turns":8},{"damage":4,"enemies":"Looter","floor":13,"turns":3},{"damage":16,"enemies":"Slime Boss","floor":16,"turns":5},{"damage":9,"enemies":"Shell Parasite","floor":18,"turns":7},{"damage":4,"enemies":"3 Byrds","floor":24,"turns":6},{"damage":7,"enemies":"Snake Plant","floor":28,"turns":4},{"damage":6,"enemies":"Book of Stabbing","floor":31,"turns":7},{"damage":26,"enemies":"Automaton","floor":33,"turns":9},{"damage":3,"enemies":"3 Shapes","floor":35,"turns":4},{"damage":0,"enemies":"Orb Walker","floor":36,"turns":5},{"damage":7,"enemies":"Transient","floor":38,"turns":5},{"damage":18,"enemies":"2 Orb Walkers","floor":39,"turns":5},{"damage":5,"enemies":"Nemesis","floor":42,"turns":7},{"damage":4,"enemies":"Spire Growth","floor":44,"turns":5},{"damage":8,"enemies":"Giant Head","floor":45,"turns":8},{"damage":1,"enemies":"Sphere and 2 Shapes","floor":47,"turns":4},{"damage":0,"enemies":"Jaw Worm Horde","floor":48,"turns":1},{"damage":8,"enemies":"Awakened One","floor":50,"turns":15}],"seed_played":"5644589008585992689","potions_obtained":[{"floor":3.0,"key":"LiquidBronze"},{"floor":12,"key":"Strength Potion"},{"floor":13,"key":"Fire Potion"},{"floor":16,"key":"Swift Potion"},{"floor":31,"key":"Energy Potion"},{"floor":38,"key":"Regen Potion"},{"floor":44,"key":"Block Potion"},{"floor":45,"key":"Dexterity Potion"},{"floor":47,"key":"Ancient Potion"}],"is_trial":false,"path_per_floor":["M","?","M","M","M","R","$","R","T","R","M","E","M","$","R","B",null,"M","?","?","?","?","R","M","R","T","$","M","?","R","E","R","B",null,"M","M","?","M","?","R","?","E","T","M","E","$","M","M","R","B",null],"character_chosen":"THE_SILENT","items_purchased":["Caltrops","Potion Belt","Footwork","Omamori","Escape Plan"],"campfire_rested":0,"item_purchase_floors":[14,14,46,46,46],"current_hp_per_floor":[70,63,62,57,55,55,55,55,55,55,55,47,43,43,43,27,70,61,45,45,45,45,45,41,41,41,41,34,57,57,51,51,25,70,67,67,67,60,57,57,57,52,52,48,40,40,53,53,53,60],"gold":41,"neow_bonus":"THREE_CARDS","is_prod":false,"is_daily":false,"chose_seed":false,"campfire_upgraded":10,"win_rate":0,"timestamp":1550760938,"path_taken":["M","?","M","M","?","R","$","R","T","R","M","E","M","?","R","BOSS","M","?","?","?","?","R","M","R","T","$","M","?","R","E","R","BOSS","M","M","?","?","?","R","?","E","T","M","E","?","?","M","R","BOSS"],"build_version":"2019-01-23","purchased_purges":3,"victory":true,"max_hp_per_floor":[70,70,70,70,70,70,70,70,70,70,70,70,70,70,70,70,70,70,70,70,70,70,70,70,70,70,70,70,70,70,70,70,70,70,70,70,70,70,70,70,70,70,70,70,70,70,70,70,70,70],"card_choices":[{"not_picked":["Slice","Eviscerate"],"picked":"Dodge and Roll","floor":0.0},{"not_picked":["Deadly Poison","Outmaneuver"],"picked":"Dagger Spray","floor":1.0},{"not_picked":["Underhanded Strike","Bane"],"picked":"Cloak And Dagger","floor":3.0},{"not_picked":["Escape Plan","Catalyst"],"picked":"Noxious Fumes","floor":4},{"not_picked":["Bane","Deflect"],"picked":"Leg Sweep","floor":5},{"not_picked":["Bane","Endless Agony"],"picked":"Bouncing Flask","floor":11},{"not_picked":["Prepared","Reflex"],"picked":"Venomology","floor":12},{"not_picked":["Deflect","Escape Plan"],"picked":"Cloak And Dagger","floor":13},{"not_picked":["A Thousand Cuts","Glass Knife"],"picked":"After Image","floor":16},{"not_picked":["Sucker Punch","Flechettes+1"],"picked":"Dodge and Roll","floor":18},{"not_picked":["Poisoned Stab","Prepared","Dagger Spray"],"picked":"SKIP","floor":24},{"not_picked":["Infinite Blades","Sucker Punch","Eviscerate"],"picked":"SKIP","floor":28},{"not_picked":["Quick Slash","Dagger Spray+1"],"picked":"PiercingWail","floor":31},{"not_picked":["Venomology","A Thousand Cuts"],"picked":"Adrenaline","floor":33},{"not_picked":["Acrobatics","Dagger Spray+1","Dagger Throw"],"picked":"SKIP","floor":35},{"not_picked":["Heel Hook","Cloak And Dagger+1","Flechettes+1"],"picked":"SKIP","floor":36},{"not_picked":["Deadly Poison","Sucker Punch+1","Prepared+1"],"picked":"SKIP","floor":38},{"not_picked":["Backstab","Dagger Throw"],"picked":"Bouncing Flask+1","floor":42},{"not_picked":["Dagger Throw","Doppelganger"],"picked":"Calculated Gamble","floor":44},{"not_picked":["Acrobatics","Venomology","Underhanded Strike"],"picked":"SKIP","floor":45},{"not_picked":["Infinite Blades+1","Acrobatics","Riddle With Holes+1"],"picked":"SKIP","floor":47}],"player_experience":219507,"relics_obtained":[{"floor":9,"key":"The Courier"},{"floor":12,"key":"StoneCalendar"},{"floor":26,"key":"Blue Candle"},{"floor":31,"key":"Vajra"},{"floor":39,"key":"Tough Bandages"},{"floor":42,"key":"Oddly Smooth Stone"},{"floor":43,"key":"Boot"}],"event_choices":[{"damage_healed":0.0,"max_hp_gain":0.0,"max_hp_loss":0.0,"gold_gain":75.0,"event_name":"FaceTrader","player_choice":"Touch","floor":2.0,"gold_loss":0.0,"damage_taken":7.0},{"damage_healed":0,"gold_gain":0,"player_choice":"Obtained Book","damage_taken":16,"max_hp_gain":0,"max_hp_loss":0,"event_name":"Cursed Tome","floor":19,"gold_loss":0},{"damage_healed":0,"gold_gain":0,"player_choice":"Obtained Relic","damage_taken":0,"relics_obtained":["Snake Skull"],"max_hp_gain":0,"max_hp_loss":0,"event_name":"Addict","floor":20,"gold_loss":85},{"damage_healed":0,"gold_gain":0,"cards_transformed":["Strike_G","Strike_G"],"player_choice":"Became Test Subject","damage_taken":0,"max_hp_gain":0,"max_hp_loss":0,"event_name":"Drug Dealer","floor":21,"gold_loss":0,"cards_obtained":["Sucker Punch","Venomology"]},{"damage_healed":0,"gold_gain":0,"player_choice":"Ignored","damage_taken":0,"max_hp_gain":0,"max_hp_loss":0,"event_name":"The Mausoleum","floor":22,"gold_loss":0},{"damage_healed":23,"gold_gain":0,"player_choice":"Heal","damage_taken":0,"max_hp_gain":0,"max_hp_loss":0,"event_name":"The Library","floor":29,"gold_loss":0},{"damage_healed":0,"gold_gain":0,"player_choice":"Copied","damage_taken":0,"max_hp_gain":0,"max_hp_loss":0,"event_name":"Duplicator","floor":37,"gold_loss":0,"cards_obtained":["Bouncing Flask"]},{"damage_healed":0,"gold_gain":0,"player_choice":"Fight","damage_taken":0,"max_hp_gain":0,"max_hp_loss":0,"event_name":"Mysterious Sphere","floor":39,"gold_loss":0},{"damage_healed":0,"gold_gain":0,"player_choice":"Ignored","damage_taken":0,"max_hp_gain":0,"max_hp_loss":0,"event_name":"Tomb of Lord Red Mask","floor":41,"gold_loss":0}],"is_beta":false,"boss_relics":[{"not_picked":["Snecko Eye","Orrery"],"picked":"Ring of the Serpent"},{"not_picked":["Eternal Feather","Pandora\u0027s Box"],"picked":"Cursed Key"}],"items_purged_floors":[7,27,46],"is_endless":false,"potions_floor_spawned":[3,12,13,16,24,31,36,38,44,45,47],"ascension_level":3}