{"gold_per_floor":[113,130,130,143,159,189,189,201,201,126,153,153,166,198,198,275,275,292,292,192,212,231,231,231,263,286,286,302,332,23,42,42,117,117,137,154,174,192,242,242,242,271,271,285,285,285,116,135,135,135],"floor_reached":50,"playtime":2116,"items_purged":["Strike_B","Strike_B","Defend_B"],"score":1293,"play_id":"7e2cf7d1-35b8-4262-9dfa-c63fdd1b28e8","local_time":"20190210030142","is_ascension_mode":true,"campfire_choices":[{"data":"Buffer","floor":7.0,"key":"SMITH"},{"data":"Sunder","floor":15.0,"key":"SMITH"},{"data":"Beam Cell","floor":23.0,"key":"SMITH"},{"data":"Beam Cell","floor":27.0,"key":"SMITH"},{"floor":32.0,"key":"REST"},{"floor":40,"key":"RECALL"},{"data":"Cold Snap","floor":46,"key":"SMITH"},{"data":"Buffer","floor":49,"key":"SMITH"}],"neow_cost":"NONE","seed_source_timestamp":0,"circlet_count":0,"master_deck":["AscendersBane","Strike_B","Strike_B+1","Defend_B","Defend_B","Zap+1","Dualcast","Glacier","Doom and Gloom+1","Sunder+1","Cold Snap+1","Buffer+1","Self Repair","Glacier+1","Skim+1","Steam+1","Beam Cell+1","Fission+1","Beam Cell+1","Cold Snap+1","Reboot+1","Storm+1","White Noise+1","White Noise+1","Panacea+1","Genetic Algorithm+1","Amplify+1","Tempest+1","Compile Driver+1","Fusion+1","Writhe","Conserve Battery+1","Ball Lightning+1","Blind+1","Sunder+1","Buffer+1"],"special_seed":0,"relics":["Cracked Core","Pear","Pantograph","Toxic Egg 2","Bottled Tornado","Sozu","Nilry\u0027s Codex","MutagenicStrength","Molten Egg 2","Juzu Bracelet","Whetstone","Runic Capacitor","Nuclear Battery","Bronze Scales"],"potions_floor_usage":[],"damage_taken":[{"damage":1.0,"enemies":"Cultist","floor":1.0,"turns":3.0},{"damage":0.0,"enemies":"Small Slimes","floor":2.0,"turns":4.0},{"damage":9.0,"enemies":"Jaw Worm","floor":4.0,"turns":4.0},{"damage":3.0,"enemies":"Blue Slaver","floor":5.0,"turns":4.0},{"damage":42.0,"enemies":"Gremlin Nob","floor":6.0,"turns":5.0},{"damage":0.0,"enemies":"Lots of Slimes","floor":8.0,"turns":1.0},{"damage":12.0,"enemies":"Lagavulin","floor":11.0,"turns":7.0},{"damage":0.0,"enemies":"Exordium Thugs","floor":13.0,"turns":4.0},{"damage":0.0,"enemies":"3 Sentries","floor":14.0,"turns":6.0},{"damage":0.0,"enemies":"Slime Boss","floor":16.0,"turns":6.0},{"damage":0.0,"enemies":"Shell Parasite","floor":18.0,"turns":9.0},{"damage":7.0,"enemies":"Chosen","floor":21.0,"turns":4.0},{"damage":0.0,"enemies":"Snecko","floor":22.0,"turns":4.0},{"damage":20.0,"enemies":"Book of Stabbing","floor":25.0,"turns":5.0},{"damage":8.0,"enemies":"Snake Plant","floor":28.0,"turns":3.0},{"damage":29.0,"enemies":"Gremlin Leader","floor":29.0,"turns":4.0},{"damage":0.0,"enemies":"3 Cultists","floor":31.0,"turns":4.0},{"damage":1.0,"enemies":"Champ","floor":33.0,"turns":7.0},{"damage":0.0,"enemies":"Orb Walker","floor":35.0,"turns":2.0},{"damage":0.0,"enemies":"3 Darklings","floor":36.0,"turns":3.0},{"damage":0.0,"enemies":"Jaw Worm Horde","floor":37.0,"turns":2.0},{"damage":24.0,"enemies":"4 Shapes","floor":38.0,"turns":4.0},{"damage":0,"enemies":"Nemesis","floor":42,"turns":9},{"damage":0,"enemies":"Spire Growth","floor":44,"turns":4},{"damage":8,"enemies":"Jaw Worm Horde","floor":48,"turns":5},{"damage":88,"enemies":"Time Eater","floor":50,"turns":9}],"seed_played":"5978032569896898085","potions_obtained":[{"floor":1.0,"key":"Energy Potion"},{"floor":6.0,"key":"SteroidPotion"},{"floor":14.0,"key":"AttackPotion"}],"is_trial":false,"path_per_floor":["M","M","?","M","M","E","R","M","T","$","E","?","M","E","R","B",null,"M","?","$","M","M","R","?","E","T","R","M","E","$","M","R","B",null,"M","M","M","M","?","R","?","E","T","M","?","R","$","M","R","B"],"character_chosen":"DEFECT","items_purchased":["Runic Capacitor","Panacea+1","Sunder+1"],"campfire_rested":1,"item_purchase_floors":[30,30,47],"current_hp_per_floor":[63,63,63,54,51,19,19,19,19,19,14,14,21,28,28,53,74,81,60,60,53,60,60,60,40,40,40,39,10,10,17,41,72,79,79,81,81,64,56,56,72,81,81,81,81,81,81,81,81,0],"gold":135,"neow_bonus":"UPGRADE_CARD","is_prod":false,"is_daily":false,"chose_seed":false,"campfire_upgraded":6,"win_rate":0,"timestamp":1549735302,"path_taken":["M","?","?","M","M","E","R","M","T","?","E","?","M","E","R","BOSS","M","?","$","M","M","R","?","E","T","R","M","E","?","M","R","BOSS","M","M","M","M","?","R","?","E","T","M","?","R","?","M","R","BOSS"],"build_version":"2019-01-23","purchased_purges":3,"victory":false,"max_hp_per_floor":[71,71,71,71,71,81,81,81,81,81,81,81,81,81,81,81,81,81,81,81,81,81,81,81,81,81,81,81,81,81,81,81,81,81,81,81,81,81,81,81,81,81,81,81,81,81,81,81,81,81],"card_choices":[{"not_picked":["Compile Driver","Beam Cell"],"picked":"Glacier","floor":1.0},{"not_picked":["Compile Driver","Go for the Eyes"],"picked":"Doom and Gloom","floor":2.0},{"not_picked":["Sweeping Beam","Chaos"],"picked":"Sunder","floor":4.0},{"not_picked":["Tempest","Go for the Eyes"],"picked":"Cold Snap","floor":5.0},{"not_picked":["Hologram","Ball Lightning"],"picked":"Buffer","floor":6.0},{"not_picked":["Gash","Consume"],"picked":"Self Repair","floor":8.0},{"not_picked":["Gash","Reprogram"],"picked":"Glacier","floor":11.0},{"not_picked":["Rebound","Redo+1"],"picked":"Steam+1","floor":13.0},{"not_picked":["Blizzard","Static Discharge"],"picked":"Beam Cell","floor":14.0},{"not_picked":["Thunder Strike","All For One"],"picked":"Fission+1","floor":16.0},{"not_picked":["Go for the Eyes","Gash"],"picked":"Beam Cell","floor":18.0},{"not_picked":["Gash+1","Leap+1"],"picked":"Cold Snap","floor":21.0},{"not_picked":["Force Field+1","Turbo+1"],"picked":"Reboot+1","floor":22.0},{"not_picked":["Blizzard","Rebound"],"picked":"Storm+1","floor":25.0},{"not_picked":["Blizzard+1","Coolheaded+1"],"picked":"White Noise+1","floor":28.0},{"not_picked":["Sweeping Beam+1","Sunder+1"],"picked":"White Noise+1","floor":29.0},{"not_picked":["Cold Snap+1","Melter+1"],"picked":"Genetic Algorithm+1","floor":31.0},{"not_picked":["Rainbow+1","Hyperbeam+1"],"picked":"Amplify+1","floor":33.0},{"not_picked":["Heatsinks","Capacitor","Genetic Algorithm+1"],"picked":"SKIP","floor":35.0},{"not_picked":["Compile Driver+1","Coolheaded+1"],"picked":"Tempest+1","floor":36.0},{"not_picked":["Sweeping Beam+1","Melter+1"],"picked":"Compile Driver+1","floor":37.0},{"not_picked":["Doom and Gloom+1","Gash+1"],"picked":"Fusion+1","floor":38.0},{"not_picked":["Redo+1","Hello World"],"picked":"Conserve Battery+1","floor":42},{"not_picked":["Sunder+1","Glacier+1"],"picked":"Ball Lightning+1","floor":44},{"not_picked":["Panacea+1","Swift Strike+1"],"picked":"Blind+1","floor":45},{"not_picked":["Cold Snap+1","Barrage+1"],"picked":"Buffer","floor":48}],"player_experience":1108514,"relics_obtained":[{"floor":6.0,"key":"Pear"},{"floor":9.0,"key":"Pantograph"},{"floor":11.0,"key":"Toxic Egg 2"},{"floor":14.0,"key":"Bottled Tornado"},{"floor":19.0,"key":"Nilry\u0027s Codex"},{"floor":25.0,"key":"Molten Egg 2"},{"floor":26.0,"key":"Juzu Bracelet"},{"floor":29.0,"key":"Whetstone"},{"floor":42,"key":"Bronze Scales"}],"event_choices":[{"damage_healed":0.0,"max_hp_gain":0.0,"max_hp_loss":0.0,"gold_gain":0.0,"event_name":"Upgrade Shrine","player_choice":"Upgraded","floor":3.0,"gold_loss":0.0,"damage_taken":0.0,"cards_upgraded":["Doom and Gloom"]},{"damage_healed":0.0,"max_hp_gain":0.0,"max_hp_loss":0.0,"gold_gain":0.0,"cards_transformed":["Defend_B"],"event_name":"Transmorgrifier","player_choice":"Transformed","floor":12.0,"gold_loss":0.0,"damage_taken":0.0,"cards_obtained":["Skim"]},{"damage_healed":0.0,"max_hp_gain":0.0,"max_hp_loss":0.0,"gold_gain":0.0,"event_name":"Cursed Tome","player_choice":"Obtained Book","floor":19.0,"gold_loss":0.0,"damage_taken":21.0},{"damage_healed":0.0,"max_hp_gain":0.0,"max_hp_loss":0.0,"gold_gain":0.0,"event_name":"Drug Dealer","player_choice":"Inject Mutagens","floor":24.0,"gold_loss":0.0,"damage_taken":0.0,"relics_obtained":["MutagenicStrength"]},{"damage_healed":0,"gold_gain":50,"player_choice":"Touch","damage_taken":8,"max_hp_gain":0,"max_hp_loss":0,"event_name":"FaceTrader","floor":39,"gold_loss":0},{"damage_healed":16,"gold_gain":0,"player_choice":"Writhe","damage_taken":0,"max_hp_gain":0,"max_hp_loss":0,"event_name":"Winding Halls","floor":41,"gold_loss":0,"cards_obtained":["Writhe"]},{"damage_healed":0,"gold_gain":0,"player_choice":"Memory 1","damage_taken":0,"max_hp_gain":0,"max_hp_loss":0,"event_name":"SensoryStone","floor":45,"gold_loss":0}],"is_beta":false,"boss_relics":[{"not_picked":["Runic Pyramid","Fusion Hammer"],"picked":"Sozu"},{"not_picked":["Philosopher\u0027s Stone","Astrolabe"],"picked":"Nuclear Battery"}],"items_purged_floors":[10,20,47],"is_endless":false,"potions_floor_spawned":[1,6,14,25,29,36,44],"killed_by":"Time Eater","ascension_level":20}