{"gold_per_floor":[116,133,149,149,0,0,12,12,12,87,87,102,72,72],"floor_reached":14,"playtime":233,"items_purged":[],"score":136,"play_id":"4e85680c-7620-4ec8-8e67-aeb1dca7ffee","local_time":"20181205175646","is_ascension_mode":true,"campfire_choices":[{"data":"Redo","floor":6.0,"key":"SMITH"},{"data":"Defragment","floor":8.0,"key":"SMITH"}],"neow_cost":"NONE","seed_source_timestamp":0,"circlet_count":0,"master_deck":["AscendersBane","Strike_B","Strike_B","Strike_B","Strike_B","Defend_B","Defend_B","Defend_B","Defend_B","Zap+1","Dualcast","Redo+1","Doom and Gloom","White Noise","Defragment+1","Redo"],"special_seed":0,"relics":["Cracked Core","FaceOfCleric","Oddly Smooth Stone","Singing Bowl"],"potions_floor_usage":[12],"damage_taken":[{"damage":7.0,"enemies":"2 Louse","floor":1.0,"turns":3.0},{"damage":5.0,"enemies":"Cultist","floor":2.0,"turns":4.0},{"damage":11.0,"enemies":"Small Slimes","floor":3.0,"turns":3.0},{"damage":0.0,"enemies":"2 Fungi Beasts","floor":7.0,"turns":4.0},{"damage":17,"enemies":"Gremlin Gang","floor":12,"turns":3},{"damage":36,"enemies":"Gremlin Nob","floor":14,"turns":3}],"seed_played":"781529651984852913","potions_obtained":[{"floor":2.0,"key":"Fire Potion"},{"floor":13,"key":"SmokeBomb"},{"floor":13,"key":"SpeedPotion"}],"is_trial":false,"path_per_floor":["M","M","M","?","$","R","M","R","T","?","?","M","?","E"],"character_chosen":"DEFECT","items_purchased":["Oddly Smooth Stone"],"campfire_rested":0,"item_purchase_floors":[5],"current_hp_per_floor":[64,59,48,48,48,48,49,49,49,38,38,22,22,0],"gold":72,"neow_bonus":"TEN_PERCENT_HP_BONUS","is_prod":false,"is_daily":false,"chose_seed":false,"campfire_upgraded":2,"win_rate":0,"timestamp":1544000206,"path_taken":["M","M","M","?","?","R","?","R","T","?","?","M","?","E"],"build_version":"2018-11-15","purchased_purges":0,"victory":false,"max_hp_per_floor":[78,78,78,78,78,78,79,79,79,79,79,80,80,80],"card_choices":[{"not_picked":["Hologram","Capacitor"],"picked":"Redo","floor":1.0},{"not_picked":["Cold Snap","Gash"],"picked":"Doom and Gloom","floor":2.0},{"not_picked":["Skim","Rebound"],"picked":"White Noise","floor":3.0},{"not_picked":["Doom and Gloom","Force Field"],"picked":"Defragment","floor":7.0},{"not_picked":["Steam","Sweeping Beam"],"picked":"Redo","floor":12}],"player_experience":937725,"relics_obtained":[{"floor":9.0,"key":"Singing Bowl"}],"event_choices":[{"damage_healed":0.0,"max_hp_gain":0.0,"max_hp_loss":0.0,"gold_gain":0.0,"event_name":"FaceTrader","player_choice":"Trade","floor":4.0,"gold_loss":0.0,"damage_taken":0.0,"relics_obtained":["FaceOfCleric"]},{"damage_healed":0.0,"max_hp_gain":0.0,"max_hp_loss":0.0,"gold_gain":75.0,"event_name":"World of Goop","player_choice":"Gather Gold","floor":10.0,"gold_loss":0.0,"damage_taken":11.0},{"damage_healed":0.0,"max_hp_gain":0.0,"max_hp_loss":0.0,"gold_gain":0.0,"event_name":"Living Wall","player_choice":"Grow","floor":11.0,"gold_loss":0.0,"damage_taken":0.0,"cards_upgraded":["Zap"]},{"damage_healed":0,"gold_gain":0,"player_choice":"Bought 2 Potions","damage_taken":0,"max_hp_gain":0,"max_hp_loss":0,"event_name":"The Woman in Blue","floor":13,"gold_loss":0}],"is_beta":false,"boss_relics":[],"items_purged_floors":[],"is_endless":false,"potions_floor_spawned":[2],"killed_by":"Gremlin Nob","ascension_level":14}