{"gold_per_floor":[112,112,124,137,151,151,181,196,219,109,136,80,100,128,128,200,200,211,211,229,229,229,229,258,269,269,302,302,302,57,92,92,169,169,185,201,92,104,104,104,134,134,134,134,145,156,185,185,185,185,185],"floor_reached":51,"playtime":2490,"items_purged":[],"score":1591,"play_id":"3fcea6b9-bae5-4a6f-a9c6-4ad0834c72a9","local_time":"20190208195924","is_ascension_mode":true,"campfire_choices":[{"data":"Perfected Strike","floor":6.0,"key":"SMITH"},{"floor":15.0,"key":"REST"},{"floor":23.0,"key":"REST"},{"data":"Evolve","floor":28.0,"key":"SMITH"},{"floor":32.0,"key":"REST"},{"data":"Armaments","floor":40.0,"key":"SMITH"},{"data":"Immolate","floor":42.0,"key":"SMITH"},{"data":"Shockwave","floor":44.0,"key":"SMITH"},{"data":"Perfected Strike","floor":49.0,"key":"SMITH"}],"neow_cost":"NONE","seed_source_timestamp":2541694755701972,"circlet_count":0,"master_deck":["AscendersBane","Strike_R","Strike_R","Strike_R","Strike_R","Strike_R","Defend_R","Defend_R","Defend_R","Bash+1","Pommel Strike+1","Pommel Strike","Armaments+1","Perfected Strike+1","Clothesline","Shockwave+1","Wild Strike","True Grit","Evolve+1","Immolate","Second Wind","Twin Strike","Second Wind","Immolate+1","Clothesline","Shrug It Off+1","The Bomb+1","Shrug It Off+1","Seeing Red+1","Fiend Fire","Perfected Strike","Shrug It Off+1","Perfected Strike+1","Shockwave+1","True Grit+1"],"special_seed":0,"relics":["Burning Blood","Darkstone Periapt","Boot","Juzu Bracelet","Strawberry","Snecko Eye","Enchiridion","MutagenicStrength","Gremlin Horn","Toxic Egg 2","Magic Flower","Kunai","Busted Crown","Shuriken","Blue Candle","Frozen Egg 2","Molten Egg 2"],"potions_floor_usage":[],"damage_taken":[{"damage":9.0,"enemies":"2 Louse","floor":1.0,"turns":4.0},{"damage":1.0,"enemies":"Cultist","floor":3.0,"turns":3.0},{"damage":9.0,"enemies":"Small Slimes","floor":4.0,"turns":4.0},{"damage":12.0,"enemies":"3 Louse","floor":5.0,"turns":4.0},{"damage":34.0,"enemies":"3 Sentries","floor":7.0,"turns":11.0},{"damage":6.0,"enemies":"2 Fungi Beasts","floor":8.0,"turns":3.0},{"damage":6.0,"enemies":"Gremlin Nob","floor":11.0,"turns":3.0},{"damage":19.0,"enemies":"Exordium Thugs","floor":13.0,"turns":4.0},{"damage":18.0,"enemies":"Lagavulin","floor":14.0,"turns":6.0},{"damage":37.0,"enemies":"The Guardian","floor":16.0,"turns":16.0},{"damage":0.0,"enemies":"Chosen","floor":18.0,"turns":2.0},{"damage":22.0,"enemies":"Shell Parasite","floor":20.0,"turns":4.0},{"damage":11.0,"enemies":"Book of Stabbing","floor":24.0,"turns":4.0},{"damage":13.0,"enemies":"Snecko","floor":25.0,"turns":3.0},{"damage":0.0,"enemies":"Gremlin Leader","floor":27.0,"turns":2.0},{"damage":23.0,"enemies":"Book of Stabbing","floor":31.0,"turns":3.0},{"damage":43.0,"enemies":"Collector","floor":33.0,"turns":7.0},{"damage":6.0,"enemies":"3 Darklings","floor":35.0,"turns":4.0},{"damage":1.0,"enemies":"Orb Walker","floor":36.0,"turns":2.0},{"damage":0.0,"enemies":"Jaw Worm Horde","floor":38.0,"turns":2.0},{"damage":22.0,"enemies":"Giant Head","floor":41.0,"turns":6.0},{"damage":4.0,"enemies":"4 Shapes","floor":45.0,"turns":3.0},{"damage":0.0,"enemies":"3 Darklings","floor":46.0,"turns":1.0},{"damage":0.0,"enemies":"Reptomancer","floor":47.0,"turns":2.0},{"damage":78.0,"enemies":"Time Eater","floor":50.0,"turns":8.0},{"damage":24,"enemies":"Awakened One","floor":51,"turns":4}],"seed_played":"5908120421748025441","potions_obtained":[{"floor":1.0,"key":"Dexterity Potion"},{"floor":4.0,"key":"Swift Potion"},{"floor":13.0,"key":"GamblersBrew"},{"floor":16.0,"key":"Dexterity Potion"},{"floor":25.0,"key":"Block Potion"},{"floor":31.0,"key":"Explosive Potion"},{"floor":33.0,"key":"LiquidBronze"},{"floor":35.0,"key":"Swift Potion"},{"floor":41.0,"key":"Fire Potion"},{"floor":46.0,"key":"EssenceOfSteel"},{"floor":47.0,"key":"PowerPotion"}],"is_trial":false,"path_per_floor":["M","?","M","M","M","R","E","M","T","$","E","?","M","E","R","B",null,"M","?","M","?","?","R","E","M","T","E","R","?","$","E","R","B",null,"M","M","$","M","?","R","E","R","T","R","M","M","E","T","R","B","B"],"character_chosen":"IRONCLAD","items_purchased":["SteroidPotion","PowerPotion","The Bomb+1","Shrug It Off+1","Shrug It Off+1","Perfected Strike"],"campfire_rested":3,"item_purchase_floors":[10,10,30,30,37,37],"current_hp_per_floor":[65,65,70,67,61,61,33,33,33,33,33,33,20,15,39,8,64,70,49,33,33,33,57,52,45,45,51,51,51,51,37,61,27,68,71,79,79,82,82,82,69,69,69,69,74,82,82,82,82,13,0],"gold":185,"neow_bonus":"UPGRADE_CARD","is_prod":false,"is_daily":false,"chose_seed":false,"campfire_upgraded":6,"win_rate":0,"timestamp":1549673964,"path_taken":["M","?","M","?","M","R","E","M","T","$","E","?","M","E","R","BOSS","M","?","M","?","?","R","E","M","T","E","R","?","$","E","R","BOSS","M","M","?","M","?","R","E","R","T","R","M","M","E","?","R","BOSS","BOSS"],"build_version":"2019-01-23","purchased_purges":0,"victory":false,"max_hp_per_floor":[75,75,75,75,75,75,75,75,75,75,75,75,75,82,82,82,82,82,82,82,82,82,82,82,82,82,82,82,82,82,82,82,82,82,82,82,82,82,82,82,82,82,82,82,82,82,82,82,82,82,82],"card_choices":[{"not_picked":["Shrug It Off","Body Slam"],"picked":"Pommel Strike","floor":1.0},{"not_picked":["Headbutt","Havoc"],"picked":"Pommel Strike","floor":3.0},{"not_picked":["Fire Breathing","Entrench"],"picked":"Armaments","floor":4.0},{"not_picked":["Heavy Blade","Battle Trance"],"picked":"Perfected Strike","floor":5.0},{"not_picked":["Brutality","Rupture"],"picked":"Clothesline","floor":7.0},{"not_picked":["Hemokinesis","Havoc"],"picked":"Shockwave","floor":8.0},{"not_picked":["Power Through","Iron Wave"],"picked":"Wild Strike","floor":11.0},{"not_picked":["Havoc","Inflame"],"picked":"True Grit","floor":13.0},{"not_picked":["Anger","Warcry"],"picked":"Evolve","floor":14.0},{"not_picked":["Barricade","Limit Break"],"picked":"Immolate","floor":16.0},{"not_picked":["Cleave","Reckless Charge"],"picked":"Second Wind","floor":18.0},{"not_picked":["Shrug It Off","Havoc"],"picked":"Twin Strike","floor":20.0},{"not_picked":["Anger","Rage","Blood for Blood"],"picked":"SKIP","floor":24.0},{"not_picked":["Flex","Clash","Fire Breathing"],"picked":"SKIP","floor":25.0},{"not_picked":["Barricade","Dark Embrace"],"picked":"Shrug It Off+1","floor":27.0},{"not_picked":["Wild Strike","Twin Strike"],"picked":"Seeing Red+1","floor":31.0},{"not_picked":["Feed","Brutality"],"picked":"Fiend Fire","floor":33.0},{"not_picked":[],"picked":"Perfected Strike","floor":35.0},{"not_picked":["Heavy Blade+1"],"picked":"SKIP","floor":36.0},{"not_picked":["Clash"],"picked":"SKIP","floor":38.0},{"not_picked":["Clash"],"picked":"SKIP","floor":41.0},{"not_picked":[],"picked":"Shockwave+1","floor":45.0},{"not_picked":["Clash"],"picked":"SKIP","floor":46.0},{"not_picked":[],"picked":"True Grit+1","floor":47.0}],"player_experience":901618,"relics_obtained":[{"floor":7.0,"key":"Darkstone Periapt"},{"floor":9.0,"key":"Boot"},{"floor":11.0,"key":"Juzu Bracelet"},{"floor":14.0,"key":"Strawberry"},{"floor":19.0,"key":"Enchiridion"},{"floor":24.0,"key":"Gremlin Horn"},{"floor":26.0,"key":"Toxic Egg 2"},{"floor":27.0,"key":"Magic Flower"},{"floor":31.0,"key":"Kunai"},{"floor":41.0,"key":"Shuriken"},{"floor":43.0,"key":"Blue Candle"},{"floor":47.0,"key":"Frozen Egg 2"},{"floor":48.0,"key":"Molten Egg 2"}],"event_choices":[{"damage_healed":0.0,"max_hp_gain":0.0,"max_hp_loss":0.0,"gold_gain":0.0,"event_name":"Upgrade Shrine","player_choice":"Upgraded","floor":2.0,"gold_loss":0.0,"damage_taken":0.0,"cards_upgraded":["Pommel Strike"]},{"damage_healed":0.0,"max_hp_gain":0.0,"max_hp_loss":0.0,"gold_gain":0.0,"event_name":"World of Goop","player_choice":"Left Gold","floor":12.0,"gold_loss":56.0,"damage_taken":0.0},{"damage_healed":0.0,"max_hp_gain":0.0,"max_hp_loss":0.0,"gold_gain":0.0,"event_name":"Cursed Tome","player_choice":"Obtained Book","floor":19.0,"gold_loss":0.0,"damage_taken":21.0},{"damage_healed":0.0,"max_hp_gain":0.0,"max_hp_loss":0.0,"gold_gain":0.0,"event_name":"Match and Keep!","player_choice":"3 cards matched","floor":21.0,"gold_loss":0.0,"damage_taken":0.0,"cards_obtained":["Second Wind","Immolate","Clothesline"]},{"damage_healed":0.0,"max_hp_gain":0.0,"max_hp_loss":0.0,"gold_gain":0.0,"event_name":"Drug Dealer","player_choice":"Inject Mutagens","floor":22.0,"gold_loss":0.0,"damage_taken":0.0,"relics_obtained":["MutagenicStrength"]},{"cards_removed":["Defend_R"],"damage_healed":0.0,"max_hp_gain":0.0,"max_hp_loss":0.0,"gold_gain":0.0,"event_name":"Purifier","player_choice":"Purged","floor":29.0,"gold_loss":0.0,"damage_taken":0.0},{"damage_healed":0.0,"max_hp_gain":0.0,"max_hp_loss":0.0,"gold_gain":0.0,"event_name":"FaceTrader","player_choice":"Leave","floor":39.0,"gold_loss":0.0,"damage_taken":0.0}],"is_beta":false,"boss_relics":[{"not_picked":["Velvet Choker","Mark of Pain"],"picked":"Snecko Eye"},{"not_picked":["Eternal Feather","Orrery"],"picked":"Busted Crown"}],"items_purged_floors":[],"is_endless":false,"potions_floor_spawned":[1,4,13,16,25,31,33,35,41,46,47],"killed_by":"Awakened One","ascension_level":20}