{"gold_per_floor":[109,121,134,134,9,43,43,60,60,60,78,109,137,152,152,254,254,269,269,369,388,388],"floor_reached":22,"playtime":1175,"items_purged":["Strike_G"],"score":225,"play_id":"dac85ede-848a-4baf-ad3c-2d8df259246c","local_time":"20190216195002","is_ascension_mode":true,"campfire_choices":[{"floor":7,"key":"REST"},{"floor":10,"key":"REST"},{"data":"Caltrops","floor":15,"key":"SMITH"}],"neow_cost":"NONE","seed_source_timestamp":121676093028712,"circlet_count":0,"master_deck":["Defend_G","Defend_G","Defend_G","Defend_G+1","Defend_G","Strike_G","Strike_G+1","Strike_G","Strike_G","Survivor","Neutralize","Caltrops+1","Dodge and Roll","Bane","Dagger Spray","Deflect","Malaise","PiercingWail","Dodge and Roll","Die Die Die","Blur+1"],"relics":["Ring of the Snake","Bag of Preparation","Pantograph","Bird Faced Urn","Odd Mushroom","Eternal Feather"],"potions_floor_usage":[6,6,12,13,13,22],"damage_taken":[{"damage":0,"enemies":"2 Louse","floor":1,"turns":2},{"damage":9,"enemies":"Jaw Worm","floor":2,"turns":7},{"damage":4,"enemies":"Cultist","floor":3,"turns":5},{"damage":34,"enemies":"Lagavulin","floor":6,"turns":9},{"damage":0,"enemies":"Exordium Thugs","floor":8,"turns":5},{"damage":5,"enemies":"3 Louse","floor":11,"turns":3},{"damage":23,"enemies":"3 Sentries","floor":12,"turns":11},{"damage":17,"enemies":"The Mushroom Lair","floor":13,"turns":4},{"damage":0,"enemies":"Blue Slaver","floor":14,"turns":6},{"damage":23,"enemies":"Hexaghost","floor":16,"turns":14},{"damage":9,"enemies":"3 Byrds","floor":18,"turns":4},{"damage":24,"enemies":"Colosseum Slavers","floor":19,"turns":5},{"damage":38,"enemies":"Spheric Guardian","floor":21,"turns":6},{"damage":16,"enemies":"Chosen and Byrds","floor":22,"turns":7}],"seed_played":"105350975131783836","potions_obtained":[{"floor":0,"key":"FearPotion"},{"floor":0,"key":"Dexterity Potion"},{"floor":3,"key":"LiquidBronze"},{"floor":8,"key":"SpeedPotion"},{"floor":12,"key":"Dexterity Potion"},{"floor":21,"key":"Energy Potion"}],"is_trial":false,"path_per_floor":["M","M","M","?","$","E","R","M","T","R","M","E","?","M","R","B",null,"M","?","?","M","M"],"character_chosen":"THE_SILENT","items_purchased":["Dagger Spray"],"campfire_rested":2,"item_purchase_floors":[5],"current_hp_per_floor":[70,61,57,43,43,9,30,30,30,51,46,23,8,10,10,14,70,63,41,41,5,0],"gold":388,"neow_bonus":"THREE_SMALL_POTIONS","is_prod":false,"is_daily":false,"chose_seed":false,"campfire_upgraded":1,"win_rate":0,"timestamp":1550343002,"path_taken":["M","M","M","?","$","E","R","M","T","R","M","E","?","?","R","BOSS","M","?","?","M","?"],"build_version":"2019-01-23","purchased_purges":1,"victory":false,"max_hp_per_floor":[70,70,70,70,70,70,70,70,70,70,70,70,70,70,70,70,70,70,70,70,70,70],"card_choices":[{"not_picked":["Slice","Calculated Gamble"],"picked":"Caltrops","floor":1},{"not_picked":["Deadly Poison","Caltrops"],"picked":"Dodge and Roll","floor":2},{"not_picked":["Noxious Fumes","PiercingWail"],"picked":"Bane","floor":3},{"not_picked":["Finisher","Acrobatics","Dagger Spray"],"picked":"SKIP","floor":6},{"not_picked":["Acrobatics","Blur"],"picked":"Deflect","floor":8},{"not_picked":["Underhanded Strike","Riddle With Holes","Poisoned Stab"],"picked":"SKIP","floor":11},{"not_picked":["Skewer","Setup"],"picked":"Malaise","floor":12},{"not_picked":["Heel Hook","Quick Slash"],"picked":"PiercingWail","floor":13},{"not_picked":["Dash","PiercingWail"],"picked":"Dodge and Roll","floor":14},{"not_picked":["Wraith Form v2","Adrenaline"],"picked":"Die Die Die","floor":16},{"not_picked":["Quick Slash+1","Eviscerate+1","Slice"],"picked":"SKIP","floor":18},{"not_picked":["Deadly Poison","Outmaneuver"],"picked":"Blur+1","floor":21}],"player_experience":210222,"relics_obtained":[{"floor":6,"key":"Bag of Preparation"},{"floor":9,"key":"Pantograph"},{"floor":12,"key":"Bird Faced Urn"},{"floor":13,"key":"Odd Mushroom"}],"event_choices":[{"damage_healed":0,"gold_gain":0,"player_choice":"Entered Light","damage_taken":14,"max_hp_gain":0,"max_hp_loss":0,"event_name":"Shining Light","floor":4,"gold_loss":0,"cards_upgraded":["Strike_G","Defend_G"]},{"damage_healed":0,"gold_gain":0,"player_choice":"Fought Mushrooms","damage_taken":0,"max_hp_gain":0,"max_hp_loss":0,"event_name":"Mushrooms","floor":13,"gold_loss":0},{"damage_healed":0,"gold_gain":0,"player_choice":"Fight","damage_taken":0,"max_hp_gain":0,"max_hp_loss":0,"event_name":"Colosseum","floor":19,"gold_loss":0},{"damage_healed":0,"gold_gain":0,"player_choice":"Fled From Nobs","damage_taken":0,"max_hp_gain":0,"max_hp_loss":0,"event_name":"Colosseum","floor":19,"gold_loss":0},{"damage_healed":0,"gold_gain":100,"player_choice":"Pray","damage_taken":0,"max_hp_gain":0,"max_hp_loss":0,"event_name":"Golden Shrine","floor":20,"gold_loss":0}],"is_beta":false,"boss_relics":[{"not_picked":["Velvet Choker","Snecko Eye"],"picked":"Eternal Feather"}],"items_purged_floors":[5],"is_endless":false,"potions_floor_spawned":[3,8,12,21],"killed_by":"Chosen and Byrds","ascension_level":3}