{"gold_per_floor":[110,110,110,123,142,142,170,187,214,230,230,241,259,292,292,366,366,381,381,381,401,1,1,32,32,32,45,77,77,111,161,161,236,236,251,251,141,153,166,166,181,195,195,33,33,43,43,58,58,58],"floor_reached":50,"playtime":2295,"items_purged":["Strike_G"],"score":1028,"play_id":"79e7f3a8-d263-4920-b646-c383e6f3e74f","local_time":"20190211020333","is_ascension_mode":true,"campfire_choices":[{"data":"Neutralize","floor":6.0,"key":"SMITH"},{"floor":11.0,"key":"REST"},{"data":"Adrenaline","floor":15.0,"key":"SMITH"},{"data":"A Thousand Cuts","floor":23.0,"key":"SMITH"},{"data":"Cloak And Dagger","floor":25.0,"key":"SMITH"},{"data":"Noxious Fumes","floor":29.0,"key":"SMITH"},{"floor":32.0,"key":"REST"},{"data":"Catalyst","floor":40.0,"key":"SMITH"},{"floor":45.0,"key":"RECALL"},{"data":"Footwork","floor":49.0,"key":"SMITH"}],"neow_cost":"NONE","seed_source_timestamp":0,"circlet_count":0,"master_deck":["AscendersBane","Defend_G","Defend_G","Defend_G","Defend_G","Strike_G+1","Strike_G","Strike_G+1","Survivor","Neutralize+1","Storm of Steel+1","Dagger Spray","Distraction","Escape Plan+1","Terror+1","Adrenaline+1","Cloak And Dagger+1","Leg Sweep","A Thousand Cuts+1","Adrenaline+1","Blur+1","Blade Dance","Noxious Fumes+1","Acrobatics","Glass Knife","Crippling Poison","Jack Of All Trades","Catalyst+1","Footwork+1","Heel Hook","Backflip+1"],"special_seed":0,"relics":["Ring of the Snake","Strawberry","Bag of Preparation","Juzu Bracelet","Busted Crown","Dream Catcher","War Paint","Centennial Puzzle","Anchor","Pen Nib","Happy Flower","Snake Skull","Coffee Dripper","Blood Vial"],"potions_floor_usage":[],"damage_taken":[{"damage":0.0,"enemies":"2 Louse","floor":1.0,"turns":6.0},{"damage":0.0,"enemies":"Small Slimes","floor":4.0,"turns":4.0},{"damage":3.0,"enemies":"Jaw Worm","floor":5.0,"turns":4.0},{"damage":29.0,"enemies":"Lagavulin","floor":7.0,"turns":8.0},{"damage":0.0,"enemies":"Lots of Slimes","floor":8.0,"turns":2.0},{"damage":0.0,"enemies":"Red Slaver","floor":10.0,"turns":1.0},{"damage":0.0,"enemies":"2 Fungi Beasts","floor":12.0,"turns":3.0},{"damage":0.0,"enemies":"Gremlin Gang","floor":13.0,"turns":2.0},{"damage":10.0,"enemies":"3 Sentries","floor":14.0,"turns":6.0},{"damage":7.0,"enemies":"The Guardian","floor":16.0,"turns":17.0},{"damage":0.0,"enemies":"3 Byrds","floor":18.0,"turns":3.0},{"damage":3.0,"enemies":"Chosen","floor":21.0,"turns":5.0},{"damage":13.0,"enemies":"Gremlin Leader","floor":24.0,"turns":6.0},{"damage":2.0,"enemies":"Snecko","floor":27.0,"turns":5.0},{"damage":5.0,"enemies":"Book of Stabbing","floor":28.0,"turns":5.0},{"damage":2.0,"enemies":"Gremlin Leader","floor":30.0,"turns":4.0},{"damage":36.0,"enemies":"Collector","floor":33.0,"turns":6.0},{"damage":0.0,"enemies":"Orb Walker","floor":35.0,"turns":2.0},{"damage":2.0,"enemies":"3 Shapes","floor":38.0,"turns":2.0},{"damage":9.0,"enemies":"3 Darklings","floor":39.0,"turns":2.0},{"damage":0.0,"enemies":"Jaw Worm Horde","floor":41.0,"turns":4.0},{"damage":9.0,"enemies":"Maw","floor":42.0,"turns":5.0},{"damage":10.0,"enemies":"Spire Growth","floor":46.0,"turns":5.0},{"damage":4.0,"enemies":"Transient","floor":48.0,"turns":6.0},{"damage":39,"enemies":"Time Eater","floor":50,"turns":7}],"seed_played":"3949554166545952826","potions_obtained":[{"floor":5.0,"key":"FearPotion"},{"floor":7.0,"key":"PowerPotion"},{"floor":8.0,"key":"Explosive Potion"},{"floor":12.0,"key":"AttackPotion"},{"floor":18.0,"key":"Weak Potion"},{"floor":21.0,"key":"Poison Potion"},{"floor":24.0,"key":"SteroidPotion"},{"floor":33.0,"key":"EntropicBrew"},{"floor":48.0,"key":"FearPotion"}],"is_trial":false,"path_per_floor":["M","?","?","M","M","R","E","M","T","M","R","M","M","E","R","B",null,"M","?","?","M","$","R","E","R","T","M","E","R","E","?","R","B",null,"M","?","?","M","M","R","M","M","T","$","R","M","?","M","R","B"],"character_chosen":"THE_SILENT","items_purchased":["War Paint","Centennial Puzzle","Blood Vial"],"campfire_rested":2,"item_purchase_floors":[22,22,44],"current_hp_per_floor":[59,39,39,39,36,36,14,14,14,14,35,35,35,25,25,18,59,59,59,59,56,56,56,43,43,43,41,36,36,34,27,48,12,58,58,58,58,56,47,47,47,38,38,38,38,30,30,28,28,0],"gold":58,"neow_bonus":"ONE_RANDOM_RARE_CARD","is_prod":false,"is_daily":false,"chose_seed":false,"campfire_upgraded":7,"win_rate":0,"timestamp":1549818213,"path_taken":["M","?","?","M","M","R","E","M","T","M","R","?","?","E","R","BOSS","M","?","?","M","?","R","E","R","T","M","E","R","E","?","R","BOSS","M","?","?","M","M","R","M","M","T","?","R","M","?","M","R","BOSS"],"build_version":"2019-01-23","purchased_purges":1,"victory":false,"max_hp_per_floor":[66,66,66,66,66,66,73,73,73,73,73,73,73,73,73,73,73,73,73,73,73,73,73,73,73,73,73,73,73,73,73,73,73,73,73,73,73,73,73,73,73,73,73,73,73,73,73,73,73,73],"card_choices":[{"not_picked":["Outmaneuver","Tactician"],"picked":"Dagger Spray","floor":1.0},{"not_picked":["Prepared","Sucker Punch"],"picked":"Distraction","floor":4.0},{"not_picked":["Reflex","Sucker Punch"],"picked":"Escape Plan","floor":5.0},{"not_picked":["Dagger Throw","Deadly Poison"],"picked":"Terror","floor":7.0},{"not_picked":["Escape Plan","Cloak And Dagger"],"picked":"Adrenaline","floor":8.0},{"not_picked":["Prepared","Blade Dance"],"picked":"Cloak And Dagger","floor":10.0},{"not_picked":["Eviscerate","Acrobatics","Choke"],"picked":"SKIP","floor":12.0},{"not_picked":["Dagger Throw","Terror","Distraction"],"picked":"SKIP","floor":13.0},{"not_picked":["Blur","Escape Plan"],"picked":"Leg Sweep","floor":14.0},{"not_picked":["Burst","Unload"],"picked":"A Thousand Cuts","floor":16.0},{"not_picked":["Choke"],"picked":"SKIP","floor":18.0},{"not_picked":["Dagger Throw"],"picked":"SKIP","floor":21.0},{"not_picked":[],"picked":"Blur+1","floor":24.0},{"not_picked":[],"picked":"Blade Dance","floor":27.0},{"not_picked":[],"picked":"Noxious Fumes","floor":28.0},{"not_picked":[],"picked":"Noxious Fumes+1","floor":30.0},{"not_picked":[],"picked":"Acrobatics","floor":32.0},{"not_picked":[],"picked":"Glass Knife","floor":33.0},{"not_picked":[],"picked":"Crippling Poison","floor":35.0},{"not_picked":[],"picked":"Jack Of All Trades","floor":36.0},{"not_picked":[],"picked":"Catalyst","floor":38.0},{"not_picked":[],"picked":"Footwork","floor":39.0},{"not_picked":["Flying Knee"],"picked":"SKIP","floor":41.0},{"not_picked":[],"picked":"Heel Hook","floor":42.0},{"not_picked":[],"picked":"Backflip+1","floor":46.0},{"not_picked":["Quick Slash"],"picked":"SKIP","floor":48.0}],"player_experience":1124231,"relics_obtained":[{"floor":7.0,"key":"Strawberry"},{"floor":9.0,"key":"Bag of Preparation"},{"floor":14.0,"key":"Juzu Bracelet"},{"floor":24.0,"key":"Anchor"},{"floor":26.0,"key":"Pen Nib"},{"floor":28.0,"key":"Happy Flower"},{"floor":30.0,"key":"Snake Skull"}],"event_choices":[{"damage_healed":0.0,"max_hp_gain":0.0,"max_hp_loss":0.0,"gold_gain":0.0,"event_name":"Shining Light","player_choice":"Entered Light","floor":2.0,"gold_loss":0.0,"damage_taken":20.0,"cards_upgraded":["Storm of Steel","Strike_G"]},{"cards_removed":["Defend_G"],"damage_healed":0.0,"max_hp_gain":0.0,"max_hp_loss":0.0,"gold_gain":0.0,"event_name":"Living Wall","player_choice":"Forget","floor":3.0,"gold_loss":0.0,"damage_taken":0.0},{"damage_healed":0.0,"max_hp_gain":0.0,"max_hp_loss":0.0,"gold_gain":0.0,"event_name":"WeMeetAgain","player_choice":"Gave Potion","floor":19.0,"gold_loss":0.0,"damage_taken":0.0,"relics_obtained":["Dream Catcher"]},{"damage_healed":0.0,"max_hp_gain":0.0,"max_hp_loss":0.0,"gold_gain":0.0,"event_name":"Duplicator","player_choice":"Copied","floor":20.0,"gold_loss":0.0,"damage_taken":0.0,"cards_obtained":["Adrenaline"]},{"damage_healed":0.0,"max_hp_gain":0.0,"max_hp_loss":0.0,"gold_gain":50.0,"event_name":"FaceTrader","player_choice":"Touch","floor":31.0,"gold_loss":0.0,"damage_taken":7.0},{"damage_healed":0.0,"max_hp_gain":0.0,"max_hp_loss":0.0,"gold_gain":0.0,"event_name":"SensoryStone","player_choice":"Memory 1","floor":36.0,"gold_loss":0.0,"damage_taken":0.0},{"cards_removed":["Strike_G"],"damage_healed":0.0,"max_hp_gain":0.0,"max_hp_loss":0.0,"gold_gain":0.0,"event_name":"Designer","player_choice":"Upgrade and Remove","floor":37.0,"gold_loss":110.0,"damage_taken":0.0,"cards_upgraded":["Strike_G"]},{"cards_removed":["Noxious Fumes"],"damage_healed":0.0,"max_hp_gain":0.0,"max_hp_loss":0.0,"gold_gain":0.0,"event_name":"Falling","player_choice":"Removed Power","floor":47.0,"gold_loss":0.0,"damage_taken":0.0}],"is_beta":false,"boss_relics":[{"not_picked":["Ectoplasm","Ring of the Serpent"],"picked":"Busted Crown"},{"not_picked":["Runic Dome","HoveringKite"],"picked":"Coffee Dripper"}],"items_purged_floors":[22],"is_endless":false,"potions_floor_spawned":[5,7,8,12,13,18,21,24,33,38,48],"killed_by":"Time Eater","ascension_level":20}