{"gold_per_floor":[116,66,66,66,66,66,98,98,98,133,152,162,173,48,48,147,147,167,184,184,184,134,134,14,14,40,75,87,97,123,138,138,236,236,246,265,5,5,16,16,29,49,49,64,64,78,78,108,108,108,108,108,60,91,91],"floor_reached":55,"playtime":6726,"items_purged":["Strike_G"],"score":1275,"play_id":"648f7b9d-b851-475b-88d9-c28010a22741","local_time":"20190218142648","is_ascension_mode":true,"campfire_choices":[{"data":"Sucker Punch","floor":6,"key":"SMITH"},{"data":"Sucker Punch","floor":8,"key":"SMITH"},{"data":"Malaise","floor":15,"key":"SMITH"},{"data":"A Thousand Cuts","floor":23,"key":"SMITH"},{"floor":25,"key":"REST"},{"data":"Footwork","floor":32,"key":"SMITH"},{"data":"Tools of the Trade","floor":40,"key":"SMITH"},{"floor":45,"key":"REST"},{"data":"Cloak And Dagger","floor":47,"key":"SMITH"},{"floor":49,"key":"RECALL"},{"data":"Calculated Gamble","floor":52,"key":"SMITH"}],"neow_cost":"NONE","seed_source_timestamp":499976108251118,"circlet_count":0,"master_deck":["AscendersBane","Defend_G","Defend_G","Defend_G","Defend_G","Strike_G","Survivor","Neutralize","Sucker Punch+1","Sucker Punch+1","Acrobatics","Well Laid Plans","Malaise+1","Flying Knee","Backflip","A Thousand Cuts+1","Deadly Poison+1","Dagger Spray","Footwork+1","PiercingWail","Deflect+1","Calculated Gamble+1","Die Die Die","Well Laid Plans","Tools of the Trade+1","Backflip+1","Underhanded Strike","Blur","Prepared+1","Dodge and Roll","Cloak And Dagger+1","Catalyst","Poisoned Stab","Cloak And Dagger+1"],"relics":["Ring of the Snake","NeowsBlessing","Mercury Hourglass","Bottled Lightning","Mummified Hand","Centennial Puzzle","Sundial","WristBlade","Bag of Preparation","Orichalcum","Shuriken","Sozu","Ornamental Fan","Gremlin Horn","Ninja Scroll"],"potions_floor_usage":[16,18,30,30,55],"damage_taken":[{"damage":0,"enemies":"Cultist","floor":1,"turns":1},{"damage":0,"enemies":"Lagavulin","floor":7,"turns":1},{"damage":0,"enemies":"Gremlin Nob","floor":10,"turns":1},{"damage":1,"enemies":"Small Slimes","floor":11,"turns":3},{"damage":1,"enemies":"2 Louse","floor":12,"turns":2},{"damage":0,"enemies":"Looter","floor":13,"turns":3},{"damage":11,"enemies":"Hexaghost","floor":16,"turns":13},{"damage":4,"enemies":"2 Thieves","floor":18,"turns":5},{"damage":4,"enemies":"Chosen","floor":19,"turns":4},{"damage":10,"enemies":"Book of Stabbing","floor":27,"turns":8},{"damage":0,"enemies":"Centurion and Healer","floor":28,"turns":6},{"damage":3,"enemies":"Snake Plant","floor":29,"turns":4},{"damage":0,"enemies":"Gremlin Leader","floor":30,"turns":6},{"damage":0,"enemies":"Chosen and Byrds","floor":31,"turns":5},{"damage":39,"enemies":"Automaton","floor":33,"turns":13},{"damage":3,"enemies":"Orb Walker","floor":35,"turns":3},{"damage":1,"enemies":"3 Shapes","floor":36,"turns":2},{"damage":6,"enemies":"Transient","floor":39,"turns":5},{"damage":3,"enemies":"3 Darklings","floor":41,"turns":4},{"damage":23,"enemies":"Sphere and 2 Shapes","floor":42,"turns":5},{"damage":0,"enemies":"Writhing Mass","floor":44,"turns":7},{"damage":7,"enemies":"4 Shapes","floor":46,"turns":3},{"damage":0,"enemies":"Nemesis","floor":48,"turns":8},{"damage":6,"enemies":"Awakened One","floor":50,"turns":17},{"damage":8,"enemies":"Shield and Spear","floor":54,"turns":7},{"damage":58,"enemies":"The Heart","floor":55,"turns":5}],"seed_played":"-8053673392019806479","potions_obtained":[{"floor":10,"key":"LiquidBronze"},{"floor":13,"key":"EssenceOfSteel"},{"floor":18,"key":"Energy Potion"},{"floor":27,"key":"Weak Potion"},{"floor":28,"key":"Regen Potion"},{"floor":33,"key":"PowerPotion"}],"is_trial":false,"path_per_floor":["M","?","?","?","T","R","E","R","T","E","M","M","M","$","R","B",null,"M","M","?","?","?","R","$","R","T","E","M","M","E","M","R","B",null,"M","M","$","?","M","R","M","M","T","M","R","M","R","E","R","B",null,"R","$","E","B"],"character_chosen":"THE_SILENT","items_purchased":["Backflip","Footwork","PiercingWail","Ornamental Fan","Poisoned Stab"],"campfire_rested":2,"item_purchase_floors":[14,24,24,37,53],"current_hp_per_floor":[63,63,56,56,56,56,56,56,56,56,55,54,54,54,54,43,63,59,55,55,42,42,42,42,64,64,54,54,51,66,66,66,27,63,60,59,59,59,53,53,50,27,27,27,49,42,42,42,42,36,65,65,65,57,0],"gold":91,"neow_bonus":"THREE_ENEMY_KILL","is_prod":false,"is_daily":false,"chose_seed":false,"campfire_upgraded":8,"win_rate":0,"timestamp":1550528808,"path_taken":["M","?","?","?","?","R","E","R","T","E","M","M","M","?","R","BOSS","M","M","?","?","?","R","$","R","T","E","M","M","E","?","R","BOSS","M","M","$","?","M","R","M","M","T","M","R","M","R","E","R","BOSS","R","$","E","BOSS"],"build_version":"2019-01-23","purchased_purges":1,"victory":false,"max_hp_per_floor":[70,70,70,70,70,70,70,70,70,70,70,70,70,70,70,70,70,70,70,70,75,75,75,75,75,75,75,75,75,75,75,75,75,75,75,75,75,75,75,75,75,75,75,75,75,75,75,75,75,75,75,75,75,75,75],"card_choices":[{"not_picked":["Deflect","Blur"],"picked":"Sucker Punch","floor":1},{"not_picked":["Slice","Underhanded Strike","Expertise"],"picked":"SKIP","floor":7},{"not_picked":["Slice","Finisher"],"picked":"Acrobatics","floor":10},{"not_picked":["Poisoned Stab","All Out Attack"],"picked":"Well Laid Plans","floor":11},{"not_picked":["Endless Agony","Backflip"],"picked":"Malaise","floor":12},{"not_picked":["Backflip","Dash"],"picked":"Flying Knee","floor":13},{"not_picked":["Malaise","Tools of the Trade"],"picked":"A Thousand Cuts","floor":16},{"not_picked":["Acrobatics","Terror"],"picked":"Deadly Poison+1","floor":18},{"not_picked":["Catalyst","Underhanded Strike"],"picked":"Dagger Spray","floor":19},{"not_picked":["Bouncing Flask","Acrobatics"],"picked":"Deflect+1","floor":27},{"not_picked":["Outmaneuver","Prepared"],"picked":"Calculated Gamble","floor":28},{"not_picked":["Setup","Bane","Masterful Stab"],"picked":"SKIP","floor":29},{"not_picked":["Dagger Spray","PiercingWail"],"picked":"Die Die Die","floor":30},{"not_picked":["Prepared+1","Quick Slash"],"picked":"Well Laid Plans","floor":31},{"not_picked":["Die Die Die","Glass Knife"],"picked":"Tools of the Trade","floor":33},{"not_picked":["Acrobatics","Slice","Sucker Punch"],"picked":"SKIP","floor":35},{"not_picked":["Sucker Punch","Endless Agony"],"picked":"Backflip+1","floor":36},{"not_picked":["Slice","Dagger Spray"],"picked":"Underhanded Strike","floor":39},{"not_picked":["Deflect","A Thousand Cuts"],"picked":"Blur","floor":41},{"not_picked":["Setup+1","Sucker Punch"],"picked":"Prepared+1","floor":42},{"not_picked":["PiercingWail","Bane+1"],"picked":"Dodge and Roll","floor":44},{"not_picked":["Backflip","Poisoned Stab"],"picked":"Cloak And Dagger","floor":46},{"not_picked":["Underhanded Strike","Flying Knee"],"picked":"Catalyst","floor":48},{"not_picked":["Riddle With Holes+1","Sucker Punch"],"picked":"Cloak And Dagger+1","floor":54}],"player_experience":197619,"relics_obtained":[{"floor":5,"key":"Bottled Lightning"},{"floor":7,"key":"Mummified Hand"},{"floor":9,"key":"Centennial Puzzle"},{"floor":10,"key":"Sundial"},{"floor":26,"key":"Bag of Preparation"},{"floor":27,"key":"Orichalcum"},{"floor":30,"key":"Shuriken"},{"floor":48,"key":"Gremlin Horn"},{"floor":54,"key":"Ninja Scroll"}],"event_choices":[{"cards_removed":["Strike_G"],"damage_healed":0,"gold_gain":0,"player_choice":"Card Removal","damage_taken":0,"max_hp_gain":0,"max_hp_loss":0,"event_name":"The Cleric","floor":2,"gold_loss":50},{"damage_healed":0,"gold_gain":0,"player_choice":"Success","damage_taken":7,"relics_obtained":["Mercury Hourglass"],"max_hp_gain":0,"max_hp_loss":0,"event_name":"Scrap Ooze","floor":3,"gold_loss":0},{"damage_healed":0,"gold_gain":0,"cards_transformed":["Strike_G"],"player_choice":"Change","damage_taken":0,"max_hp_gain":0,"max_hp_loss":0,"event_name":"Living Wall","floor":4,"gold_loss":0,"cards_obtained":["Sucker Punch"]},{"cards_removed":["Strike_G"],"damage_healed":0,"gold_gain":0,"player_choice":"Elegance","damage_taken":0,"max_hp_gain":0,"max_hp_loss":0,"event_name":"Back to Basics","floor":20,"gold_loss":0},{"damage_healed":0,"gold_gain":0,"player_choice":"Shed Blood","damage_taken":18,"max_hp_gain":5,"max_hp_loss":0,"event_name":"Forgotten Altar","floor":21,"gold_loss":0},{"damage_healed":0,"gold_gain":0,"player_choice":"Bet on Owner","damage_taken":0,"max_hp_gain":0,"max_hp_loss":0,"event_name":"The Joust","floor":22,"gold_loss":50},{"cards_removed":["Defend_G"],"damage_healed":0,"gold_gain":0,"player_choice":"Removed Skill","damage_taken":0,"max_hp_gain":0,"max_hp_loss":0,"event_name":"Falling","floor":38,"gold_loss":0}],"is_beta":false,"boss_relics":[{"not_picked":["White Beast Statue","Fusion Hammer"],"picked":"WristBlade"},{"not_picked":["Runic Pyramid","Pandora\u0027s Box"],"picked":"Sozu"}],"items_purged_floors":[14],"is_endless":false,"potions_floor_spawned":[10,13,18,27,28,33,39,44,46,54],"killed_by":"The Heart","ascension_level":12}