{"gold_per_floor":[113,113,36,56,56,87,97,97,97,427,427,446,446],"floor_reached":13,"playtime":345,"items_purged":[],"score":236,"play_id":"7a99f588-092f-4d89-a402-8cf98edb7870","local_time":"20190128075629","is_ascension_mode":true,"campfire_choices":[{"data":"Bash","floor":8,"key":"SMITH"}],"neow_cost":"NONE","seed_source_timestamp":1550799999278762,"circlet_count":0,"master_deck":["AscendersBane","Strike_R","Strike_R","Strike_R","Defend_R","Defend_R","Defend_R","Defend_R","Bash+1","Reckless Charge","Feel No Pain","True Grit","Sentinel","True Grit","Ghostly Armor"],"relics":["Burning Blood","NeowsBlessing","Matryoshka","Blue Candle","Dream Catcher","Blood Vial","Old Coin"],"potions_floor_usage":[10,12,13],"damage_taken":[{"damage":0,"enemies":"2 Louse","floor":1,"turns":1},{"damage":0,"enemies":"Cultist","floor":4,"turns":1},{"damage":0,"enemies":"Lagavulin","floor":6,"turns":1},{"damage":12,"enemies":"Small Slimes","floor":7,"turns":4},{"damage":21,"enemies":"3 Sentries","floor":10,"turns":13},{"damage":6,"enemies":"Looter","floor":12,"turns":4},{"damage":49,"enemies":"Lagavulin","floor":13,"turns":6}],"seed_played":"-452588064568286406","potions_obtained":[{"floor":4,"key":"PowerPotion"},{"floor":6,"key":"Explosive Potion"},{"floor":10,"key":"Ancient Potion"}],"is_trial":false,"path_per_floor":["M","?","$","M","?","E","M","R","T","E","?","M","E"],"character_chosen":"IRONCLAD","items_purchased":["Reckless Charge"],"campfire_rested":0,"item_purchase_floors":[3],"current_hp_per_floor":[74,74,74,75,57,63,57,57,57,44,44,46,0],"gold":446,"neow_bonus":"THREE_ENEMY_KILL","is_prod":false,"is_daily":false,"chose_seed":false,"campfire_upgraded":1,"win_rate":0,"timestamp":1548680189,"path_taken":["M","?","?","M","?","E","M","R","T","E","?","?","E"],"build_version":"2019-01-23","purchased_purges":0,"victory":false,"max_hp_per_floor":[75,75,75,75,75,75,75,75,75,75,75,75,75],"card_choices":[{"not_picked":["Clash","Bloodletting","True Grit"],"picked":"SKIP","floor":1},{"not_picked":["Entrench","Headbutt"],"picked":"Feel No Pain","floor":4},{"not_picked":["Twin Strike","Wild Strike"],"picked":"True Grit","floor":6},{"not_picked":["Heavy Blade","Iron Wave"],"picked":"Sentinel","floor":7},{"not_picked":["Clash","Iron Wave"],"picked":"True Grit","floor":10},{"not_picked":["Limit Break","Clash"],"picked":"Ghostly Armor","floor":12}],"player_experience":827245,"relics_obtained":[{"floor":6,"key":"Blue Candle"},{"floor":9,"key":"Dream Catcher"},{"floor":9,"key":"Blood Vial"},{"floor":10,"key":"Old Coin"}],"event_choices":[{"cards_removed":["Strike_R"],"damage_healed":0,"gold_gain":0,"player_choice":"Offered Basic","damage_taken":0,"max_hp_gain":0,"max_hp_loss":0,"event_name":"Bonfire Elementals","floor":2,"gold_loss":0},{"damage_healed":0,"gold_gain":0,"player_choice":"Success","damage_taken":18,"relics_obtained":["Matryoshka"],"max_hp_gain":0,"max_hp_loss":0,"event_name":"Scrap Ooze","floor":5,"gold_loss":0},{"cards_removed":["Strike_R"],"damage_healed":0,"gold_gain":0,"player_choice":"Purged","damage_taken":0,"max_hp_gain":0,"max_hp_loss":0,"event_name":"Purifier","floor":11,"gold_loss":0}],"is_beta":false,"boss_relics":[],"items_purged_floors":[],"is_endless":false,"potions_floor_spawned":[4,6,10],"killed_by":"Lagavulin","ascension_level":20}