{"gold_per_floor":[111,111,111,127,138,167,186,186,186,212,212],"floor_reached":11,"playtime":289,"items_purged":[],"score":158,"play_id":"d31c9e61-e822-49db-b3da-031dd5c6494e","local_time":"20181212135707","is_ascension_mode":true,"campfire_choices":[{"data":"Ball Lightning","floor":8,"key":"SMITH"}],"neow_cost":"NONE","seed_source_timestamp":723113976084239,"circlet_count":0,"master_deck":["AscendersBane","Strike_B","Strike_B","Strike_B","Strike_B","Defend_B","Defend_B","Defend_B","Defend_B","Zap+1","Dualcast","Double Energy","Regret","Loop","Ball Lightning+1","Self Repair","Ball Lightning","Glacier"],"relics":["Cracked Core","Du-Vu Doll","Bottled Flame","Sundial","Ornamental Fan"],"potions_floor_usage":[6,11],"damage_taken":[{"damage":0,"enemies":"Cultist","floor":1,"turns":3},{"damage":0,"enemies":"Jaw Worm","floor":4,"turns":2},{"damage":3,"enemies":"2 Louse","floor":5,"turns":3},{"damage":35,"enemies":"Gremlin Nob","floor":6,"turns":4},{"damage":7,"enemies":"Large Slime","floor":7,"turns":5},{"damage":32,"enemies":"Lagavulin","floor":10,"turns":5},{"damage":10,"enemies":"Exordium Thugs","floor":11,"turns":1}],"seed_played":"4371822524125084831","potions_obtained":[{"floor":1,"key":"Explosive Potion"},{"floor":10,"key":"SkillPotion"}],"is_trial":false,"path_per_floor":["M","?","?","M","M","E","M","R","T","E","M"],"character_chosen":"DEFECT","items_purchased":[],"campfire_rested":0,"item_purchase_floors":[],"current_hp_per_floor":[71,71,71,71,68,33,33,33,33,8,0],"gold":212,"neow_bonus":"TEN_PERCENT_HP_BONUS","is_prod":false,"is_daily":false,"chose_seed":false,"campfire_upgraded":1,"win_rate":0,"timestamp":1544590627,"path_taken":["M","?","?","M","M","E","M","R","T","E","?"],"build_version":"2018-12-06","purchased_purges":0,"victory":false,"max_hp_per_floor":[78,78,78,78,78,78,78,78,78,78,78],"card_choices":[{"not_picked":["Go for the Eyes","Barrage"],"picked":"Double Energy","floor":1},{"not_picked":["Hologram","Stack"],"picked":"Loop","floor":4},{"not_picked":["Force Field","Redo"],"picked":"Ball Lightning","floor":5},{"not_picked":["Coolheaded","Blizzard"],"picked":"Self Repair","floor":6},{"not_picked":["Steam","Self Repair"],"picked":"Ball Lightning","floor":7},{"not_picked":["Barrage","Rebound"],"picked":"Glacier","floor":10}],"player_experience":981618,"relics_obtained":[{"floor":6,"key":"Bottled Flame"},{"floor":9,"key":"Sundial"},{"floor":10,"key":"Ornamental Fan"}],"event_choices":[{"damage_healed":0,"gold_gain":0,"player_choice":"Box","damage_taken":0,"relics_obtained":["Du-Vu Doll"],"max_hp_gain":0,"max_hp_loss":0,"event_name":"Big Fish","floor":2,"gold_loss":0,"cards_obtained":["Regret"]},{"damage_healed":0,"gold_gain":0,"player_choice":"Upgraded","damage_taken":0,"max_hp_gain":0,"max_hp_loss":0,"event_name":"Upgrade Shrine","floor":3,"gold_loss":0,"cards_upgraded":["Zap"]}],"is_beta":false,"boss_relics":[],"items_purged_floors":[],"is_endless":false,"potions_floor_spawned":[1,10],"killed_by":"Exordium Thugs","ascension_level":18}