{"gold_per_floor":[112,112,58,78,39,72,72,82,134,163,182,197,197,9,9,9],"floor_reached":16,"playtime":742,"items_purged":["Strike_G"],"score":220,"play_id":"d885ce33-e118-4075-95a5-423e354717e8","local_time":"20190212152903","is_ascension_mode":true,"campfire_choices":[{"floor":7.0,"key":"REST"},{"data":"Poisoned Stab","floor":15.0,"key":"SMITH"}],"neow_cost":"NONE","seed_source_timestamp":2873605849681263,"circlet_count":0,"master_deck":["AscendersBane","Defend_G","Defend_G","Defend_G","Defend_G","Defend_G","Strike_G","Strike_G","Strike_G","Strike_G","Survivor","Neutralize+1","Crippling Poison","Dagger Spray","Footwork","Poisoned Stab+1","Flying Knee","Burst","Footwork","PiercingWail"],"special_seed":0,"relics":["Ring of the Snake","Snake Skull","Ancient Tea Set","Happy Flower","Meat on the Bone","Bag of Preparation"],"potions_floor_usage":[16],"damage_taken":[{"damage":0.0,"enemies":"2 Louse","floor":1.0,"turns":4.0},{"damage":0.0,"enemies":"Jaw Worm","floor":4.0,"turns":5.0},{"damage":16.0,"enemies":"Lagavulin","floor":6.0,"turns":8.0},{"damage":0.0,"enemies":"Small Slimes","floor":8.0,"turns":2.0},{"damage":29.0,"enemies":"3 Sentries","floor":10.0,"turns":10.0},{"damage":0.0,"enemies":"Red Slaver","floor":11.0,"turns":6.0},{"damage":13.0,"enemies":"Lots of Slimes","floor":12.0,"turns":3.0},{"damage":27,"enemies":"Hexaghost","floor":16,"turns":12}],"seed_played":"-5300969224881415380","potions_obtained":[{"floor":6.0,"key":"GhostInAJar"},{"floor":11.0,"key":"Strength Potion"}],"is_trial":false,"path_per_floor":["M","?","$","M","?","E","R","M","T","E","M","M","?","$","R","B"],"character_chosen":"THE_SILENT","items_purchased":["Poison Potion","Footwork","PiercingWail"],"campfire_rested":1,"item_purchase_floors":[3,14,14],"current_hp_per_floor":[59,41,41,41,41,25,44,44,44,15,27,26,26,26,26,0],"gold":9,"neow_bonus":"UPGRADE_CARD","is_prod":false,"is_daily":false,"chose_seed":false,"campfire_upgraded":1,"win_rate":0,"timestamp":1550003343,"path_taken":["M","?","$","M","?","E","R","M","T","E","M","M","?","$","R","BOSS"],"build_version":"2019-01-23","purchased_purges":1,"victory":false,"max_hp_per_floor":[66,66,66,66,66,66,66,66,66,66,66,66,66,66,66,66],"card_choices":[{"not_picked":["Flying Knee","Blade Dance"],"picked":"Crippling Poison","floor":1.0},{"not_picked":["Underhanded Strike","Dagger Throw"],"picked":"Dagger Spray","floor":4.0},{"not_picked":["Slice","Setup"],"picked":"Footwork","floor":6.0},{"not_picked":["Caltrops","Blur"],"picked":"Poisoned Stab","floor":8.0},{"not_picked":["Underhanded Strike","Prepared","Masterful Stab"],"picked":"SKIP","floor":10.0},{"not_picked":["Cloak And Dagger","Masterful Stab"],"picked":"Flying Knee","floor":11.0},{"not_picked":["Dodge and Roll","Quick Slash"],"picked":"Burst","floor":12.0}],"player_experience":933216,"relics_obtained":[{"floor":6.0,"key":"Ancient Tea Set"},{"floor":9.0,"key":"Happy Flower"},{"floor":10.0,"key":"Meat on the Bone"},{"floor":13.0,"key":"Bag of Preparation"}],"event_choices":[{"damage_healed":0.0,"max_hp_gain":0.0,"max_hp_loss":0.0,"gold_gain":0.0,"event_name":"Scrap Ooze","player_choice":"Success","floor":2.0,"gold_loss":0.0,"damage_taken":18.0,"relics_obtained":["Snake Skull"]},{"damage_healed":0.0,"max_hp_gain":0.0,"max_hp_loss":0.0,"gold_gain":0.0,"event_name":"World of Goop","player_choice":"Left Gold","floor":5.0,"gold_loss":39.0,"damage_taken":0.0},{"damage_healed":0.0,"max_hp_gain":0.0,"max_hp_loss":0.0,"gold_gain":0.0,"event_name":"Wheel of Change","player_choice":"Relic","floor":13.0,"gold_loss":0.0,"damage_taken":0.0}],"is_beta":false,"boss_relics":[],"items_purged_floors":[14],"is_endless":false,"potions_floor_spawned":[6,11],"killed_by":"Hexaghost","ascension_level":20}