{"gold_per_floor":[360,47,47,70,70,111,125,125,125,138,138,171,171,211,211,339,339,354,354,377,397,397,436,436,8,33,46,62,62,101,114,114,235,235,251,251,49,49,62,98,98,118,143,174,507,536,536,554,554,554,554,554,1,27,27],"floor_reached":56,"playtime":3606,"items_purged":["Strike_R","Strike_R","Strike_R+1","Decay"],"score":1450,"play_id":"838594f8-3cca-478b-adb1-67716c582def","local_time":"20181215051843","is_ascension_mode":true,"campfire_choices":[{"data":"Uppercut","floor":8,"key":"SMITH"},{"floor":13,"key":"REST"},{"data":"Spot Weakness","floor":15,"key":"SMITH"},{"data":"Evolve","floor":24,"key":"SMITH"},{"data":"Demon Form","floor":32,"key":"SMITH"},{"data":"Feel No Pain","floor":41,"key":"SMITH"},{"floor":49,"key":"RECALL"},{"data":"Sword Boomerang","floor":52,"key":"SMITH"}],"neow_cost":"TEN_PERCENT_HP_LOSS","seed_source_timestamp":209260071360999,"circlet_count":0,"master_deck":["Strike_R+1","Strike_R+1","Defend_R+1","Defend_R+1","Defend_R+1","Defend_R+1","Clothesline","Spot Weakness+1","Uppercut+1","Disarm+1","Disarm+1","Havoc+1","Shockwave+1","Pummel","Demon Form+1","Battle Trance+1","Warcry+1","Armaments+1","Sword Boomerang+1","Necronomicurse","Evolve+1","Feed+1","Havoc+1","Warcry+1","Whirlwind+1","Impervious+1","Sentinel+1","Feel No Pain+1","Uppercut+1","Warcry+1","Double Tap+1"],"relics":["Burning Blood","ClockworkSouvenir","Toxic Egg 2","Art of War","Oddly Smooth Stone","Regal Pillow","Lantern","Mark of Pain","Necronomicon","Shuriken","Bag of Preparation","Smiling Mask","Anchor","Black Star","Pen Nib","Singing Bowl","Boot","Happy Flower","Charon\u0027s Ashes","Meat on the Bone","Whetstone","Thread and Needle","Bronze Scales","Blood Vial","Bag of Marbles"],"potions_floor_usage":[12,16,27,46,55,55,55],"damage_taken":[{"damage":2,"enemies":"Small Slimes","floor":1,"turns":5},{"damage":12,"enemies":"Jaw Worm","floor":4,"turns":4},{"damage":29,"enemies":"3 Sentries","floor":6,"turns":9},{"damage":0,"enemies":"2 Louse","floor":7,"turns":2},{"damage":8,"enemies":"Red Slaver","floor":10,"turns":5},{"damage":9,"enemies":"Lagavulin","floor":12,"turns":9},{"damage":19,"enemies":"Gremlin Nob","floor":14,"turns":5},{"damage":16,"enemies":"The Guardian","floor":16,"turns":10},{"damage":20,"enemies":"Spheric Guardian","floor":18,"turns":5},{"damage":0,"enemies":"Shell Parasite","floor":20,"turns":4},{"damage":3,"enemies":"Chosen and Byrds","floor":21,"turns":5},{"damage":7,"enemies":"Book of Stabbing","floor":23,"turns":4},{"damage":2,"enemies":"3 Cultists","floor":27,"turns":4},{"damage":0,"enemies":"Snake Plant","floor":28,"turns":5},{"damage":10,"enemies":"Gremlin Leader","floor":30,"turns":7},{"damage":0,"enemies":"Centurion and Healer","floor":31,"turns":4},{"damage":4,"enemies":"Champ","floor":33,"turns":11},{"damage":0,"enemies":"3 Shapes","floor":35,"turns":6},{"damage":11,"enemies":"Orb Walker","floor":39,"turns":3},{"damage":13,"enemies":"Reptomancer","floor":40,"turns":3},{"damage":0,"enemies":"Jaw Worm Horde","floor":42,"turns":2},{"damage":5,"enemies":"Nemesis","floor":44,"turns":3},{"damage":0,"enemies":"Reptomancer","floor":46,"turns":3},{"damage":18,"enemies":"Transient","floor":48,"turns":5},{"damage":24,"enemies":"Time Eater","floor":50,"turns":7},{"damage":0,"enemies":"Shield and Spear","floor":54,"turns":4},{"damage":43,"enemies":"The Heart","floor":55,"turns":7}],"seed_played":"5104978178607267869","potions_obtained":[{"floor":6,"key":"Block Potion"},{"floor":10,"key":"SteroidPotion"},{"floor":12,"key":"Fruit Juice"},{"floor":14,"key":"Ancient Potion"},{"floor":20,"key":"GamblersBrew"},{"floor":31,"key":"PowerPotion"},{"floor":40,"key":"Swift Potion"},{"floor":54,"key":"Energy Potion"}],"is_trial":false,"path_per_floor":["M","$","?","M","?","E","M","R","T","M","T","E","R","E","R","B",null,"M","?","M","M","?","E","R","$","T","M","M","?","E","M","R","B",null,"M","?","$","?","M","E","R","M","T","E","?","E","?","M","R","B",null,"R","$","E","B",null],"character_chosen":"IRONCLAD","items_purchased":["ClockworkSouvenir","Spot Weakness","Bag of Preparation","Feed","Havoc+1","Pen Nib","Thread and Needle","Bronze Scales","Strength Potion"],"campfire_rested":1,"item_purchase_floors":[2,2,25,25,25,37,53,53,53],"current_hp_per_floor":[72,72,54,48,48,25,31,31,31,29,29,31,69,56,56,46,77,63,63,69,72,56,55,55,55,55,62,72,72,68,78,78,84,92,96,96,96,96,91,84,84,92,92,95,95,100,100,88,88,70,100,100,100,100,63],"gold":27,"neow_bonus":"TWO_FIFTY_GOLD","is_prod":false,"is_daily":false,"chose_seed":false,"campfire_upgraded":6,"win_rate":0,"timestamp":1544869123,"path_taken":["M","$","?","M","?","E","M","R","T","M","?","E","R","E","R","BOSS","M","?","?","M","?","E","R","$","T","M","M","?","E","M","R","BOSS","M","?","$","?","M","E","R","M","T","E","?","E","?","M","R","BOSS","R","$","E","BOSS"],"build_version":"2018-12-13","purchased_purges":4,"victory":true,"max_hp_per_floor":[72,72,72,72,72,72,72,72,72,72,72,77,77,77,77,77,77,77,77,77,77,77,77,77,77,77,80,84,84,84,88,88,92,92,96,96,96,96,96,96,96,98,98,100,100,100,100,100,100,100,100,100,100,100,100],"card_choices":[{"not_picked":["Anger","Power Through"],"picked":"Clothesline","floor":1},{"not_picked":["Clothesline","Rampage"],"picked":"Uppercut","floor":4},{"not_picked":["Second Wind","Burning Pact"],"picked":"Disarm","floor":6},{"not_picked":["Twin Strike","Clash"],"picked":"Disarm+1","floor":7},{"not_picked":["Ghostly Armor+1","Clash"],"picked":"Havoc+1","floor":10},{"not_picked":["Fiend Fire","Thunderclap"],"picked":"Shockwave+1","floor":12},{"not_picked":["Rupture","Heavy Blade"],"picked":"Pummel","floor":14},{"not_picked":["Barricade","Exhume+1"],"picked":"Demon Form","floor":16},{"not_picked":["Body Slam","Perfected Strike+1"],"picked":"Battle Trance+1","floor":18},{"not_picked":["Rampage","Dual Wield+1"],"picked":"Armaments+1","floor":20},{"not_picked":["Pommel Strike","Sever Soul"],"picked":"Sword Boomerang","floor":21},{"not_picked":["Iron Wave","Clothesline+1"],"picked":"Evolve","floor":23},{"not_picked":["Carnage","Barricade"],"picked":"Warcry+1","floor":27},{"not_picked":["Infernal Blade+1","Clash"],"picked":"Whirlwind","floor":28},{"not_picked":["Anger+1","Perfected Strike","Hemokinesis"],"picked":"SKIP","floor":30},{"not_picked":["Pommel Strike","Blood for Blood","Perfected Strike"],"picked":"SKIP","floor":31},{"not_picked":["Immolate","Double Tap+1"],"picked":"Impervious+1","floor":33},{"not_picked":["Havoc+1","Clash+1"],"picked":"Sentinel+1","floor":35},{"not_picked":["Pommel Strike+1","Wild Strike","Twin Strike+1"],"picked":"SKIP","floor":39},{"not_picked":["Perfected Strike+1","Iron Wave+1"],"picked":"Feel No Pain","floor":40},{"not_picked":["Rupture+1","Flex+1","Perfected Strike"],"picked":"Singing Bowl","floor":42},{"not_picked":["Cleave+1","Spot Weakness+1","Body Slam+1"],"picked":"Singing Bowl","floor":44},{"not_picked":["Feel No Pain","Havoc+1"],"picked":"Uppercut+1","floor":46},{"not_picked":["Perfected Strike+1","Fiend Fire"],"picked":"Warcry+1","floor":48},{"not_picked":["Clothesline+1","Cleave+1"],"picked":"Double Tap+1","floor":54}],"player_experience":3811853,"relics_obtained":[{"floor":6,"key":"Toxic Egg 2"},{"floor":9,"key":"Art of War"},{"floor":11,"key":"Oddly Smooth Stone"},{"floor":12,"key":"Regal Pillow"},{"floor":14,"key":"Lantern"},{"floor":22,"key":"Necronomicon"},{"floor":23,"key":"Shuriken"},{"floor":26,"key":"Smiling Mask"},{"floor":30,"key":"Anchor"},{"floor":40,"key":"Singing Bowl"},{"floor":40,"key":"Boot"},{"floor":44,"key":"Happy Flower"},{"floor":44,"key":"Charon\u0027s Ashes"},{"floor":46,"key":"Meat on the Bone"},{"floor":46,"key":"Whetstone"},{"floor":54,"key":"Blood Vial"},{"floor":54,"key":"Bag of Marbles"}],"event_choices":[{"damage_healed":0,"gold_gain":0,"player_choice":"Take Damage","damage_taken":18,"relics_obtained":["Golden Idol"],"max_hp_gain":0,"max_hp_loss":0,"event_name":"Golden Idol","floor":3,"gold_loss":0},{"damage_healed":0,"gold_gain":0,"player_choice":"Ignored","damage_taken":0,"max_hp_gain":0,"max_hp_loss":0,"event_name":"Liars Game","floor":5,"gold_loss":0},{"damage_healed":0,"gold_gain":0,"player_choice":"1 cards matched","damage_taken":0,"max_hp_gain":0,"max_hp_loss":0,"event_name":"Match and Keep!","floor":19,"gold_loss":0,"cards_obtained":["Warcry"]},{"damage_healed":0,"gold_gain":0,"player_choice":"Obtained Book","damage_taken":16,"max_hp_gain":0,"max_hp_loss":0,"event_name":"Cursed Tome","floor":22,"gold_loss":0},{"damage_healed":0,"gold_gain":0,"player_choice":"Simplicity","damage_taken":0,"max_hp_gain":0,"max_hp_loss":0,"event_name":"Back to Basics","floor":29,"gold_loss":0,"cards_upgraded":["Strike_R","Strike_R","Strike_R","Defend_R","Defend_R","Defend_R","Defend_R"]},{"cards_removed":["Bash"],"damage_healed":0,"gold_gain":0,"player_choice":"Removed Attack","damage_taken":0,"max_hp_gain":0,"max_hp_loss":0,"event_name":"Falling","floor":36,"gold_loss":0},{"damage_healed":0,"gold_gain":0,"player_choice":"Ignored","damage_taken":0,"max_hp_gain":0,"max_hp_loss":0,"event_name":"Mysterious Sphere","floor":38,"gold_loss":0},{"damage_healed":0,"gold_gain":333,"player_choice":"Gave Idol","damage_taken":0,"max_hp_gain":0,"max_hp_loss":0,"event_name":"The Moai Head","floor":45,"relics_lost":["Golden Idol"],"gold_loss":0},{"damage_healed":0,"gold_gain":0,"player_choice":"Cursed","damage_taken":0,"max_hp_gain":0,"max_hp_loss":0,"event_name":"Wheel of Change","floor":47,"gold_loss":0,"cards_obtained":["Decay"]}],"is_beta":true,"boss_relics":[{"not_picked":["Fusion Hammer","Coffee Dripper"],"picked":"Mark of Pain"},{"not_picked":["Velvet Choker","Tiny House"],"picked":"Black Star"}],"items_purged_floors":[2,25,37,53],"is_endless":false,"potions_floor_spawned":[6,10,12,14,20,23,31,40,42,54],"ascension_level":1}