{"gold_per_floor":[115,126,139,157,157,157,183,17,17,49,49,49,49,49,49,146,146,166,184,94,26,26,26,26,26,102,159,169,169,187,203,203,306,306,323,323,341,341,415,450,107,140,140,140,172,186,186,186,186,186,186,186,61,95,95],"floor_reached":56,"playtime":3749,"items_purged":["Strike_R","Strike_R","Defend_R"],"score":1492,"play_id":"577db944-8ee5-47f9-8f1f-9201cb1437c0","local_time":"20190201151903","is_ascension_mode":true,"campfire_choices":[{"data":"Combust","floor":6,"key":"SMITH"},{"data":"Strike_R","floor":11,"key":"PURGE"},{"data":"Parasite","floor":15,"key":"PURGE"},{"data":"Barricade","floor":23,"key":"SMITH"},{"data":"Entrench","floor":25,"key":"SMITH"},{"data":"Offering","floor":32,"key":"SMITH"},{"data":"Strike_R","floor":44,"key":"PURGE"},{"data":"Defend_R","floor":47,"key":"PURGE"},{"floor":49,"key":"RECALL"},{"data":"Defend_R","floor":52,"key":"PURGE"}],"neow_cost":"NONE","seed_source_timestamp":4071927663369256,"circlet_count":0,"master_deck":["Defend_R","Bash","Offering+1","Combust+1","True Grit+1","Rampage+1","Headbutt","Metallicize","Good Instincts","Double Tap","Barricade+1","Ghostly Armor","Feel No Pain+1","Entrench+1","True Grit+1","Ghostly Armor+1","Battle Trance","Impervious","Shockwave+1","Armaments+1","Flame Barrier+1","Berserk"],"relics":["Burning Blood","Peace Pipe","Letter Opener","Question Card","Coffee Dripper","Paper Frog","Tiny Chest","Omamori","Runic Pyramid","Dodecahedron","MawBank","Self Forming Clay","Ornamental Fan","StoneCalendar","Vajra"],"potions_floor_usage":[2,7,27,55,55,55],"damage_taken":[{"damage":7,"enemies":"Cultist","floor":1,"turns":3},{"damage":6,"enemies":"Jaw Worm","floor":2,"turns":1},{"damage":2,"enemies":"Small Slimes","floor":3,"turns":3},{"damage":16,"enemies":"Blue Slaver","floor":4,"turns":6},{"damage":28,"enemies":"3 Sentries","floor":7,"turns":7},{"damage":12,"enemies":"Gremlin Nob","floor":10,"turns":3},{"damage":20,"enemies":"The Guardian","floor":16,"turns":8},{"damage":13,"enemies":"Shell Parasite","floor":18,"turns":6},{"damage":21,"enemies":"2 Thieves","floor":19,"turns":4},{"damage":12,"enemies":"Book of Stabbing","floor":27,"turns":10},{"damage":12,"enemies":"Centurion and Healer","floor":28,"turns":7},{"damage":1,"enemies":"Shelled Parasite and Fungi","floor":30,"turns":7},{"damage":9,"enemies":"Cultist and Chosen","floor":31,"turns":9},{"damage":13,"enemies":"Automaton","floor":33,"turns":10},{"damage":6,"enemies":"3 Shapes","floor":35,"turns":5},{"damage":6,"enemies":"3 Darklings","floor":37,"turns":6},{"damage":6,"enemies":"Giant Head","floor":40,"turns":8},{"damage":10,"enemies":"Reptomancer","floor":42,"turns":7},{"damage":0,"enemies":"Nemesis","floor":45,"turns":9},{"damage":6,"enemies":"Sphere and 2 Shapes","floor":46,"turns":9},{"damage":11,"enemies":"Awakened One","floor":50,"turns":8},{"damage":12,"enemies":"Shield and Spear","floor":54,"turns":7},{"damage":18,"enemies":"The Heart","floor":55,"turns":9}],"seed_played":"8118235903384366504","potions_obtained":[{"floor":1,"key":"Poison Potion"},{"floor":2,"key":"BloodPotion"},{"floor":10,"key":"GamblersBrew"},{"floor":24,"key":"Regen Potion"},{"floor":24,"key":"PowerPotion"},{"floor":27,"key":"GamblersBrew"},{"floor":30,"key":"SpeedPotion"},{"floor":33,"key":"Weak Potion"},{"floor":54,"key":"EssenceOfSteel"}],"is_trial":false,"path_per_floor":["M","M","M","M","?","R","E","$","T","E","R","?","$","?","R","B",null,"M","M","?","$","?","R","?","R","T","E","M","T","M","M","R","B",null,"M","?","M","?","T","E","$","E","T","R","E","M","R","?","R","B",null,"R","$","E","B",null],"character_chosen":"IRONCLAD","items_purchased":["Good Instincts","Entrench","Self Forming Clay"],"campfire_rested":0,"item_purchase_floors":[8,21,41],"current_hp_per_floor":[79,79,80,70,54,54,40,40,40,34,34,54,54,59,59,45,82,75,60,60,60,60,60,60,60,60,69,63,63,68,65,65,58,82,82,82,82,82,82,82,82,78,78,78,82,82,82,82,82,77,82,82,82,76,64],"gold":95,"neow_bonus":"ONE_RANDOM_RARE_CARD","is_prod":false,"is_daily":false,"chose_seed":false,"campfire_upgraded":4,"win_rate":0,"timestamp":1549052343,"path_taken":["M","M","?","M","?","R","E","$","T","E","R","?","?","?","R","BOSS","M","M","?","$","?","R","?","R","T","E","?","?","M","M","R","BOSS","M","?","M","?","?","E","?","E","T","R","E","M","R","?","R","BOSS","R","$","E","BOSS"],"build_version":"2019-01-23","purchased_purges":3,"victory":true,"max_hp_per_floor":[80,80,80,80,80,80,80,80,80,80,80,80,80,85,82,82,82,82,82,82,82,82,82,82,82,82,82,82,82,82,82,82,82,82,82,82,82,82,82,82,82,82,82,82,82,82,82,82,82,82,82,82,82,82,82],"card_choices":[{"not_picked":["Feel No Pain","Body Slam"],"picked":"Combust","floor":1},{"not_picked":["Havoc","Pommel Strike"],"picked":"True Grit","floor":2},{"not_picked":["Entrench","Pommel Strike"],"picked":"Rampage","floor":3},{"not_picked":["Armaments","Anger"],"picked":"Headbutt","floor":4},{"not_picked":["Combust","Wild Strike"],"picked":"Metallicize","floor":7},{"not_picked":["Bloodletting","Intimidate"],"picked":"Double Tap","floor":10},{"not_picked":["Bludgeon","Reaper","Exhume"],"picked":"Barricade","floor":16},{"not_picked":["Body Slam","Heavy Blade","Fire Breathing"],"picked":"Ghostly Armor","floor":18},{"not_picked":["Anger+1","Burning Pact","Carnage"],"picked":"Feel No Pain","floor":19},{"not_picked":["Disarm","Perfected Strike","Barricade"],"picked":"True Grit+1","floor":27},{"not_picked":["Flex","Rage","Clothesline"],"picked":"Ghostly Armor+1","floor":28},{"not_picked":["Flex","Heavy Blade","Pommel Strike","Flame Barrier"],"picked":"SKIP","floor":30},{"not_picked":["Feel No Pain+1","Cleave+1","Armaments"],"picked":"Battle Trance","floor":31},{"not_picked":["Limit Break","Exhume","Demon Form"],"picked":"Impervious","floor":33},{"not_picked":["Evolve","Sword Boomerang+1","True Grit+1"],"picked":"Shockwave+1","floor":35},{"not_picked":["Carnage","Wild Strike","Seeing Red"],"picked":"Armaments+1","floor":37},{"not_picked":["Armaments","Twin Strike","Power Through+1","Flame Barrier"],"picked":"SKIP","floor":40},{"not_picked":["Feel No Pain","Dropkick+1","Limit Break","Dual Wield+1"],"picked":"SKIP","floor":42},{"not_picked":["Limit Break","Perfected Strike+1","Flame Barrier+1","Armaments"],"picked":"SKIP","floor":45},{"not_picked":["Limit Break","Perfected Strike+1","Armaments"],"picked":"Flame Barrier+1","floor":45},{"not_picked":["Thunderclap","Heavy Blade+1","Wild Strike","Pummel+1"],"picked":"SKIP","floor":46},{"not_picked":["Clothesline","Cleave","Feed"],"picked":"Berserk","floor":54}],"player_experience":4301267,"relics_obtained":[{"floor":7,"key":"Peace Pipe"},{"floor":9,"key":"Letter Opener"},{"floor":10,"key":"Question Card"},{"floor":26,"key":"Paper Frog"},{"floor":27,"key":"Tiny Chest"},{"floor":29,"key":"Omamori"},{"floor":39,"key":"Dodecahedron"},{"floor":40,"key":"MawBank"},{"floor":42,"key":"Ornamental Fan"},{"floor":45,"key":"StoneCalendar"},{"floor":54,"key":"Vajra"}],"event_choices":[{"damage_healed":0,"gold_gain":0,"player_choice":"Entered Light","damage_taken":16,"max_hp_gain":0,"max_hp_loss":0,"event_name":"Shining Light","floor":5,"gold_loss":0,"cards_upgraded":["True Grit","Rampage"]},{"damage_healed":20,"gold_gain":0,"player_choice":"Healed and dodged fight","damage_taken":0,"max_hp_gain":0,"max_hp_loss":0,"event_name":"Mushrooms","floor":12,"gold_loss":0,"cards_obtained":["Parasite"]},{"damage_healed":0,"gold_gain":0,"player_choice":"Donut","damage_taken":0,"max_hp_gain":5,"max_hp_loss":0,"event_name":"Big Fish","floor":14,"gold_loss":0},{"cards_removed":["Strike_R"],"damage_healed":0,"gold_gain":0,"player_choice":"Upgrade and Remove","damage_taken":0,"max_hp_gain":0,"max_hp_loss":0,"event_name":"Designer","floor":20,"gold_loss":90,"cards_upgraded":["Feel No Pain"]},{"damage_healed":0,"gold_gain":0,"player_choice":"Ignored","damage_taken":0,"max_hp_gain":0,"max_hp_loss":0,"event_name":"Vampires","floor":22,"gold_loss":0},{"damage_healed":0,"gold_gain":0,"player_choice":"Got Potions","damage_taken":0,"max_hp_gain":0,"max_hp_loss":0,"event_name":"Lab","floor":24,"gold_loss":0},{"damage_healed":0,"gold_gain":0,"player_choice":"Ignored","damage_taken":0,"max_hp_gain":0,"max_hp_loss":0,"event_name":"Mysterious Sphere","floor":36,"gold_loss":0},{"damage_healed":0,"gold_gain":0,"player_choice":"Ignored","damage_taken":0,"max_hp_gain":0,"max_hp_loss":0,"event_name":"Tomb of Lord Red Mask","floor":38,"gold_loss":0},{"damage_healed":21,"gold_gain":0,"player_choice":"Writhe","damage_taken":0,"max_hp_gain":0,"max_hp_loss":0,"event_name":"Winding Halls","floor":48,"gold_loss":0,"cards_obtained":["Writhe"]}],"is_beta":true,"boss_relics":[{"not_picked":["Velvet Choker","Pandora\u0027s Box"],"picked":"Coffee Dripper"},{"not_picked":["Astrolabe","Runic Cube"],"picked":"Runic Pyramid"}],"items_purged_floors":[8,41,53],"is_endless":false,"potions_floor_spawned":[1,2,10,27,30,33,37,40,45,54],"ascension_level":1}