{"gold_per_floor":[112,44,57,75,86,113,113,128,177,196,211,230,230,255,255,358,358,369,395,494,514,514,514,524,524,524,550,565,93,128,140,152,260,272,303,315,549,561,590,602,645,657,716,728,760,806,837,949,961,973,985,997,113,148,148],"floor_reached":56,"playtime":4550,"items_purged":["Tactician","Pain"],"score":1494,"play_id":"3710ca0e-6397-414f-b9f6-94624c2073fa","local_time":"20181219111516","is_ascension_mode":true,"campfire_choices":[{"data":"Terror","floor":7,"key":"SMITH"},{"data":"Footwork","floor":13,"key":"SMITH"},{"data":"Footwork","floor":15,"key":"SMITH"},{"data":"Neutralize","floor":23,"key":"SMITH"},{"floor":25,"key":"REST"},{"data":"Well Laid Plans","floor":32,"key":"SMITH"},{"data":"After Image","floor":40,"key":"SMITH"},{"floor":42,"key":"RECALL"},{"data":"Leg Sweep","floor":49,"key":"SMITH"},{"data":"Cloak And Dagger","floor":52,"key":"SMITH"}],"neow_cost":"TEN_PERCENT_HP_LOSS","seed_source_timestamp":255460468935765,"circlet_count":0,"master_deck":["Defend_G","Defend_G","Defend_G","Defend_G","Defend_G","Strike_G","Strike_G","Strike_G","Strike_G","Survivor","Neutralize+1","After Image+1","Terror+1","Footwork+1","Blade Dance","Flying Knee","Blur","Footwork+1","Dagger Spray","Flying Knee","Masterful Stab","Glass Knife","All Out Attack","Backflip","Acrobatics+1","Cloak And Dagger+1","Die Die Die","Well Laid Plans+1","Bullet Time","Quick Slash","Backflip+1","Quick Slash+1","Leg Sweep+1","Skewer","Infinite Blades","Cloak And Dagger","Blur","Violence","PiercingWail+1"],"relics":["Ring of the Snake","Gambling Chip","Bronze Scales","Darkstone Periapt","Runic Dome","Red Mask","Kunai","Bag of Marbles","Chemical X","PreservedInsect","MawBank","Sozu","Dream Catcher","Strawberry","WarpedTongs","Orichalcum","Tingsha","Paper Crane","OrangePellets","Sundial"],"potions_floor_usage":[14,19,19,27,55,55,55],"damage_taken":[{"damage":0,"enemies":"Small Slimes","floor":1,"turns":5},{"damage":0,"enemies":"2 Louse","floor":3,"turns":5},{"damage":0,"enemies":"Cultist","floor":4,"turns":4},{"damage":10,"enemies":"Lots of Slimes","floor":5,"turns":8},{"damage":8,"enemies":"3 Sentries","floor":6,"turns":14},{"damage":2,"enemies":"2 Fungi Beasts","floor":8,"turns":5},{"damage":2,"enemies":"Large Slime","floor":10,"turns":6},{"damage":3,"enemies":"3 Louse","floor":11,"turns":3},{"damage":0,"enemies":"Blue Slaver","floor":12,"turns":4},{"damage":0,"enemies":"Lagavulin","floor":14,"turns":7},{"damage":23,"enemies":"Slime Boss","floor":16,"turns":15},{"damage":0,"enemies":"Chosen","floor":18,"turns":4},{"damage":0,"enemies":"Masked Bandits","floor":19,"turns":4},{"damage":4,"enemies":"2 Thieves","floor":21,"turns":4},{"damage":16,"enemies":"Shelled Parasite and Fungi","floor":24,"turns":6},{"damage":0,"enemies":"Book of Stabbing","floor":27,"turns":5},{"damage":9,"enemies":"Chosen and Byrds","floor":28,"turns":6},{"damage":0,"enemies":"Gremlin Leader","floor":30,"turns":4},{"damage":9,"enemies":"Collector","floor":33,"turns":15},{"damage":0,"enemies":"3 Darklings","floor":35,"turns":4},{"damage":6,"enemies":"3 Shapes","floor":39,"turns":4},{"damage":0,"enemies":"Giant Head","floor":41,"turns":8},{"damage":0,"enemies":"Transient","floor":45,"turns":5},{"damage":3,"enemies":"Reptomancer","floor":46,"turns":7},{"damage":1,"enemies":"4 Shapes","floor":47,"turns":7},{"damage":1,"enemies":"Mind Bloom Boss Battle","floor":48,"turns":6},{"damage":10,"enemies":"Donu and Deca","floor":50,"turns":15},{"damage":4,"enemies":"Shield and Spear","floor":54,"turns":7},{"damage":0,"enemies":"The Heart","floor":55,"turns":12}],"seed_played":"2199822443526668560","potions_obtained":[{"floor":3,"key":"PowerPotion"},{"floor":5,"key":"Weak Potion"},{"floor":6,"key":"FearPotion"},{"floor":8,"key":"EssenceOfSteel"},{"floor":14,"key":"Weak Potion"},{"floor":19,"key":"Swift Potion"},{"floor":28,"key":"EssenceOfSteel"},{"floor":30,"key":"Block Potion"}],"is_trial":false,"path_per_floor":["M","$","M","M","M","E","R","M","T","M","M","M","R","E","R","B",null,"M","?","?","M","?","R","M","R","T","E","M","$","E","?","R","B",null,"M","?","?","T","M","R","E","R","T","?","M","E","M","?","R","B",null,"R","$","E","B",null],"character_chosen":"THE_SILENT","items_purchased":["Footwork","Cloak And Dagger","Chemical X","PreservedInsect","Infinite Blades","Cloak And Dagger","Blur","Paper Crane","OrangePellets","Violence"],"campfire_rested":1,"item_purchase_floors":[2,29,29,29,53,53,53,53,53,53],"current_hp_per_floor":[63,63,63,63,53,45,45,43,43,41,38,38,38,38,38,15,63,63,63,63,59,59,59,43,61,61,61,52,52,52,52,52,43,63,63,60,60,60,54,54,54,54,61,67,67,64,63,62,62,52,73,73,73,69,69],"gold":148,"neow_bonus":"THREE_RARE_CARDS","is_prod":false,"is_daily":false,"chose_seed":false,"campfire_upgraded":8,"win_rate":0,"timestamp":1545236116,"path_taken":["M","$","M","M","M","E","R","M","T","M","M","M","R","E","R","BOSS","M","?","?","M","?","R","?","R","T","E","?","$","E","?","R","BOSS","M","?","?","?","M","R","E","R","T","?","?","E","M","?","R","BOSS","R","$","E","BOSS"],"build_version":"2018-12-17","purchased_purges":2,"victory":true,"max_hp_per_floor":[63,63,63,63,63,63,63,63,63,63,63,63,63,63,63,63,63,63,63,63,63,63,63,63,63,63,63,63,63,63,63,63,63,63,63,60,60,60,60,60,60,60,67,73,73,73,73,73,73,73,73,73,73,73,73],"card_choices":[{"not_picked":["Tools of the Trade","Envenom"],"picked":"After Image","floor":0},{"not_picked":["Prepared","Acrobatics"],"picked":"Terror","floor":1},{"not_picked":["Underhanded Strike","Distraction"],"picked":"Blade Dance","floor":3},{"not_picked":["Acrobatics","Terror"],"picked":"Flying Knee","floor":4},{"not_picked":["Slice","Venomology"],"picked":"Blur","floor":5},{"not_picked":["Concentrate","Prepared"],"picked":"Footwork","floor":6},{"not_picked":["Cloak And Dagger","PiercingWail"],"picked":"Dagger Spray","floor":8},{"not_picked":["Sucker Punch","Riddle With Holes"],"picked":"Flying Knee","floor":10},{"not_picked":["Deadly Poison","Footwork","Bane"],"picked":"SKIP","floor":11},{"not_picked":["Reflex","Heel Hook"],"picked":"Masterful Stab","floor":12},{"not_picked":["Outmaneuver","Slice","Flying Knee"],"picked":"SKIP","floor":14},{"not_picked":["Grand Finale","Unload"],"picked":"Glass Knife","floor":16},{"not_picked":["Flying Knee","Dagger Throw+1"],"picked":"All Out Attack","floor":18},{"not_picked":["Prepared","Slice","Footwork"],"picked":"SKIP","floor":21},{"not_picked":["Tactician","Prepared"],"picked":"Backflip","floor":24},{"not_picked":["Blade Dance+1","Skewer+1"],"picked":"Acrobatics+1","floor":27},{"not_picked":["Poisoned Stab","Acrobatics","Slice+1"],"picked":"SKIP","floor":28},{"not_picked":["Endless Agony","Prepared"],"picked":"Die Die Die","floor":30},{"not_picked":["Storm of Steel","Grand Finale"],"picked":"Bullet Time","floor":33},{"not_picked":["Concentrate","Riddle With Holes","Heel Hook+1"],"picked":"SKIP","floor":35},{"not_picked":["Underhanded Strike","Flying Knee"],"picked":"Quick Slash","floor":39},{"not_picked":["Riddle With Holes+1","Bouncing Flask+1","Deadly Poison+1"],"picked":"SKIP","floor":41},{"not_picked":["Concentrate+1","Prepared"],"picked":"Backflip+1","floor":45},{"not_picked":["Backstab","Unload"],"picked":"Quick Slash+1","floor":46},{"not_picked":["Crippling Poison+1","Slice+1"],"picked":"Leg Sweep","floor":47},{"not_picked":["Outmaneuver+1","Slice+1"],"picked":"Skewer","floor":48},{"not_picked":["Concentrate","Phantasmal Killer"],"picked":"PiercingWail+1","floor":54}],"player_experience":3843061,"relics_obtained":[{"floor":6,"key":"Gambling Chip"},{"floor":9,"key":"Bronze Scales"},{"floor":14,"key":"Darkstone Periapt"},{"floor":19,"key":"Red Mask"},{"floor":26,"key":"Kunai"},{"floor":27,"key":"Bag of Marbles"},{"floor":30,"key":"MawBank"},{"floor":41,"key":"Dream Catcher"},{"floor":43,"key":"Strawberry"},{"floor":46,"key":"Orichalcum"},{"floor":48,"key":"Tingsha"},{"floor":54,"key":"Sundial"}],"event_choices":[{"damage_healed":0,"gold_gain":0,"player_choice":"Fought Bandits","damage_taken":0,"max_hp_gain":0,"max_hp_loss":0,"event_name":"Masked Bandits","floor":19,"gold_loss":0},{"damage_healed":0,"gold_gain":99,"player_choice":"Stole From Cult","damage_taken":0,"max_hp_gain":0,"max_hp_loss":0,"event_name":"Nest","floor":20,"gold_loss":0},{"damage_healed":0,"gold_gain":0,"cards_transformed":["Strike_G"],"player_choice":"Transformed","damage_taken":0,"max_hp_gain":0,"max_hp_loss":0,"event_name":"Transmorgrifier","floor":22,"gold_loss":0,"cards_obtained":["Tactician"]},{"damage_healed":0,"gold_gain":0,"player_choice":"Read","damage_taken":0,"max_hp_gain":0,"max_hp_loss":0,"event_name":"The Library","floor":31,"gold_loss":0,"cards_obtained":["Well Laid Plans"]},{"damage_healed":0,"gold_gain":0,"player_choice":"Max HP","damage_taken":0,"max_hp_gain":0,"max_hp_loss":3,"event_name":"Winding Halls","floor":36,"gold_loss":0},{"damage_healed":0,"gold_gain":222,"player_choice":"Wore Mask","damage_taken":0,"max_hp_gain":0,"max_hp_loss":0,"event_name":"Tomb of Lord Red Mask","floor":37,"gold_loss":0},{"damage_healed":0,"gold_gain":0,"player_choice":"Rummage","damage_taken":0,"relics_obtained":["WarpedTongs"],"max_hp_gain":0,"max_hp_loss":0,"event_name":"Accursed Blacksmith","floor":44,"gold_loss":0,"cards_obtained":["Pain"]},{"damage_healed":0,"gold_gain":0,"player_choice":"Fight","damage_taken":0,"max_hp_gain":0,"max_hp_loss":0,"event_name":"MindBloom","floor":48,"gold_loss":0}],"is_beta":true,"boss_relics":[{"not_picked":["Empty Cage","White Beast Statue"],"picked":"Runic Dome"},{"not_picked":["Black Star","HoveringKite"],"picked":"Sozu"}],"items_purged_floors":[29,53],"is_endless":false,"potions_floor_spawned":[3,5,6,8,14,19,28,30,41,45,46,47],"ascension_level":1}