{"gold_per_floor":[112,287,17,17,32,63,78,78,78,108,108,125,125,145,145,241,241,259,274,274,274,289,323,347,372,384,396,441,105,121,156,156,255,255,265,265,279,118,133,160,160,185,235,235,249,249,249,249,249,249,249,249,52,80,80],"floor_reached":56,"playtime":7513,"items_purged":["Doubt"],"score":1585,"play_id":"4bb3182a-cd89-4b9d-b730-93365654077f","local_time":"20190210012051","is_ascension_mode":true,"campfire_choices":[{"data":"Sunder","floor":8,"key":"SMITH"},{"data":"Well Laid Plans","floor":13,"key":"SMITH"},{"data":"Sucker Punch","floor":15,"key":"SMITH"},{"data":"Leg Sweep","floor":27,"key":"SMITH"},{"data":"Hyperbeam","floor":32,"key":"SMITH"},{"data":"Phantasmal Killer","floor":41,"key":"SMITH"},{"data":"Seek","floor":44,"key":"SMITH"},{"data":"Battle Trance","floor":46,"key":"SMITH"},{"floor":49,"key":"RECALL"},{"data":"Bash","floor":52,"key":"SMITH"}],"neow_cost":"NONE","seed_source_timestamp":965805044510300,"circlet_count":0,"master_deck":["Strike_R+1","Strike_R+1","Strike_R+1","Defend_R+1","Defend_R+1","Defend_R+1","Defend_R+1","Bash+1","Rampage","Sweeping Beam","Sucker Punch+1","Sunder+1","Well Laid Plans+1","Dagger Spray","Leg Sweep+1","Hyperbeam+1","Pommel Strike+1","Backstab+1","Heel Hook+1","Deflect+1","Slice+1","Shrug It Off","Backflip","Seek+1","Good Instincts+1","Footwork+1","Turbo+1","Impervious","Dramatic Entrance+1","Phantasmal Killer+1","Clumsy","Battle Trance+1","Seeing Red","Exhume","Panache","Evolve"],"relics":["Burning Blood","NeowsBlessing","PrismaticShard","Bottled Flame","Thread and Needle","Question Card","Coffee Dripper","MawBank","Molten Egg 2","Red Skull","Prayer Wheel","Orichalcum","Cursed Key","Ice Cream","Sundial","Torii"],"potions_floor_usage":[31,39,55,55,55],"damage_taken":[{"damage":0,"enemies":"Jaw Worm","floor":1,"turns":1},{"damage":0,"enemies":"Small Slimes","floor":5,"turns":1},{"damage":0,"enemies":"Lagavulin","floor":6,"turns":1},{"damage":0,"enemies":"2 Louse","floor":7,"turns":2},{"damage":10,"enemies":"3 Sentries","floor":10,"turns":7},{"damage":0,"enemies":"2 Fungi Beasts","floor":12,"turns":2},{"damage":11,"enemies":"3 Louse","floor":14,"turns":3},{"damage":31,"enemies":"The Guardian","floor":16,"turns":13},{"damage":0,"enemies":"3 Byrds","floor":18,"turns":3},{"damage":0,"enemies":"Spheric Guardian","floor":19,"turns":2},{"damage":4,"enemies":"Snecko","floor":22,"turns":5},{"damage":0,"enemies":"Gremlin Leader","floor":23,"turns":5},{"damage":8,"enemies":"Snake Plant","floor":24,"turns":4},{"damage":7,"enemies":"Centurion and Healer","floor":25,"turns":3},{"damage":5,"enemies":"Slavers","floor":28,"turns":6},{"damage":0,"enemies":"Chosen and Byrds","floor":30,"turns":3},{"damage":0,"enemies":"Book of Stabbing","floor":31,"turns":5},{"damage":24,"enemies":"Collector","floor":33,"turns":10},{"damage":6,"enemies":"3 Darklings","floor":35,"turns":4},{"damage":20,"enemies":"3 Shapes","floor":37,"turns":2},{"damage":18,"enemies":"Transient","floor":39,"turns":5},{"damage":3,"enemies":"Giant Head","floor":40,"turns":8},{"damage":12,"enemies":"Reptomancer","floor":42,"turns":4},{"damage":0,"enemies":"Maw","floor":45,"turns":7},{"damage":0,"enemies":"Awakened One","floor":50,"turns":14},{"damage":23,"enemies":"Shield and Spear","floor":54,"turns":7},{"damage":18,"enemies":"The Heart","floor":55,"turns":11}],"seed_played":"-3596049793974698136","potions_obtained":[{"floor":1,"key":"Energy Potion"},{"floor":14,"key":"Ancient Potion"},{"floor":22,"key":"Block Potion"},{"floor":24,"key":"EssenceOfSteel"},{"floor":31,"key":"Energy Potion"},{"floor":33,"key":"Explosive Potion"},{"floor":39,"key":"Strength Potion"}],"is_trial":false,"path_per_floor":["M","?","$","?","M","E","M","R","T","E","?","M","R","M","R","B",null,"M","M","?","?","M","E","M","M","T","R","E","$","M","E","R","B",null,"M","?","M","$","M","E","R","E","T","R","M","R","?","?","R","B",null,"R","$","E","B",null],"character_chosen":"IRONCLAD","items_purchased":["PrismaticShard","Prayer Wheel","Shrug It Off","Impervious","Dramatic Entrance+1","Panache"],"campfire_rested":0,"item_purchase_floors":[3,29,29,38,38,53],"current_hp_per_floor":[80,80,80,80,80,80,80,80,80,76,69,75,75,70,70,45,80,80,80,65,65,67,73,71,70,70,70,71,71,77,83,83,65,85,85,85,71,71,59,62,62,56,56,56,62,62,62,62,62,68,85,85,85,68,56],"gold":80,"neow_bonus":"THREE_ENEMY_KILL","is_prod":false,"is_daily":false,"chose_seed":false,"campfire_upgraded":9,"win_rate":0,"timestamp":1549758051,"path_taken":["M","?","$","?","M","E","M","R","T","E","?","M","R","M","R","BOSS","M","M","?","?","M","E","M","M","T","R","E","$","M","E","R","BOSS","M","?","M","$","M","E","R","E","T","R","M","R","?","?","R","BOSS","R","$","E","BOSS"],"build_version":"2019-01-23","purchased_purges":1,"victory":true,"max_hp_per_floor":[80,80,80,80,80,80,80,80,80,80,80,80,80,80,80,80,80,80,80,85,85,85,85,85,85,85,85,85,85,85,85,85,85,85,85,85,85,85,85,85,85,85,85,85,85,85,85,85,85,85,85,85,85,85,85],"card_choices":[{"not_picked":["Heavy Blade","Headbutt"],"picked":"Rampage","floor":1},{"not_picked":["Heavy Blade","Body Slam"],"picked":"Sweeping Beam","floor":5},{"not_picked":["Finisher","Ball Lightning"],"picked":"Sucker Punch","floor":6},{"not_picked":["Ball Lightning","Twin Strike"],"picked":"Sunder","floor":7},{"not_picked":["Blind","Seeing Red"],"picked":"Well Laid Plans","floor":10},{"not_picked":["Sucker Punch","Crippling Poison","Bane"],"picked":"Dagger Spray","floor":12},{"not_picked":["Catalyst","Sentinel","Caltrops"],"picked":"Leg Sweep","floor":14},{"not_picked":["After Image","Machine Learning","Apotheosis"],"picked":"Hyperbeam","floor":16},{"not_picked":["Deflect","Acrobatics","Shockwave+1"],"picked":"Pommel Strike+1","floor":18},{"not_picked":["Clash","Static Discharge","Streamline","Steam"],"picked":"SKIP","floor":19},{"not_picked":["Envenom","Cold Snap","Combust"],"picked":"Backstab+1","floor":22},{"not_picked":["Rip and Tear","Finisher","Clash","Slice"],"picked":"SKIP","floor":23},{"not_picked":["Clash","Backstab","Flying Knee"],"picked":"Heel Hook+1","floor":24},{"not_picked":["Dagger Spray","Seeing Red","Thunderclap"],"picked":"Deflect+1","floor":25},{"not_picked":["Rip and Tear+1","Dash+1","Intimidate"],"picked":"Slice+1","floor":28},{"not_picked":["Warcry","Poisoned Stab+1","Backstab+1"],"picked":"Backflip","floor":30},{"not_picked":["Cloak And Dagger","Clothesline+1","Fission","Heavy Blade+1"],"picked":"SKIP","floor":30},{"not_picked":["Burning Pact","Second Wind","Underhanded Strike+1","Leap"],"picked":"SKIP","floor":31},{"not_picked":["Violence","Brutality","Demon Form"],"picked":"Seek","floor":33},{"not_picked":["Body Slam+1","Clothesline+1","Warcry"],"picked":"Evolve","floor":35},{"not_picked":["Thunderclap+1","Go for the Eyes+1","Gash+1"],"picked":"Good Instincts+1","floor":35},{"not_picked":["Leap","Fusion","Cloak And Dagger+1"],"picked":"Footwork+1","floor":37},{"not_picked":["Flying Knee+1","Defragment+1","True Grit"],"picked":"Turbo+1","floor":37},{"not_picked":["Seeing Red","Dagger Spray+1","Compile Driver+1"],"picked":"Phantasmal Killer","floor":39},{"not_picked":["Go for the Eyes+1","Recycle+1","Armaments","Stack"],"picked":"SKIP","floor":39},{"not_picked":["Coolheaded","Corruption+1","Anger+1","Cleave+1"],"picked":"SKIP","floor":40},{"not_picked":["Sentinel","Reckless Charge+1","Power Through","Caltrops+1"],"picked":"SKIP","floor":42},{"not_picked":["Poisoned Stab+1","Coolheaded+1","Cloak And Dagger"],"picked":"Battle Trance","floor":45},{"not_picked":["Clash+1","Sucker Punch+1","Cold Snap+1","Blade Dance"],"picked":"SKIP","floor":45},{"not_picked":["Aggregate+1","Night Terror","Barrage+1"],"picked":"Evolve","floor":54}],"player_experience":96084,"relics_obtained":[{"floor":6,"key":"Bottled Flame"},{"floor":9,"key":"Thread and Needle"},{"floor":10,"key":"Question Card"},{"floor":23,"key":"MawBank"},{"floor":26,"key":"Molten Egg 2"},{"floor":28,"key":"Red Skull"},{"floor":31,"key":"Orichalcum"},{"floor":40,"key":"Ice Cream"},{"floor":42,"key":"Sundial"},{"floor":54,"key":"Torii"}],"event_choices":[{"damage_healed":0,"gold_gain":175,"player_choice":"AGREE","damage_taken":0,"max_hp_gain":0,"max_hp_loss":0,"event_name":"Liars Game","floor":2,"gold_loss":0,"cards_obtained":["Doubt"]},{"cards_removed":["Strike_R"],"damage_healed":0,"gold_gain":0,"player_choice":"Forget","damage_taken":0,"max_hp_gain":0,"max_hp_loss":0,"event_name":"Living Wall","floor":4,"gold_loss":0},{"cards_removed":["Strike_R"],"damage_healed":0,"gold_gain":0,"player_choice":"Card Removal","damage_taken":7,"max_hp_gain":0,"max_hp_loss":0,"event_name":"Golden Wing","floor":11,"gold_loss":0},{"damage_healed":0,"gold_gain":0,"player_choice":"Shed Blood","damage_taken":20,"max_hp_gain":5,"max_hp_loss":0,"event_name":"Forgotten Altar","floor":20,"gold_loss":0},{"damage_healed":0,"gold_gain":0,"player_choice":"Simplicity","damage_taken":0,"max_hp_gain":0,"max_hp_loss":0,"event_name":"Back to Basics","floor":21,"gold_loss":0,"cards_upgraded":["Strike_R","Strike_R","Strike_R","Defend_R","Defend_R","Defend_R","Defend_R"]},{"damage_healed":0,"gold_gain":0,"player_choice":"Ignored","damage_taken":0,"max_hp_gain":0,"max_hp_loss":0,"event_name":"Tomb of Lord Red Mask","floor":36,"gold_loss":0},{"cards_removed":["Evolve"],"damage_healed":0,"gold_gain":0,"player_choice":"Removed Power","damage_taken":0,"max_hp_gain":0,"max_hp_loss":0,"event_name":"Falling","floor":47,"gold_loss":0},{"damage_healed":0,"gold_gain":0,"player_choice":"2 cards matched","damage_taken":0,"max_hp_gain":0,"max_hp_loss":0,"event_name":"Match and Keep!","floor":48,"gold_loss":0,"cards_obtained":["Seeing Red","Exhume"]}],"is_beta":false,"boss_relics":[{"not_picked":["Black Blood","Runic Pyramid"],"picked":"Coffee Dripper"},{"not_picked":["Astrolabe","Runic Dome"],"picked":"Cursed Key"}],"items_purged_floors":[3],"is_endless":false,"potions_floor_spawned":[1,14,22,24,31,33,37,39,54],"ascension_level":2}