{"gold_per_floor":[119,394,407,42,66,66,99,99,125,137,179,191,214,110,122,206,218,245,271,283,295],"floor_reached":21,"playtime":430,"items_purged":["Regret"],"score":420,"play_id":"92657c3e-5284-4097-bed1-4b4fe6f3cc21","local_time":"20190222235219","is_ascension_mode":true,"campfire_choices":[{"data":"Apotheosis","floor":6,"key":"SMITH"},{"data":"Defragment","floor":10,"key":"SMITH"},{"data":"Consume","floor":12,"key":"SMITH"},{"data":"Defragment","floor":15,"key":"SMITH"}],"neow_cost":"NONE","seed_source_timestamp":34731917755500,"circlet_count":0,"master_deck":["AscendersBane","Strike_B","Strike_B","Defend_B","Defend_B","Defend_B","Defend_B","Zap","Dualcast","Self Repair","Consume+1","Apotheosis+1","Defragment+1","Conserve Battery","Defragment+1","Hologram+1","Defragment","Glacier","Cold Snap"],"relics":["Cracked Core","NeowsBlessing","Lantern","Centennial Puzzle","MawBank","PreservedInsect","Dream Catcher","Sozu"],"potions_floor_usage":[11,11,18],"damage_taken":[{"damage":0,"enemies":"Jaw Worm","floor":1,"turns":1},{"damage":0,"enemies":"Cultist","floor":3,"turns":1},{"damage":0,"enemies":"3 Sentries","floor":7,"turns":2},{"damage":14,"enemies":"Gremlin Nob","floor":11,"turns":3},{"damage":2,"enemies":"2 Louse","floor":13,"turns":3},{"damage":60,"enemies":"Hexaghost","floor":16,"turns":10},{"damage":25,"enemies":"Chosen","floor":18,"turns":5},{"damage":20,"enemies":"Spheric Guardian","floor":19,"turns":6},{"damage":31,"enemies":"Shelled Parasite and Fungi","floor":21,"turns":1}],"seed_played":"7756827105833734199","potions_obtained":[{"floor":7,"key":"AttackPotion"},{"floor":8,"key":"AttackPotion"},{"floor":16,"key":"AttackPotion"}],"is_trial":false,"path_per_floor":["M","?","M","$","T","R","E","?","T","R","E","R","M","?","R","B",null,"M","M","?","M"],"character_chosen":"DEFECT","items_purchased":["Apotheosis","Defragment","Conserve Battery"],"campfire_rested":0,"item_purchase_floors":[4,4,4],"current_hp_per_floor":[64,64,64,64,64,64,64,64,64,64,57,57,62,62,62,12,56,41,31,31,0],"gold":295,"neow_bonus":"THREE_ENEMY_KILL","is_prod":false,"is_daily":false,"chose_seed":false,"campfire_upgraded":4,"win_rate":0,"timestamp":1550872339,"path_taken":["M","?","?","$","?","R","E","?","T","R","E","R","?","?","R","BOSS","M","M","?","M"],"build_version":"2019-01-23","purchased_purges":1,"victory":false,"max_hp_per_floor":[71,71,71,71,71,71,71,71,71,71,71,71,71,71,71,71,71,71,71,71,71],"card_choices":[{"not_picked":["Coolheaded","Aggregate"],"picked":"Self Repair","floor":1},{"not_picked":["Lockon","Sunder"],"picked":"Consume","floor":3},{"not_picked":["Beam Cell","Fusion","Turbo"],"picked":"SKIP","floor":7},{"not_picked":["Scrape","Steam","Melter"],"picked":"SKIP","floor":11},{"not_picked":["Compile Driver","Force Field"],"picked":"Defragment","floor":13},{"not_picked":["Static Discharge","Cold Snap+1"],"picked":"Hologram+1","floor":18},{"not_picked":["Redo","Ball Lightning"],"picked":"Defragment","floor":19}],"player_experience":891047,"relics_obtained":[{"floor":5,"key":"Lantern"},{"floor":7,"key":"Centennial Puzzle"},{"floor":9,"key":"MawBank"},{"floor":11,"key":"PreservedInsect"}],"event_choices":[{"damage_healed":0,"gold_gain":275,"player_choice":"Desecrate","damage_taken":0,"max_hp_gain":0,"max_hp_loss":0,"event_name":"Golden Shrine","floor":2,"gold_loss":0,"cards_obtained":["Regret"]},{"damage_healed":0,"gold_gain":0,"player_choice":"Got Potions","damage_taken":0,"max_hp_gain":0,"max_hp_loss":0,"event_name":"Lab","floor":8,"gold_loss":0},{"damage_healed":0,"gold_gain":0,"player_choice":"Paid Gold","damage_taken":0,"relics_obtained":["Dream Catcher"],"max_hp_gain":0,"max_hp_loss":0,"event_name":"WeMeetAgain","floor":14,"gold_loss":116},{"damage_healed":0,"gold_gain":0,"cards_transformed":["Strike_B","Strike_B"],"player_choice":"Became Test Subject","damage_taken":0,"max_hp_gain":0,"max_hp_loss":0,"event_name":"Drug Dealer","floor":20,"gold_loss":0,"cards_obtained":["Glacier","Cold Snap"]}],"is_beta":false,"boss_relics":[{"not_picked":["Cursed Key","Velvet Choker"],"picked":"Sozu"}],"items_purged_floors":[4],"is_endless":false,"potions_floor_spawned":[7,16,18],"killed_by":"Shelled Parasite and Fungi","ascension_level":20}