{"gold_per_floor":[116,116,116,139,163,163,183,202,202,202,47,68,84,84,84,213,213,228,251,271,291,304,304,27,47,47,61,76,76,100,143,143,262,262,275,299,318,193,193,193,193,193,193,19,33,366,380,380,380,380],"floor_reached":50,"playtime":6422,"items_purged":["Strike_G","Strike_G","Strike_G","Strike_G"],"score":487,"play_id":"c86669a3-690c-4d92-b874-52eaeb58fd02","local_time":"20190217135017","is_ascension_mode":false,"campfire_choices":[{"data":"Dodge and Roll","floor":6,"key":"SMITH"},{"data":"Dagger Spray","floor":10,"key":"SMITH"},{"data":"Poisoned Stab","floor":15,"key":"SMITH"},{"floor":23,"key":"REST"},{"data":"Apotheosis","floor":29,"key":"SMITH"},{"floor":32,"key":"REST"},{"floor":40,"key":"REST"},{"floor":42,"key":"REST"},{"floor":49,"key":"REST"}],"neow_cost":"NONE","seed_source_timestamp":197916048520685,"circlet_count":0,"master_deck":["Defend_G","Defend_G","Defend_G","Defend_G","Defend_G","Survivor","Neutralize","Dodge and Roll+1","Backflip","Sucker Punch","Outmaneuver","Acrobatics","Dagger Spray+1","All Out Attack","Poisoned Stab+1","Venomology","Backflip","Underhanded Strike","Apotheosis+1","Bane+1","Adrenaline","Leg Sweep+1","Writhe","Sucker Punch+1","Reflex+1"],"relics":["Ring of the Snake","Pantograph","Busted Crown","Molten Egg 2","Ancient Tea Set","HoveringKite","Pocketwatch"],"potions_floor_usage":[16,16,18,19,20,21,22,22,27,28,30,30,31,31,33,33,36,36,37,37,37,37,50,50,50,50],"damage_taken":[{"damage":0,"enemies":"Jaw Worm","floor":1,"turns":7},{"damage":0,"enemies":"Small Slimes","floor":4,"turns":4},{"damage":0,"enemies":"2 Louse","floor":5,"turns":3},{"damage":3,"enemies":"Exordium Wildlife","floor":7,"turns":6},{"damage":2,"enemies":"2 Fungi Beasts","floor":8,"turns":4},{"damage":0,"enemies":"Red Slaver","floor":12,"turns":5},{"damage":4,"enemies":"Gremlin Gang","floor":13,"turns":3},{"damage":31,"enemies":"Hexaghost","floor":16,"turns":15},{"damage":9,"enemies":"2 Thieves","floor":18,"turns":5},{"damage":7,"enemies":"Shell Parasite","floor":19,"turns":9},{"damage":12,"enemies":"3 Cultists","floor":20,"turns":4},{"damage":5,"enemies":"Shelled Parasite and Fungi","floor":21,"turns":6},{"damage":5,"enemies":"Snake Plant","floor":22,"turns":6},{"damage":2,"enemies":"Chosen and Byrds","floor":25,"turns":7},{"damage":14,"enemies":"Sentry and Sphere","floor":27,"turns":7},{"damage":1,"enemies":"Cultist and Chosen","floor":28,"turns":5},{"damage":4,"enemies":"3 Cultists","floor":30,"turns":5},{"damage":8,"enemies":"Gremlin Leader","floor":31,"turns":7},{"damage":62,"enemies":"Automaton","floor":33,"turns":11},{"damage":31,"enemies":"3 Shapes","floor":35,"turns":3},{"damage":0,"enemies":"Orb Walker","floor":36,"turns":4},{"damage":32,"enemies":"Sphere and 2 Shapes","floor":37,"turns":8},{"damage":7,"enemies":"Spire Growth","floor":45,"turns":7},{"damage":0,"enemies":"Jaw Worm Horde","floor":47,"turns":5},{"damage":66,"enemies":"Donu and Deca","floor":50,"turns":13}],"seed_played":"9016808336717082256","potions_obtained":[{"floor":4,"key":"Dexterity Potion"},{"floor":13,"key":"GhostInAJar"},{"floor":16,"key":"Poison Potion"},{"floor":18,"key":"PowerPotion"},{"floor":19,"key":"LiquidBronze"},{"floor":20,"key":"EssenceOfSteel"},{"floor":25,"key":"SkillPotion"},{"floor":33,"key":"Strength Potion"},{"floor":35,"key":"FearPotion"},{"floor":36,"key":"EntropicBrew"}],"is_trial":false,"path_per_floor":["M","?","?","M","M","R","M","M","T","R","$","M","M","?","R","B",null,"M","M","M","M","M","R","$","M","T","M","M","R","M","E","R","B",null,"M","M","M","$","?","R","?","R","T","$","M","?","M","?","R","B"],"character_chosen":"THE_SILENT","items_purchased":["All Out Attack","Apotheosis","Sucker Punch+1"],"campfire_rested":5,"item_purchase_floors":[11,24,44],"current_hp_per_floor":[70,65,58,58,58,58,55,53,53,53,53,53,49,65,65,34,65,56,49,37,32,27,46,46,44,44,30,29,29,37,29,48,3,65,34,34,2,2,18,37,37,56,56,56,49,49,49,49,65,0],"gold":380,"neow_bonus":"THREE_CARDS","is_prod":false,"is_daily":false,"chose_seed":false,"campfire_upgraded":4,"win_rate":0.0,"timestamp":1550407817,"path_taken":["M","?","?","?","M","R","M","M","T","R","$","M","M","?","R","BOSS","M","M","M","M","M","R","$","M","T","M","M","R","M","E","R","BOSS","M","M","M","$","?","R","?","R","T","$","M","?","M","?","R","BOSS"],"build_version":"2019-01-23","purchased_purges":4,"victory":false,"max_hp_per_floor":[70,65,65,65,65,65,65,65,65,65,65,65,65,65,65,65,65,65,65,65,65,65,65,65,65,65,65,65,65,65,65,65,65,65,65,65,65,65,65,65,65,65,65,65,65,65,65,65,65,65],"card_choices":[{"not_picked":["Deflect","Blade Dance"],"picked":"Dodge and Roll","floor":0},{"not_picked":["Crippling Poison","Underhanded Strike"],"picked":"Backflip","floor":1},{"not_picked":["Backstab","Dodge and Roll"],"picked":"Sucker Punch","floor":4},{"not_picked":["Blade Dance","Dagger Throw"],"picked":"Outmaneuver","floor":5},{"not_picked":["Dash","Riddle With Holes"],"picked":"Acrobatics","floor":7},{"not_picked":["Blade Dance","Riddle With Holes"],"picked":"Dagger Spray","floor":8},{"not_picked":["Acrobatics","Dagger Throw","Caltrops"],"picked":"SKIP","floor":12},{"not_picked":["Prepared","Blade Dance"],"picked":"Poisoned Stab","floor":13},{"not_picked":["Phantasmal Killer","Unload"],"picked":"Venomology","floor":16},{"not_picked":["Dagger Spray"],"picked":"SKIP","floor":18},{"not_picked":[],"picked":"Flying Knee","floor":19},{"not_picked":[],"picked":"Backflip","floor":20},{"not_picked":["Acrobatics"],"picked":"SKIP","floor":21},{"not_picked":[],"picked":"Underhanded Strike","floor":22},{"not_picked":["Backflip"],"picked":"SKIP","floor":25},{"not_picked":["Acrobatics"],"picked":"SKIP","floor":27},{"not_picked":[],"picked":"Bane+1","floor":28},{"not_picked":["Quick Slash+1"],"picked":"SKIP","floor":30},{"not_picked":["Dagger Spray+1"],"picked":"SKIP","floor":31},{"not_picked":[],"picked":"Adrenaline","floor":33},{"not_picked":["Poisoned Stab+1"],"picked":"SKIP","floor":35},{"not_picked":["Flechettes+1"],"picked":"SKIP","floor":36},{"not_picked":[],"picked":"Leg Sweep+1","floor":37},{"not_picked":[],"picked":"Reflex+1","floor":45},{"not_picked":["Dodge and Roll+1"],"picked":"SKIP","floor":47}],"player_experience":37796,"relics_obtained":[{"floor":9,"key":"Pantograph"},{"floor":26,"key":"Molten Egg 2"},{"floor":31,"key":"Ancient Tea Set"},{"floor":43,"key":"Pocketwatch"}],"event_choices":[{"damage_healed":0,"gold_gain":0,"player_choice":"Lose Max HP","damage_taken":0,"relics_obtained":["Golden Idol"],"max_hp_gain":0,"max_hp_loss":5,"event_name":"Golden Idol","floor":2,"gold_loss":0},{"cards_removed":["Strike_G"],"damage_healed":0,"gold_gain":0,"player_choice":"Card Removal","damage_taken":7,"max_hp_gain":0,"max_hp_loss":0,"event_name":"Golden Wing","floor":3,"gold_loss":0},{"damage_healed":21,"gold_gain":0,"player_choice":"Banana","damage_taken":0,"max_hp_gain":0,"max_hp_loss":0,"event_name":"Big Fish","floor":14,"gold_loss":0},{"damage_healed":16,"gold_gain":0,"player_choice":"Writhe","damage_taken":0,"max_hp_gain":0,"max_hp_loss":0,"event_name":"Winding Halls","floor":39,"gold_loss":0,"cards_obtained":["Writhe"]},{"damage_healed":0,"gold_gain":0,"player_choice":"Ignored","damage_taken":0,"max_hp_gain":0,"max_hp_loss":0,"event_name":"Mysterious Sphere","floor":41,"gold_loss":0},{"damage_healed":0,"gold_gain":333,"player_choice":"Gave Idol","damage_taken":0,"max_hp_gain":0,"max_hp_loss":0,"event_name":"The Moai Head","floor":46,"relics_lost":["Golden Idol"],"gold_loss":0},{"cards_removed":["Flying Knee"],"damage_healed":0,"gold_gain":0,"player_choice":"Removed Attack","damage_taken":0,"max_hp_gain":0,"max_hp_loss":0,"event_name":"Falling","floor":48,"gold_loss":0}],"is_beta":false,"boss_relics":[{"not_picked":["Runic Pyramid","White Beast Statue"],"picked":"Busted Crown"},{"not_picked":["Black Star","Snecko Eye"],"picked":"HoveringKite"}],"items_purged_floors":[11,24,38,44],"is_endless":false,"potions_floor_spawned":[4,13,16,18,19,20,25,33,35,36,45],"killed_by":"Donu and Deca","ascension_level":0}