{"gold_per_floor":[114,124,124,124,124,156,156,169,169,199,199,212,242,254,254,351,351,369,369,369,71,83,115,115,115,115,150,150,180,194,17,17,119,119,139,0,20,39,39,39,66,66,115,115,149,149,179,143,143,143,143,143,34,64,64],"floor_reached":55,"playtime":2717,"items_purged":["Skewer"],"score":1326,"play_id":"f4e1e63a-8ddc-467e-a060-c67678c1e36c","local_time":"20190214190326","is_ascension_mode":true,"campfire_choices":[{"data":"Neutralize","floor":7,"key":"SMITH"},{"floor":11,"key":"REST"},{"floor":15,"key":"REST"},{"data":"Cloak And Dagger","floor":24,"key":"SMITH"},{"floor":28,"key":"REST"},{"floor":32,"key":"RECALL"},{"floor":40,"key":"REST"},{"floor":42,"key":"REST"},{"data":"Calculated Gamble","floor":44,"key":"SMITH"},{"data":"Leg Sweep","floor":49,"key":"SMITH"},{"data":"Burst","floor":52,"key":"SMITH"}],"neow_cost":"NONE","seed_source_timestamp":4438844590393,"circlet_count":0,"master_deck":["Defend_G+1","Defend_G+1","Defend_G+1","Defend_G+1","Defend_G+1","Strike_G+1","Strike_G+1","Strike_G+1","Strike_G+1","Survivor","Neutralize+1","PiercingWail","Die Die Die","Backflip","Poisoned Stab","Calculated Gamble+1","Noxious Fumes+1","Tools of the Trade+1","Cloak And Dagger+1","Well Laid Plans+1","Envenom+1","Leg Sweep+1","Footwork+1","Flying Knee+1","Tactician+1","Acrobatics","Noxious Fumes+1","Adrenaline","Dodge and Roll+1","Backflip","Flying Knee+1","Burst+1","Dagger Throw+1","Caltrops+1","Footwork+1","Dodge and Roll+1"],"relics":["Ring of the Snake","NeowsBlessing","PreservedInsect","Incense Burner","Frozen Egg 2","Dodecahedron","Shuriken","Black Star","Snake Skull","Ninja Scroll","Pen Nib","Shovel","Lantern","Matryoshka","Ornamental Fan","Sozu","Red Mask","Strawberry","Turnip","Orichalcum","Vajra","Sundial","Nunchaku","Anchor","Bottled Flame","Mummified Hand","Centennial Puzzle"],"potions_floor_usage":[10,16,22,23,27,38,55],"damage_taken":[{"damage":0,"enemies":"Jaw Worm","floor":1,"turns":1},{"damage":0,"enemies":"2 Louse","floor":2,"turns":1},{"damage":0,"enemies":"Gremlin Nob","floor":6,"turns":1},{"damage":0,"enemies":"Small Slimes","floor":8,"turns":2},{"damage":39,"enemies":"Lagavulin","floor":10,"turns":9},{"damage":0,"enemies":"3 Louse","floor":12,"turns":2},{"damage":7,"enemies":"3 Sentries","floor":13,"turns":3},{"damage":5,"enemies":"Blue Slaver","floor":14,"turns":5},{"damage":6,"enemies":"The Guardian","floor":16,"turns":11},{"damage":0,"enemies":"Chosen","floor":18,"turns":5},{"damage":15,"enemies":"2 Thieves","floor":22,"turns":4},{"damage":9,"enemies":"Gremlin Leader","floor":23,"turns":5},{"damage":3,"enemies":"Slavers","floor":27,"turns":3},{"damage":0,"enemies":"Gremlin Leader","floor":29,"turns":4},{"damage":2,"enemies":"Shelled Parasite and Fungi","floor":30,"turns":6},{"damage":31,"enemies":"Automaton","floor":33,"turns":7},{"damage":11,"enemies":"3 Shapes","floor":35,"turns":3},{"damage":0,"enemies":"Orb Walker","floor":37,"turns":3},{"damage":27,"enemies":"Jaw Worm Horde","floor":38,"turns":4},{"damage":0,"enemies":"Giant Head","floor":41,"turns":6},{"damage":0,"enemies":"Nemesis","floor":45,"turns":5},{"damage":2,"enemies":"Giant Head","floor":47,"turns":6},{"damage":0,"enemies":"Time Eater","floor":50,"turns":11},{"damage":3,"enemies":"Shield and Spear","floor":54,"turns":4},{"damage":88,"enemies":"The Heart","floor":55,"turns":3}],"seed_played":"9155363132899278487","potions_obtained":[{"floor":2,"key":"Weak Potion"},{"floor":8,"key":"LiquidBronze"},{"floor":12,"key":"GhostInAJar"},{"floor":16,"key":"AttackPotion"},{"floor":22,"key":"Poison Potion"},{"floor":30,"key":"Fire Potion"}],"is_trial":false,"path_per_floor":["M","M","?","?","?","E","R","M","T","E","R","M","E","M","R","B",null,"M","?","?","$","M","E","R","?","T","E","R","E","M","$","R","B",null,"M","?","M","M","?","R","E","R","T","R","E","?","E","$","R","B",null,"R","$","E","B"],"character_chosen":"THE_SILENT","items_purchased":["Snake Skull","Envenom+1","PowerPotion","Acrobatics","Noxious Fumes+1","Caltrops+1","Footwork+1"],"campfire_rested":5,"item_purchase_floors":[21,21,31,31,31,48,53],"current_hp_per_floor":[63,63,63,63,56,56,56,56,56,17,38,38,31,26,47,41,63,63,63,63,63,48,39,39,39,39,36,57,57,55,55,55,24,59,48,48,48,21,21,40,47,68,68,68,68,68,66,66,66,66,71,71,71,68,0],"gold":64,"neow_bonus":"THREE_ENEMY_KILL","is_prod":false,"is_daily":false,"chose_seed":false,"campfire_upgraded":5,"win_rate":0,"timestamp":1550199806,"path_taken":["M","M","?","?","?","E","R","M","T","E","R","M","E","M","R","BOSS","M","?","?","$","M","E","R","?","T","E","R","E","M","?","R","BOSS","M","?","M","M","?","R","E","R","T","R","E","?","E","$","R","BOSS","R","$","E","BOSS"],"build_version":"2019-01-23","purchased_purges":1,"victory":false,"max_hp_per_floor":[70,70,70,70,70,70,70,70,70,70,70,70,70,70,70,70,70,70,70,70,70,70,70,70,70,70,70,70,70,70,70,70,70,70,70,70,70,70,66,66,73,73,73,73,73,73,73,73,73,73,73,73,73,73,73],"card_choices":[{"not_picked":["Bane","Poisoned Stab"],"picked":"PiercingWail","floor":1},{"not_picked":["Prepared","Dodge and Roll"],"picked":"Dagger Spray","floor":2},{"not_picked":["Slice","Poisoned Stab"],"picked":"Die Die Die","floor":6},{"not_picked":["Flying Knee","Bane"],"picked":"Backflip","floor":8},{"not_picked":["Concentrate","Dash"],"picked":"Skewer","floor":10},{"not_picked":["Acrobatics","Quick Slash"],"picked":"Poisoned Stab","floor":12},{"not_picked":["Terror","Finisher"],"picked":"Calculated Gamble","floor":13},{"not_picked":["Well Laid Plans+1","Bouncing Flask"],"picked":"Noxious Fumes+1","floor":14},{"not_picked":["A Thousand Cuts+1","Malaise"],"picked":"Tools of the Trade+1","floor":16},{"not_picked":["Tactician","Sucker Punch"],"picked":"Cloak And Dagger","floor":18},{"not_picked":["Deadly Poison","Quick Slash"],"picked":"Leg Sweep","floor":22},{"not_picked":["PiercingWail","Poisoned Stab","Bane+1"],"picked":"SKIP","floor":23},{"not_picked":["Crippling Poison","Outmaneuver"],"picked":"Footwork+1","floor":27},{"not_picked":["Dash+1","Eviscerate+1"],"picked":"Flying Knee+1","floor":29},{"not_picked":["Well Laid Plans+1","Dodge and Roll"],"picked":"Tactician+1","floor":30},{"not_picked":["Malaise","Storm of Steel"],"picked":"Adrenaline","floor":33},{"not_picked":["Sucker Punch","Poisoned Stab","Acrobatics+1"],"picked":"SKIP","floor":35},{"not_picked":["Dagger Spray+1","Terror+1","PiercingWail"],"picked":"SKIP","floor":37},{"not_picked":["Sucker Punch+1","Unload"],"picked":"Dodge and Roll+1","floor":38},{"not_picked":["Bane","Masterful Stab"],"picked":"Backflip","floor":41},{"not_picked":["Poisoned Stab","Heel Hook"],"picked":"Flying Knee+1","floor":45},{"not_picked":["Cloak And Dagger","Expertise"],"picked":"Dagger Throw+1","floor":47},{"not_picked":["Quick Slash+1","Deflect"],"picked":"Dodge and Roll+1","floor":54}],"player_experience":154722,"relics_obtained":[{"floor":6,"key":"Incense Burner"},{"floor":9,"key":"Frozen Egg 2"},{"floor":10,"key":"Dodecahedron"},{"floor":13,"key":"Shuriken"},{"floor":23,"key":"Ninja Scroll"},{"floor":23,"key":"Pen Nib"},{"floor":27,"key":"Shovel"},{"floor":27,"key":"Lantern"},{"floor":29,"key":"Matryoshka"},{"floor":29,"key":"Ornamental Fan"},{"floor":41,"key":"Strawberry"},{"floor":41,"key":"Turnip"},{"floor":43,"key":"Orichalcum"},{"floor":43,"key":"Vajra"},{"floor":45,"key":"Sundial"},{"floor":45,"key":"Nunchaku"},{"floor":47,"key":"Anchor"},{"floor":47,"key":"Bottled Flame"},{"floor":54,"key":"Mummified Hand"},{"floor":54,"key":"Centennial Puzzle"}],"event_choices":[{"damage_healed":0,"gold_gain":0,"player_choice":"Box","damage_taken":0,"relics_obtained":["PreservedInsect"],"max_hp_gain":0,"max_hp_loss":0,"event_name":"Big Fish","floor":3,"gold_loss":0,"cards_obtained":["Regret"]},{"cards_removed":["Regret"],"damage_healed":0,"gold_gain":0,"player_choice":"Forget","damage_taken":0,"max_hp_gain":0,"max_hp_loss":0,"event_name":"Living Wall","floor":4,"gold_loss":0},{"cards_removed":["Strike_G"],"damage_healed":0,"gold_gain":0,"player_choice":"Card Removal","damage_taken":7,"max_hp_gain":0,"max_hp_loss":0,"event_name":"Golden Wing","floor":5,"gold_loss":0},{"damage_healed":0,"gold_gain":0,"player_choice":"Read","damage_taken":0,"max_hp_gain":0,"max_hp_loss":0,"event_name":"The Library","floor":19,"gold_loss":0,"cards_obtained":["Well Laid Plans"]},{"damage_healed":0,"gold_gain":0,"player_choice":"Simplicity","damage_taken":0,"max_hp_gain":0,"max_hp_loss":0,"event_name":"Back to Basics","floor":20,"gold_loss":0,"cards_upgraded":["Defend_G","Defend_G","Defend_G","Defend_G","Defend_G","Strike_G","Strike_G","Strike_G","Strike_G"]},{"damage_healed":0,"gold_gain":0,"player_choice":"Ignored","damage_taken":0,"max_hp_gain":0,"max_hp_loss":0,"event_name":"Cursed Tome","floor":25,"gold_loss":0},{"damage_healed":0,"gold_gain":0,"player_choice":"Paid","damage_taken":0,"relics_obtained":["Red Mask"],"max_hp_gain":0,"max_hp_loss":0,"event_name":"Tomb of Lord Red Mask","floor":36,"gold_loss":139},{"damage_healed":0,"gold_gain":0,"player_choice":"Max HP","damage_taken":0,"max_hp_gain":0,"max_hp_loss":4,"event_name":"Winding Halls","floor":39,"gold_loss":0},{"damage_healed":0,"gold_gain":0,"cards_transformed":["Dagger Spray"],"player_choice":"Transformed","damage_taken":0,"max_hp_gain":0,"max_hp_loss":0,"event_name":"Transmorgrifier","floor":46,"gold_loss":0,"cards_obtained":["Burst"]}],"is_beta":false,"boss_relics":[{"not_picked":["Fusion Hammer","WristBlade"],"picked":"Black Star"},{"not_picked":["Philosopher\u0027s Stone","Ring of the Serpent"],"picked":"Sozu"}],"items_purged_floors":[53],"is_endless":false,"potions_floor_spawned":[2,8,12,16,22,30,35],"killed_by":"The Heart","ascension_level":7}