{"gold_per_floor":[114,131,56,76,76,108,128,140,185,216,236,251,251,261,261,365,365,379,379,304,323,335,363,363,397,421,421,434,434,349,365,365,460,460,476,476,53,63,76,107,107,107,107,135,135,148,168,194,206,218,230,242,1,333,333],"floor_reached":56,"playtime":4282,"items_purged":["Strike_R","Strike_R"],"score":1686,"play_id":"b9170c22-71db-4d33-ac5c-3182851ee7ed","local_time":"20181127133614","is_ascension_mode":true,"campfire_choices":[{"data":"Barricade","floor":13,"key":"SMITH"},{"data":"Spot Weakness","floor":15,"key":"SMITH"},{"floor":24,"key":"REST"},{"data":"Limit Break","floor":27,"key":"SMITH"},{"data":"Impervious","floor":32,"key":"SMITH"},{"data":"Armaments","floor":41,"key":"SMITH"},{"data":"Entrench","floor":45,"key":"SMITH"},{"floor":49,"key":"RECALL"},{"data":"Juggernaut","floor":52,"key":"SMITH"}],"neow_cost":"NONE","seed_source_timestamp":287921470834139,"circlet_count":0,"master_deck":["Strike_R","Defend_R","Defend_R","Defend_R","Defend_R","Bash","Disarm","Warcry","Spot Weakness+1","Shrug It Off","Iron Wave","Shrug It Off","Barricade+1","Sword Boomerang","Impervious+1","Clothesline","Anger","Limit Break+1","Thunderclap","Immolate","Shrug It Off","Flame Barrier+1","Offering","Juggernaut+1","Armaments+1","Juggernaut","Entrench+1","Body Slam+1","Battle Trance+1","Shrug It Off+1","Iron Wave+1","Seeing Red+1","Impervious+1","Headbutt+1"],"relics":["Burning Blood","Blood Vial","Self Forming Clay","Singing Bowl","Bag of Marbles","Bag of Preparation","Mark of Pain","Nilry\u0027s Codex","Calipers","Bottled Lightning","Pen Nib","Runic Pyramid","Bronze Scales","Pear","Toxic Egg 2","Gambling Chip","MawBank","Old Coin"],"potions_floor_usage":[6,10,16,21,23,25,25,55,55,55],"damage_taken":[{"damage":7,"enemies":"2 Louse","floor":1,"turns":3},{"damage":7,"enemies":"Jaw Worm","floor":2,"turns":4},{"damage":1,"enemies":"Small Slimes","floor":4,"turns":4},{"damage":22,"enemies":"Gremlin Nob","floor":6,"turns":5},{"damage":0,"enemies":"Looter","floor":7,"turns":4},{"damage":13,"enemies":"Large Slime","floor":8,"turns":7},{"damage":20,"enemies":"3 Sentries","floor":10,"turns":8},{"damage":2,"enemies":"Blue Slaver","floor":11,"turns":3},{"damage":5,"enemies":"Exordium Thugs","floor":12,"turns":5},{"damage":10,"enemies":"Gremlin Gang","floor":14,"turns":6},{"damage":10,"enemies":"The Guardian","floor":16,"turns":13},{"damage":7,"enemies":"2 Thieves","floor":18,"turns":5},{"damage":0,"enemies":"Chosen","floor":21,"turns":4},{"damage":10,"enemies":"Sentry and Sphere","floor":22,"turns":6},{"damage":41,"enemies":"Slavers","floor":23,"turns":7},{"damage":10,"enemies":"Book of Stabbing","floor":25,"turns":5},{"damage":7,"enemies":"Shelled Parasite and Fungi","floor":28,"turns":6},{"damage":19,"enemies":"Colosseum Slavers","floor":29,"turns":4},{"damage":4,"enemies":"3 Cultists","floor":31,"turns":4},{"damage":6,"enemies":"Champ","floor":33,"turns":15},{"damage":0,"enemies":"3 Shapes","floor":35,"turns":1},{"damage":6,"enemies":"3 Darklings","floor":38,"turns":4},{"damage":1,"enemies":"Sphere and 2 Shapes","floor":39,"turns":8},{"damage":6,"enemies":"Giant Head","floor":40,"turns":8},{"damage":29,"enemies":"Reptomancer","floor":44,"turns":7},{"damage":0,"enemies":"Writhing Mass","floor":46,"turns":6},{"damage":6,"enemies":"Spire Growth","floor":47,"turns":3},{"damage":6,"enemies":"Giant Head","floor":48,"turns":7},{"damage":6,"enemies":"Time Eater","floor":50,"turns":9},{"damage":12,"enemies":"Shield and Spear","floor":54,"turns":5},{"damage":9,"enemies":"The Heart","floor":55,"turns":10}],"seed_played":"5341917418951260673","potions_obtained":[{"floor":1,"key":"Explosive Potion"},{"floor":2,"key":"FearPotion"},{"floor":8,"key":"PowerPotion"},{"floor":10,"key":"Ancient Potion"},{"floor":11,"key":"GamblersBrew"},{"floor":18,"key":"BloodPotion"},{"floor":23,"key":"Block Potion"},{"floor":28,"key":"SpeedPotion"},{"floor":33,"key":"Explosive Potion"},{"floor":35,"key":"EssenceOfSteel"},{"floor":39,"key":"Weak Potion"}],"is_trial":false,"path_per_floor":["M","M","$","M","?","E","M","M","T","E","M","M","R","M","R","B",null,"M","?","?","M","M","E","R","E","T","R","M","?","?","M","R","B",null,"M","?","$","M","M","E","R","?","T","E","R","M","M","E","R","B",null,"R","$","E","B",null],"character_chosen":"IRONCLAD","items_purchased":["Spot Weakness","Armaments","Bronze Scales","Ancient Potion","Juggernaut","Seeing Red+1","Impervious+1"],"campfire_rested":1,"item_purchase_floors":[3,37,37,37,37,53,53],"current_hp_per_floor":[79,79,79,80,47,33,41,36,36,24,30,33,33,31,31,29,80,79,63,63,71,71,46,70,68,68,68,71,60,60,64,64,66,84,86,86,86,86,86,98,98,98,98,75,75,85,87,89,89,91,100,100,100,94,93],"gold":333,"neow_bonus":"RANDOM_COMMON_RELIC","is_prod":false,"is_daily":false,"chose_seed":false,"campfire_upgraded":7,"win_rate":0,"timestamp":1543343774,"path_taken":["M","M","$","M","?","E","M","M","T","E","M","M","R","M","R","BOSS","M","?","?","M","M","E","R","E","T","R","M","?","?","?","R","BOSS","M","?","?","M","?","E","R","?","T","E","R","M","?","E","R","BOSS","R","$","E","BOSS"],"build_version":"2018-11-15","purchased_purges":2,"victory":true,"max_hp_per_floor":[80,80,80,80,80,80,80,80,80,80,80,80,80,80,80,80,80,80,80,80,80,82,82,82,82,82,82,84,84,84,84,84,84,84,86,86,86,86,86,98,98,98,98,98,98,100,100,100,100,100,100,100,100,100,100],"card_choices":[{"not_picked":["Power Through","Intimidate"],"picked":"Disarm","floor":1},{"not_picked":["Sword Boomerang","Combust"],"picked":"Warcry","floor":2},{"not_picked":["Perfected Strike","Heavy Blade"],"picked":"Shrug It Off","floor":4},{"not_picked":["Body Slam","Intimidate"],"picked":"Iron Wave","floor":6},{"not_picked":["Sever Soul","Pommel Strike"],"picked":"Shrug It Off","floor":7},{"not_picked":["Headbutt","Warcry"],"picked":"Barricade","floor":8},{"not_picked":["Anger","Second Wind"],"picked":"Sword Boomerang","floor":10},{"not_picked":["Combust","Anger"],"picked":"Impervious","floor":11},{"not_picked":["Rage","Hemokinesis"],"picked":"Clothesline","floor":12},{"not_picked":["Pommel Strike","Searing Blow"],"picked":"Anger","floor":14},{"not_picked":["Berserk","Feed"],"picked":"Limit Break","floor":16},{"not_picked":["Heavy Blade","Combust+1"],"picked":"Thunderclap","floor":18},{"not_picked":["Armaments","Thunderclap"],"picked":"Immolate","floor":21},{"not_picked":["Wild Strike","Sword Boomerang+1","Second Wind"],"picked":"Singing Bowl","floor":22},{"not_picked":["Pommel Strike","Twin Strike+1"],"picked":"Shrug It Off","floor":23},{"not_picked":["Flex","Havoc"],"picked":"Flame Barrier+1","floor":25},{"not_picked":["Clothesline","Combust","Twin Strike"],"picked":"Singing Bowl","floor":28},{"not_picked":["Flame Barrier","Wild Strike"],"picked":"Offering","floor":31},{"not_picked":["Double Tap","Feed"],"picked":"Juggernaut","floor":33},{"not_picked":["Warcry","Cleave+1","Heavy Blade"],"picked":"Singing Bowl","floor":35},{"not_picked":["Searing Blow+1","Anger+1"],"picked":"Entrench","floor":38},{"not_picked":["Rupture+1","Havoc+1"],"picked":"Body Slam+1","floor":39},{"not_picked":["Sentinel+1","Havoc+1","Headbutt"],"picked":"Singing Bowl","floor":40},{"not_picked":["Twin Strike+1","Reckless Charge+1"],"picked":"Battle Trance+1","floor":44},{"not_picked":["Fire Breathing+1","Pommel Strike+1","Heavy Blade+1"],"picked":"Singing Bowl","floor":46},{"not_picked":["Havoc+1","Bloodletting+1"],"picked":"Shrug It Off+1","floor":47},{"not_picked":["Twin Strike+1","Pommel Strike"],"picked":"Iron Wave+1","floor":48},{"not_picked":["Pummel","Hemokinesis"],"picked":"Headbutt+1","floor":54}],"player_experience":3561377,"relics_obtained":[{"floor":6,"key":"Singing Bowl"},{"floor":9,"key":"Bag of Marbles"},{"floor":10,"key":"Bag of Preparation"},{"floor":19,"key":"Nilry\u0027s Codex"},{"floor":23,"key":"Calipers"},{"floor":25,"key":"Bottled Lightning"},{"floor":40,"key":"Pear"},{"floor":43,"key":"Toxic Egg 2"},{"floor":44,"key":"Gambling Chip"},{"floor":48,"key":"MawBank"},{"floor":54,"key":"Old Coin"}],"event_choices":[{"damage_healed":0,"gold_gain":0,"player_choice":"Success","damage_taken":33,"relics_obtained":["Self Forming Clay"],"max_hp_gain":0,"max_hp_loss":0,"event_name":"Scrap Ooze","floor":5,"gold_loss":0},{"damage_healed":0,"gold_gain":0,"player_choice":"Obtained Book","damage_taken":16,"max_hp_gain":0,"max_hp_loss":0,"event_name":"Cursed Tome","floor":19,"gold_loss":0},{"cards_removed":["Strike_R"],"damage_healed":0,"gold_gain":0,"player_choice":"Gave Gold","damage_taken":0,"max_hp_gain":0,"max_hp_loss":0,"event_name":"Beggar","floor":20,"gold_loss":75},{"damage_healed":0,"gold_gain":0,"player_choice":"Fight","damage_taken":0,"max_hp_gain":0,"max_hp_loss":0,"event_name":"Colosseum","floor":29,"gold_loss":0},{"damage_healed":0,"gold_gain":0,"player_choice":"Fled From Nobs","damage_taken":0,"max_hp_gain":0,"max_hp_loss":0,"event_name":"Colosseum","floor":29,"gold_loss":0},{"damage_healed":0,"gold_gain":0,"player_choice":"Obtained Relic","damage_taken":0,"relics_obtained":["Pen Nib"],"max_hp_gain":0,"max_hp_loss":0,"event_name":"Addict","floor":30,"gold_loss":85},{"cards_removed":["Strike_R"],"damage_healed":0,"gold_gain":0,"player_choice":"Purged","damage_taken":0,"max_hp_gain":0,"max_hp_loss":0,"event_name":"Purifier","floor":36,"gold_loss":0},{"damage_healed":0,"gold_gain":0,"player_choice":"Bought 0 Potions","damage_taken":0,"max_hp_gain":0,"max_hp_loss":0,"event_name":"The Woman in Blue","floor":42,"gold_loss":0}],"is_beta":true,"boss_relics":[{"not_picked":["Black Star","Philosopher\u0027s Stone"],"picked":"Mark of Pain"},{"not_picked":["Orrery","Fusion Hammer"],"picked":"Runic Pyramid"}],"items_purged_floors":[37,53],"is_endless":false,"potions_floor_spawned":[1,2,8,10,11,18,23,28,33,35,38,39,46,48],"ascension_level":1}