{"gold_per_floor":[117,132,143,98,173,199,199,55,79,91,106,133,133,167,167,266,266,286,303,317,341,359,359,390,390,444,469,485,513,529,197,197,299,299,317,417,432,432,288,313,313,338,365,395,415,515,529,529,529,529],"floor_reached":51,"playtime":48901,"items_purged":["Strike_B","Strike_B"],"score":855,"play_id":"fa55eab1-b2a2-4913-a325-36ae428283ec","local_time":"20190220111002","is_ascension_mode":true,"campfire_choices":[{"data":"Consume","floor":7,"key":"SMITH"},{"floor":13,"key":"REST"},{"floor":15,"key":"REST"},{"data":"Loop","floor":23,"key":"SMITH"},{"data":"Capacitor","floor":25,"key":"SMITH"},{"data":"Loop","floor":32,"key":"SMITH"},{"data":"Loop","floor":41,"key":"SMITH"},{"data":"Blizzard","floor":49,"key":"SMITH"}],"neow_cost":"NONE","seed_source_timestamp":84445549095369,"circlet_count":0,"master_deck":["Strike_B+1","Defend_B","Defend_B","Zap+1","Dualcast","Consume+1","Cold Snap","Reinforced Body","Seek+1","Loop+1","Ball Lightning","Echo Form","Echo Form","Go for the Eyes+1","Capacitor+1","Glacier","Glacier+1","Loop+1","Thunder Strike","Loop+1","Thunder Strike","Force Field","Echo Form","Blizzard+1","Doom and Gloom+1","Skim+1","Doom and Gloom"],"relics":["Cracked Core","Bronze Scales","Vajra","Anchor","Nunchaku","Snecko Eye","Happy Flower","Whetstone","Dream Catcher","Ancient Tea Set","Bag of Preparation","Empty Cage","Oddly Smooth Stone","War Paint","Shuriken","Omamori","Potion Belt","StoneCalendar"],"potions_floor_usage":[10,11,12,16,19,24,24,44,44,46,47],"damage_taken":[{"damage":0,"enemies":"Cultist","floor":1,"turns":3},{"damage":6,"enemies":"Jaw Worm","floor":2,"turns":3},{"damage":0,"enemies":"Small Slimes","floor":3,"turns":2},{"damage":45,"enemies":"3 Sentries","floor":6,"turns":10},{"damage":0,"enemies":"Exordium Thugs","floor":10,"turns":3},{"damage":0,"enemies":"3 Louse","floor":11,"turns":3},{"damage":13,"enemies":"Lagavulin","floor":12,"turns":4},{"damage":18,"enemies":"3 Sentries","floor":14,"turns":5},{"damage":11,"enemies":"Hexaghost","floor":16,"turns":8},{"damage":3,"enemies":"Shell Parasite","floor":18,"turns":5},{"damage":4,"enemies":"3 Byrds","floor":19,"turns":3},{"damage":9,"enemies":"Snake Plant","floor":20,"turns":4},{"damage":2,"enemies":"Snecko","floor":22,"turns":4},{"damage":0,"enemies":"Gremlin Leader","floor":24,"turns":4},{"damage":9,"enemies":"Book of Stabbing","floor":27,"turns":5},{"damage":6,"enemies":"Sentry and Sphere","floor":28,"turns":4},{"damage":8,"enemies":"Gremlin Leader","floor":29,"turns":8},{"damage":0,"enemies":"Centurion and Healer","floor":30,"turns":7},{"damage":27,"enemies":"Collector","floor":33,"turns":9},{"damage":0,"enemies":"Orb Walker","floor":35,"turns":3},{"damage":0,"enemies":"3 Shapes","floor":37,"turns":4},{"damage":1,"enemies":"Reptomancer","floor":40,"turns":6},{"damage":3,"enemies":"Giant Head","floor":42,"turns":6},{"damage":10,"enemies":"Reptomancer","floor":44,"turns":5},{"damage":3,"enemies":"Jaw Worm Horde","floor":45,"turns":6},{"damage":0,"enemies":"Mind Bloom Boss Battle","floor":46,"turns":4},{"damage":11,"enemies":"Transient","floor":47,"turns":5},{"damage":19,"enemies":"Donu and Deca","floor":50,"turns":8}],"seed_played":"7091327271182500437","potions_obtained":[{"floor":2,"key":"SpeedPotion"},{"floor":3,"key":"Poison Potion"},{"floor":6,"key":"SpeedPotion"},{"floor":11,"key":"FocusPotion"},{"floor":16,"key":"Fire Potion"},{"floor":19,"key":"Poison Potion"},{"floor":20,"key":"Poison Potion"},{"floor":22,"key":"Energy Potion"},{"floor":27,"key":"GamblersBrew"},{"floor":37,"key":"Explosive Potion"},{"floor":44,"key":"GamblersBrew"},{"floor":46,"key":"Block Potion"}],"is_trial":false,"path_per_floor":["M","M","M","$","?","E","R","$","T","M","M","E","R","E","R","B",null,"M","M","M","T","M","R","E","R","T","E","M","E","M","$","R","B",null,"M","?","M","?","$","E","R","E","T","E","M","?","M","?","R","B",null],"character_chosen":"DEFECT","items_purchased":["Cold Snap","Seek","Thunder Strike","Loop","Oddly Smooth Stone"],"campfire_rested":2,"item_purchase_floors":[4,8,31,31,39],"current_hp_per_floor":[82,76,76,76,65,20,20,20,20,20,20,7,31,13,37,26,82,79,75,66,66,64,64,64,64,64,55,49,41,41,41,41,14,82,82,82,82,82,82,81,81,78,78,68,65,65,54,54,54,35],"gold":529,"neow_bonus":"TEN_PERCENT_HP_BONUS","is_prod":false,"is_daily":false,"chose_seed":false,"campfire_upgraded":6,"win_rate":0,"timestamp":1550689802,"path_taken":["M","?","M","$","?","E","R","?","T","M","M","E","R","E","R","BOSS","M","M","?","?","?","R","E","R","T","E","M","E","M","$","R","BOSS","M","?","?","?","?","E","R","E","T","E","M","?","?","?","R","BOSS"],"build_version":"2019-01-23","purchased_purges":2,"victory":true,"max_hp_per_floor":[82,82,82,82,82,82,82,82,82,82,82,82,82,82,82,82,82,82,82,82,82,82,82,82,82,82,82,82,82,82,82,82,82,82,82,82,82,82,82,82,82,82,82,82,82,82,82,82,82,82],"card_choices":[{"not_picked":["Steam","Auto Shields"],"picked":"Consume","floor":1},{"not_picked":["Reprogram","Beam Cell","Hello World"],"picked":"SKIP","floor":2},{"not_picked":["Beam Cell","Scrape","Steam"],"picked":"SKIP","floor":3},{"not_picked":["Barrage","Leap"],"picked":"Reinforced Body","floor":6},{"not_picked":["Steam","Static Discharge"],"picked":"Loop","floor":10},{"not_picked":["Rebound","Hologram"],"picked":"Ball Lightning","floor":11},{"not_picked":["Barrage","Streamline"],"picked":"Echo Form","floor":12},{"not_picked":["Sweeping Beam","Doom and Gloom","Redo"],"picked":"SKIP","floor":14},{"not_picked":["Reboot","Multi-Cast"],"picked":"Echo Form","floor":16},{"not_picked":["Cold Snap","Barrage"],"picked":"Conserve Battery+1","floor":18},{"not_picked":["Redo","Scrape"],"picked":"Go for the Eyes","floor":19},{"not_picked":["Reprogram+1","Self Repair+1"],"picked":"Capacitor","floor":20},{"not_picked":["Hologram+1","Streamline","Rebound+1"],"picked":"SKIP","floor":22},{"not_picked":["Conserve Battery+1","Gash"],"picked":"Glacier","floor":24},{"not_picked":["Stack","Steam Power","Hologram+1"],"picked":"SKIP","floor":27},{"not_picked":["Conserve Battery","Coolheaded"],"picked":"Glacier+1","floor":28},{"not_picked":["Barrage","Stack+1","Cold Snap"],"picked":"SKIP","floor":29},{"not_picked":["Compile Driver","Chaos"],"picked":"Loop","floor":30},{"not_picked":["All For One","Amplify"],"picked":"Thunder Strike","floor":33},{"not_picked":["Streamline","Go for the Eyes","Rebound+1"],"picked":"SKIP","floor":35},{"not_picked":["Ball Lightning","Lockon"],"picked":"Force Field","floor":37},{"not_picked":["Buffer","Coolheaded"],"picked":"Echo Form","floor":40},{"not_picked":["Fission","Genetic Algorithm+1"],"picked":"Blizzard","floor":42},{"not_picked":["Gash","Sweeping Beam","Chaos"],"picked":"SKIP","floor":44},{"not_picked":["Coolheaded+1","Gash"],"picked":"Doom and Gloom+1","floor":45},{"not_picked":["Stack","Static Discharge+1"],"picked":"Skim+1","floor":46},{"not_picked":["Scrape","Steam"],"picked":"Doom and Gloom","floor":47}],"player_experience":227946,"relics_obtained":[{"floor":6,"key":"Bronze Scales"},{"floor":9,"key":"Vajra"},{"floor":12,"key":"Anchor"},{"floor":14,"key":"Nunchaku"},{"floor":21,"key":"Happy Flower"},{"floor":24,"key":"Whetstone"},{"floor":26,"key":"Dream Catcher"},{"floor":27,"key":"Ancient Tea Set"},{"floor":29,"key":"Bag of Preparation"},{"floor":40,"key":"War Paint"},{"floor":42,"key":"Shuriken"},{"floor":43,"key":"Omamori"},{"floor":44,"key":"Potion Belt"},{"floor":46,"key":"StoneCalendar"}],"event_choices":[{"damage_healed":0,"gold_gain":75,"player_choice":"Gather Gold","damage_taken":11,"max_hp_gain":0,"max_hp_loss":0,"event_name":"World of Goop","floor":5,"gold_loss":0},{"damage_healed":0,"gold_gain":100,"player_choice":"Pray","damage_taken":0,"max_hp_gain":0,"max_hp_loss":0,"event_name":"Golden Shrine","floor":36,"gold_loss":0},{"cards_removed":["Defend_B"],"damage_healed":0,"gold_gain":0,"player_choice":"Offered Basic","damage_taken":0,"max_hp_gain":0,"max_hp_loss":0,"event_name":"Bonfire Elementals","floor":38,"gold_loss":0},{"damage_healed":0,"gold_gain":0,"player_choice":"Fight","damage_taken":0,"max_hp_gain":0,"max_hp_loss":0,"event_name":"MindBloom","floor":46,"gold_loss":0},{"cards_removed":["Conserve Battery"],"damage_healed":0,"gold_gain":0,"player_choice":"Removed Skill","damage_taken":0,"max_hp_gain":0,"max_hp_loss":0,"event_name":"Falling","floor":48,"gold_loss":0}],"is_beta":false,"boss_relics":[{"not_picked":["Runic Dome","Black Star"],"picked":"Snecko Eye"},{"not_picked":["Runic Pyramid","Pandora\u0027s Box"],"picked":"Empty Cage"}],"items_purged_floors":[8,31],"is_endless":false,"potions_floor_spawned":[2,3,6,11,16,19,20,22,27,37,44,46],"ascension_level":1}