{"gold_per_floor":[212,224,239,414,434,434,0,0,0,33,54,69,100,118,118,221,221,206,121,133,133,133,133,163,163,163,181,212,227,260,274,274,374,374,384,1383,658,658,670,700,700,1032,1055,1055,1080,291,291,321,321,321,321,321,80,111,111],"floor_reached":56,"playtime":5136,"items_purged":["Doubt","Strike_B","Strike_B"],"score":1928,"play_id":"e4363361-c1ad-4090-b707-c9b7b07afa6e","local_time":"20190129220850","is_ascension_mode":true,"campfire_choices":[{"data":"Zap","floor":6,"key":"SMITH"},{"data":"Redo","floor":8,"key":"SMITH"},{"data":"Hello World","floor":15,"key":"SMITH"},{"data":"Capacitor","floor":23,"key":"SMITH"},{"data":"Consume","floor":25,"key":"SMITH"},{"data":"Fission","floor":32,"key":"SMITH"},{"floor":41,"key":"RECALL"},{"floor":47,"key":"REST"},{"floor":49,"key":"REST"},{"floor":52,"key":"REST"}],"neow_cost":"NONE","seed_source_timestamp":3835954455777369,"circlet_count":0,"master_deck":["Strike_B","Strike_B","Defend_B","Defend_B","Defend_B","Defend_B","Zap+1","Dualcast","Coolheaded","Doom and Gloom","Redo+1","BootSequence","Conserve Battery","Hello World+1","Sunder","Genetic Algorithm","Seek","Capacitor+1","Glacier+1","Gash+1","Consume+1","Auto Shields+1","Necronomicurse","Ghostly+1","Ghostly","Ghostly","Ghostly","Ghostly","Conserve Battery","Glacier","Doom and Gloom","Hologram+1","Gash","Undo","Fission+1","Loop+1","Echo Form","Coolheaded+1","Steam Power+1","Panache","Sunder","Flash of Steel","FTL","Conserve Battery+1","Glacier+1","Master of Strategy","Leap+1","Capacitor","Barrage","Undo"],"relics":["Cracked Core","FossilizedHelix","Prayer Wheel","Odd Mushroom","Centennial Puzzle","Runic Dome","Regal Pillow","Necronomicon","Question Card","Bronze Scales","Emotion Chip","Omamori","Fusion Hammer","Bag of Preparation","Lantern","Blood Vial","Old Coin","Boot","PreservedInsect","Strawberry","Toolbox","War Paint","Ornamental Fan","DataDisk","Dodecahedron"],"potions_floor_usage":[5,10,29,33,33,55,55,55],"damage_taken":[{"damage":0,"enemies":"2 Louse","floor":1,"turns":2},{"damage":1,"enemies":"Jaw Worm","floor":2,"turns":3},{"damage":3,"enemies":"Small Slimes","floor":3,"turns":2},{"damage":19,"enemies":"Exordium Thugs","floor":5,"turns":5},{"damage":8,"enemies":"Gremlin Nob","floor":10,"turns":4},{"damage":0,"enemies":"The Mushroom Lair","floor":11,"turns":3},{"damage":0,"enemies":"3 Louse","floor":12,"turns":3},{"damage":4,"enemies":"Lagavulin","floor":13,"turns":7},{"damage":0,"enemies":"Red Slaver","floor":14,"turns":3},{"damage":0,"enemies":"Slime Boss","floor":16,"turns":9},{"damage":0,"enemies":"2 Thieves","floor":18,"turns":4},{"damage":0,"enemies":"Spheric Guardian","floor":20,"turns":6},{"damage":0,"enemies":"Gremlin Leader","floor":24,"turns":9},{"damage":0,"enemies":"3 Cultists","floor":27,"turns":4},{"damage":0,"enemies":"Book of Stabbing","floor":28,"turns":5},{"damage":0,"enemies":"Snake Plant","floor":29,"turns":4},{"damage":0,"enemies":"Gremlin Leader","floor":30,"turns":8},{"damage":0,"enemies":"Cultist and Chosen","floor":31,"turns":3},{"damage":0,"enemies":"Collector","floor":33,"turns":9},{"damage":0,"enemies":"3 Darklings","floor":35,"turns":7},{"damage":0,"enemies":"Orb Walker","floor":39,"turns":3},{"damage":0,"enemies":"Reptomancer","floor":40,"turns":5},{"damage":0,"enemies":"Nemesis","floor":42,"turns":5},{"damage":0,"enemies":"Giant Head","floor":45,"turns":7},{"damage":0,"enemies":"Nemesis","floor":48,"turns":7},{"damage":0,"enemies":"Donu and Deca","floor":50,"turns":10},{"damage":0,"enemies":"Shield and Spear","floor":54,"turns":4},{"damage":0,"enemies":"The Heart","floor":55,"turns":9}],"seed_played":"-4566658611638576153","potions_obtained":[{"floor":1,"key":"FocusPotion"},{"floor":2,"key":"AttackPotion"},{"floor":5,"key":"Dexterity Potion"},{"floor":16,"key":"Block Potion"},{"floor":18,"key":"Swift Potion"},{"floor":29,"key":"Energy Potion"},{"floor":33,"key":"Strength Potion"},{"floor":39,"key":"Block Potion"},{"floor":42,"key":"GamblersBrew"},{"floor":54,"key":"LiquidBronze"}],"is_trial":false,"path_per_floor":["M","M","M","?","M","R","$","R","T","E","?","M","E","M","R","B",null,"M","?","M","?","?","R","E","R","T","M","E","M","E","M","R","B",null,"M","?","$","?","M","E","R","E","T","?","E","$","R","E","R","B",null,"R","$","E","B",null],"character_chosen":"DEFECT","items_purchased":["FossilizedHelix","Conserve Battery","Bag of Preparation","Lantern","Panache","Sunder","Flash of Steel","Strawberry","Toolbox","Master of Strategy","War Paint","DataDisk","Capacitor","Barrage"],"campfire_rested":3,"item_purchase_floors":[7,7,37,37,37,37,37,46,46,46,46,53,53,53],"current_hp_per_floor":[75,74,71,71,52,52,52,52,52,44,44,44,40,40,40,40,75,75,75,75,59,37,37,37,37,37,37,37,37,37,37,37,37,37,37,37,37,47,47,47,47,47,47,47,47,54,54,54,54,54,54,54,54,54,54],"gold":111,"neow_bonus":"HUNDRED_GOLD","is_prod":false,"is_daily":false,"chose_seed":false,"campfire_upgraded":6,"win_rate":0,"timestamp":1548817730,"path_taken":["M","M","M","?","M","R","$","R","T","E","?","M","E","?","R","BOSS","M","?","M","?","?","R","E","R","T","?","E","M","E","M","R","BOSS","M","?","$","?","?","E","R","E","T","?","E","$","R","E","R","BOSS","R","$","E","BOSS"],"build_version":"2019-01-23","purchased_purges":3,"victory":true,"max_hp_per_floor":[75,75,75,75,75,75,75,75,75,75,75,75,75,75,75,75,75,75,75,75,75,37,37,37,37,37,37,37,37,37,37,37,37,37,37,37,37,47,47,47,47,47,47,47,47,54,54,54,54,54,54,54,54,54,54],"card_choices":[{"not_picked":["Tempest","Storm"],"picked":"Coolheaded","floor":1},{"not_picked":["Steam","Stack"],"picked":"Doom and Gloom","floor":2},{"not_picked":["Streamline","Compile Driver"],"picked":"Redo","floor":3},{"not_picked":["Doom and Gloom","Hologram"],"picked":"BootSequence","floor":5},{"not_picked":["Double Energy","Beam Cell","Blizzard"],"picked":"SKIP","floor":10},{"not_picked":["Streamline","Gash"],"picked":"Hello World","floor":11},{"not_picked":["Compile Driver","Steam Power"],"picked":"Sunder","floor":12},{"not_picked":["Redo","Beam Cell"],"picked":"Genetic Algorithm","floor":12},{"not_picked":["Rip and Tear","Stack"],"picked":"Seek","floor":13},{"not_picked":["Go for the Eyes","FTL"],"picked":"Capacitor","floor":14},{"not_picked":["Loop","Compile Driver"],"picked":"Glacier","floor":14},{"not_picked":["Seek","Thunder Strike"],"picked":"Biased Cognition","floor":16},{"not_picked":["Rebound","Reprogram"],"picked":"Gash+1","floor":18},{"not_picked":["Redo","Leap+1"],"picked":"Consume","floor":18},{"not_picked":["Recycle","Genetic Algorithm"],"picked":"Auto Shields+1","floor":20},{"not_picked":["Streamline","Barrage","Redo"],"picked":"SKIP","floor":20},{"not_picked":["Ball Lightning+1","Beam Cell"],"picked":"Conserve Battery","floor":24},{"not_picked":["Sweeping Beam+1","Turbo","Tempest"],"picked":"Glacier","floor":27},{"not_picked":["Redo","Compile Driver","Recycle+1"],"picked":"Doom and Gloom","floor":27},{"not_picked":["Aggregate","Leap+1","Ball Lightning"],"picked":"Hologram+1","floor":28},{"not_picked":["Hyperbeam","Streamline","Rebound"],"picked":"Gash","floor":29},{"not_picked":["Barrage+1","Conserve Battery","Beam Cell+1"],"picked":"Undo","floor":29},{"not_picked":["Steam Power+1","Darkness","Storm"],"picked":"Fission","floor":30},{"not_picked":["Fusion","Chaos+1","Rebound"],"picked":"Loop+1","floor":31},{"not_picked":["Compile Driver","Streamline","Rebound","Ball Lightning"],"picked":"SKIP","floor":31},{"not_picked":["Thunder Strike","Meteor Strike","Amplify"],"picked":"Echo Form","floor":33},{"not_picked":["Turbo","White Noise","Gash+1"],"picked":"Coolheaded+1","floor":35},{"not_picked":["Conserve Battery","Force Field","Lockon"],"picked":"Steam Power+1","floor":35},{"not_picked":["Sweeping Beam","Genetic Algorithm","Ball Lightning"],"picked":"FTL","floor":39},{"not_picked":["Chaos+1","Barrage+1","Recycle"],"picked":"Conserve Battery+1","floor":39},{"not_picked":["Storm+1","Hologram+1","Redo+1","Streamline"],"picked":"SKIP","floor":40},{"not_picked":["Auto Shields","Rip and Tear+1","Conserve Battery"],"picked":"Glacier+1","floor":42},{"not_picked":["Consume","Cold Snap","Chill","Hello World+1"],"picked":"SKIP","floor":45},{"not_picked":["Beam Cell","Cold Snap+1","Reinforced Body"],"picked":"Leap+1","floor":48},{"not_picked":["Fusion+1","Beam Cell+1","Conserve Battery"],"picked":"Undo","floor":54}],"player_experience":4265659,"relics_obtained":[{"floor":10,"key":"Prayer Wheel"},{"floor":11,"key":"Odd Mushroom"},{"floor":13,"key":"Centennial Puzzle"},{"floor":21,"key":"Necronomicon"},{"floor":24,"key":"Question Card"},{"floor":26,"key":"Bronze Scales"},{"floor":28,"key":"Emotion Chip"},{"floor":30,"key":"Omamori"},{"floor":40,"key":"Blood Vial"},{"floor":42,"key":"Old Coin"},{"floor":43,"key":"Boot"},{"floor":45,"key":"PreservedInsect"},{"floor":48,"key":"Ornamental Fan"},{"floor":54,"key":"Dodecahedron"}],"event_choices":[{"damage_healed":0,"gold_gain":175,"player_choice":"AGREE","damage_taken":0,"max_hp_gain":0,"max_hp_loss":0,"event_name":"Liars Game","floor":4,"gold_loss":0,"cards_obtained":["Doubt"]},{"damage_healed":0,"gold_gain":0,"player_choice":"Fought Mushrooms","damage_taken":0,"max_hp_gain":0,"max_hp_loss":0,"event_name":"Mushrooms","floor":11,"gold_loss":0},{"damage_healed":0,"gold_gain":0,"player_choice":"Obtained Relic","damage_taken":0,"relics_obtained":["Regal Pillow"],"max_hp_gain":0,"max_hp_loss":0,"event_name":"Addict","floor":19,"gold_loss":85},{"damage_healed":0,"gold_gain":0,"player_choice":"Obtained Book","damage_taken":16,"max_hp_gain":0,"max_hp_loss":0,"event_name":"Cursed Tome","floor":21,"gold_loss":0},{"damage_healed":0,"gold_gain":0,"player_choice":"Became a Ghost","damage_taken":0,"max_hp_gain":0,"max_hp_loss":38,"event_name":"Ghosts","floor":22,"gold_loss":0,"cards_obtained":["Ghostly","Ghostly","Ghostly","Ghostly","Ghostly"]},{"damage_healed":0,"gold_gain":999,"player_choice":"Gold","damage_taken":0,"max_hp_gain":0,"max_hp_loss":0,"event_name":"MindBloom","floor":36,"gold_loss":0,"cards_obtained":["Normality","Normality"]},{"cards_removed":["Biased Cognition"],"damage_healed":0,"gold_gain":0,"player_choice":"Offered Rare","damage_taken":0,"max_hp_gain":10,"max_hp_loss":0,"event_name":"Bonfire Elementals","floor":38,"gold_loss":0},{"damage_healed":0,"gold_gain":0,"player_choice":"Ignored","damage_taken":0,"max_hp_gain":0,"max_hp_loss":0,"event_name":"Tomb of Lord Red Mask","floor":44,"gold_loss":0}],"is_beta":true,"boss_relics":[{"not_picked":["FrozenCore","Nuclear Battery"],"picked":"Runic Dome"},{"not_picked":["Sozu","Runic Pyramid"],"picked":"Fusion Hammer"}],"items_purged_floors":[7,37,46],"is_endless":false,"potions_floor_spawned":[1,2,5,16,18,28,29,31,33,39,42,45,54],"ascension_level":1}