{"gold_per_floor":[114,23,38,38,12,347,360,372,372,98,125,125,125,144,144,248,248,268,281,380,380,398,433,41,316,316,336,362,362,49,69,69,166,166,180,280,290,290,2,37,0,0,23,23,23,51,71,104,104,104,104,104,12,38,38],"floor_reached":56,"playtime":3925,"items_purged":["Strike_B","Regret"],"score":1572,"play_id":"6e312018-c583-4e48-9447-d7f4d48d5c1d","local_time":"20181128084111","is_ascension_mode":true,"campfire_choices":[{"data":"Buffer","floor":13,"key":"SMITH"},{"data":"Defragment","floor":15,"key":"SMITH"},{"data":"Go for the Eyes","floor":29,"key":"SMITH"},{"data":"Buffer","floor":32,"key":"SMITH"},{"floor":42,"key":"RECALL"},{"data":"Hologram","floor":45,"key":"SMITH"},{"data":"Capacitor","floor":49,"key":"SMITH"},{"data":"Coolheaded","floor":52,"key":"SMITH"}],"neow_cost":"NONE","seed_source_timestamp":356742217055636,"circlet_count":0,"master_deck":["Zap+1","Dualcast","Steam","Defragment+1","Gash","Buffer+1","Sweeping Beam","Leap+1","Beam Cell","Hyperbeam","Leap","All For One","Coolheaded","Turbo+1","Gash","Buffer+1","Hologram+1","Rip and Tear+1","Loop+1","Beam Cell+1","Conserve Battery","Core Surge","Impatience","Capacitor+1","Conserve Battery","Go for the Eyes+1","All For One","Undo","Chill","Echo Form+1","Self Repair+1","Compile Driver","Coolheaded+1","Leap","Defragment+1","Conserve Battery","Glacier+1","BootSequence+1","Glacier","Go for the Eyes","Turbo+1","Hologram+1","Discovery","Loop+1"],"relics":["Cracked Core","NeowsBlessing","Old Coin","Nunchaku","Oddly Smooth Stone","Symbiotic Virus","Orrery","Art of War","War Paint","Frozen Egg 2","Bronze Scales","Pandora\u0027s Box","Peace Pipe","Mummified Hand","Bottled Flame","Red Mask","Singing Bowl","Shovel","Pocketwatch"],"potions_floor_usage":[11,16,16,23,28,55,55,55,55,55,55],"damage_taken":[{"damage":0,"enemies":"Cultist","floor":1,"turns":1},{"damage":0,"enemies":"Small Slimes","floor":3,"turns":1},{"damage":0,"enemies":"3 Sentries","floor":6,"turns":1},{"damage":0,"enemies":"Jaw Worm","floor":7,"turns":4},{"damage":8,"enemies":"Large Slime","floor":8,"turns":5},{"damage":30,"enemies":"Gremlin Nob","floor":11,"turns":5},{"damage":0,"enemies":"2 Fungi Beasts","floor":14,"turns":1},{"damage":16,"enemies":"Slime Boss","floor":16,"turns":9},{"damage":0,"enemies":"Shell Parasite","floor":18,"turns":4},{"damage":0,"enemies":"Chosen","floor":19,"turns":5},{"damage":4,"enemies":"3 Cultists","floor":22,"turns":4},{"damage":13,"enemies":"Slavers","floor":23,"turns":6},{"damage":0,"enemies":"Snecko","floor":27,"turns":5},{"damage":9,"enemies":"Gremlin Leader","floor":28,"turns":7},{"damage":5,"enemies":"Snake Plant","floor":31,"turns":5},{"damage":12,"enemies":"Automaton","floor":33,"turns":9},{"damage":7,"enemies":"3 Shapes","floor":35,"turns":4},{"damage":0,"enemies":"Mind Bloom Boss Battle","floor":36,"turns":9},{"damage":10,"enemies":"3 Darklings","floor":37,"turns":9},{"damage":0,"enemies":"Giant Head","floor":40,"turns":8},{"damage":0,"enemies":"Nemesis","floor":46,"turns":7},{"damage":1,"enemies":"Transient","floor":47,"turns":5},{"damage":24,"enemies":"Reptomancer","floor":48,"turns":7},{"damage":0,"enemies":"Donu and Deca","floor":50,"turns":14},{"damage":0,"enemies":"Shield and Spear","floor":54,"turns":7},{"damage":0,"enemies":"The Heart","floor":55,"turns":11}],"seed_played":"-7422138298392971738","potions_obtained":[{"floor":1,"key":"Swift Potion"},{"floor":3,"key":"Dexterity Potion"},{"floor":7,"key":"Swift Potion"},{"floor":14,"key":"FocusPotion"},{"floor":18,"key":"Regen Potion"},{"floor":21,"key":"EntropicBrew"},{"floor":23,"key":"AttackPotion"},{"floor":28,"key":"Ancient Potion"}],"is_trial":false,"path_per_floor":["M","$","M","?","$","E","M","M","T","$","E","?","R","M","R","B",null,"M","M","?","?","M","E","$","?","T","M","E","R","$","M","R","B",null,"M","?","M","?","$","E","?","R","T","$","R","E","M","E","R","B",null,"R","$","E","B",null],"character_chosen":"DEFECT","items_purchased":["Defragment","Gash","Leap","Oddly Smooth Stone","Beam Cell","Core Surge","Impatience","Capacitor","War Paint","All For One","Undo","Mummified Hand","Go for the Eyes","Discovery"],"campfire_rested":0,"item_purchase_floors":[2,2,5,10,10,24,24,24,24,30,30,39,39,53],"current_hp_per_floor":[75,75,75,75,75,75,75,67,67,67,37,22,22,22,22,6,75,75,75,75,75,71,72,72,72,72,72,63,63,63,58,58,46,75,75,75,75,75,75,75,75,75,75,75,75,75,77,65,65,75,79,79,79,79,79],"gold":38,"neow_bonus":"THREE_ENEMY_KILL","is_prod":false,"is_daily":false,"chose_seed":false,"campfire_upgraded":7,"win_rate":0,"timestamp":1543412471,"path_taken":["M","$","?","?","$","E","M","M","T","?","E","?","R","M","R","BOSS","M","M","?","?","?","E","$","?","T","?","E","R","$","M","R","BOSS","M","?","M","?","?","E","?","R","T","$","R","E","M","E","R","BOSS","R","$","E","BOSS"],"build_version":"2018-11-15","purchased_purges":2,"victory":true,"max_hp_per_floor":[75,75,75,75,75,75,75,75,75,75,75,75,75,75,75,75,75,75,75,75,75,75,75,75,75,75,75,75,75,75,75,75,75,75,75,75,75,75,75,75,75,75,75,75,75,75,77,79,79,79,79,79,79,79,79],"card_choices":[{"not_picked":["Aggregate","Fusion"],"picked":"Steam","floor":1},{"not_picked":["Fusion","Blizzard","Stack"],"picked":"SKIP","floor":3},{"not_picked":["Double Energy","Conserve Battery"],"picked":"Buffer","floor":6},{"not_picked":["Streamline","Conserve Battery"],"picked":"Sweeping Beam","floor":7},{"not_picked":["Rebound","Barrage"],"picked":"Leap","floor":8},{"not_picked":["Capacitor","Turbo"],"picked":"Hyperbeam","floor":11},{"not_picked":["Steam","Rebound"],"picked":"Leap","floor":14},{"not_picked":["Seek","Rainbow"],"picked":"All For One","floor":16},{"not_picked":["Rebound","Compile Driver"],"picked":"Coolheaded","floor":17},{"not_picked":["Rebound","Hello World"],"picked":"Turbo","floor":17},{"not_picked":["Leap","Hello World"],"picked":"Gash","floor":17},{"not_picked":["Streamline","Steam"],"picked":"Buffer","floor":17},{"not_picked":["Streamline","Redo"],"picked":"Hologram","floor":17},{"not_picked":["Sweeping Beam","Leap"],"picked":"Rip and Tear+1","floor":18},{"not_picked":["Conserve Battery","Redo"],"picked":"Loop+1","floor":19},{"not_picked":["Fusion","Barrage+1"],"picked":"Beam Cell+1","floor":22},{"not_picked":["Compile Driver+1","Force Field"],"picked":"Conserve Battery","floor":23},{"not_picked":["Leap","Hello World+1"],"picked":"Conserve Battery","floor":27},{"not_picked":["FTL","Static Discharge+1"],"picked":"Go for the Eyes","floor":28},{"not_picked":["Compile Driver","Leap+1"],"picked":"Chill","floor":31},{"not_picked":["Multi-Cast","Machine Learning+1"],"picked":"Echo Form+1","floor":33},{"not_picked":["Rebound","Turbo+1"],"picked":"Glacier+1","floor":35},{"not_picked":["Recycle","Conserve Battery+1"],"picked":"BootSequence+1","floor":36},{"not_picked":["Doom and Gloom+1","Aggregate+1"],"picked":"Glacier","floor":37},{"not_picked":["Consume+1","Auto Shields"],"picked":"Turbo+1","floor":40},{"not_picked":["Sweeping Beam","Cold Snap"],"picked":"Hologram+1","floor":46},{"not_picked":["Conserve Battery","Sweeping Beam+1","Self Repair+1"],"picked":"Singing Bowl","floor":47},{"not_picked":["Redo+1","Hello World+1","Sunder+1"],"picked":"Singing Bowl","floor":48},{"not_picked":["Electrodynamics+1","Go for the Eyes+1"],"picked":"Loop+1","floor":54}],"player_experience":3574202,"relics_obtained":[{"floor":6,"key":"Old Coin"},{"floor":9,"key":"Nunchaku"},{"floor":11,"key":"Symbiotic Virus"},{"floor":23,"key":"Art of War"},{"floor":26,"key":"Frozen Egg 2"},{"floor":28,"key":"Bronze Scales"},{"floor":36,"key":"Peace Pipe"},{"floor":40,"key":"Bottled Flame"},{"floor":46,"key":"Singing Bowl"},{"floor":48,"key":"Shovel"},{"floor":54,"key":"Pocketwatch"}],"event_choices":[{"cards_removed":["Strike_B"],"damage_healed":0,"gold_gain":0,"player_choice":"Purged","damage_taken":0,"max_hp_gain":0,"max_hp_loss":0,"event_name":"Purifier","floor":4,"gold_loss":0},{"damage_healed":0,"gold_gain":0,"player_choice":"Entered Light","damage_taken":15,"max_hp_gain":0,"max_hp_loss":0,"event_name":"Shining Light","floor":12,"gold_loss":0,"cards_upgraded":["Leap","Zap"]},{"damage_healed":0,"gold_gain":99,"player_choice":"Stole From Cult","damage_taken":0,"max_hp_gain":0,"max_hp_loss":0,"event_name":"Nest","floor":20,"gold_loss":0},{"damage_healed":0,"gold_gain":0,"player_choice":"Got Potions","damage_taken":0,"max_hp_gain":0,"max_hp_loss":0,"event_name":"Lab","floor":21,"gold_loss":0},{"damage_healed":0,"gold_gain":275,"player_choice":"Desecrate","damage_taken":0,"max_hp_gain":0,"max_hp_loss":0,"event_name":"Golden Shrine","floor":25,"gold_loss":0,"cards_obtained":["Regret"]},{"damage_healed":0,"gold_gain":0,"player_choice":"Fight","damage_taken":0,"max_hp_gain":0,"max_hp_loss":0,"event_name":"MindBloom","floor":36,"gold_loss":0},{"cards_removed":["Leap"],"damage_healed":0,"gold_gain":0,"player_choice":"Removed Skill","damage_taken":0,"max_hp_gain":0,"max_hp_loss":0,"event_name":"Falling","floor":38,"gold_loss":0},{"damage_healed":0,"gold_gain":0,"player_choice":"Paid","damage_taken":0,"relics_obtained":["Red Mask"],"max_hp_gain":0,"max_hp_loss":0,"event_name":"Tomb of Lord Red Mask","floor":41,"gold_loss":37}],"is_beta":true,"boss_relics":[{"not_picked":["Inserter","Empty Cage"],"picked":"Orrery"},{"not_picked":["White Beast Statue","Snecko Eye"],"picked":"Pandora\u0027s Box"}],"items_purged_floors":[10,30],"is_endless":false,"potions_floor_spawned":[1,3,7,14,18,23,28,33,35,36,37,54],"ascension_level":1}