{"gold_per_floor":[112,92,109,125,50,50,70,86,109,57,74,74,107,118,118,118],"floor_reached":16,"playtime":536,"items_purged":["Strike_R"],"score":208,"play_id":"71dc24a3-aa98-41d7-b907-7dad610f4320","local_time":"20190201103724","is_ascension_mode":true,"campfire_choices":[{"data":"Searing Blow","floor":6,"key":"SMITH"},{"data":"Searing Blow+1","floor":12,"key":"SMITH"},{"data":"Searing Blow+2","floor":15,"key":"SMITH"}],"neow_cost":"NONE","seed_source_timestamp":1905885409616996,"circlet_count":0,"master_deck":["AscendersBane","Strike_R","Strike_R","Strike_R","Strike_R","Defend_R","Defend_R","Defend_R","Defend_R","Bash","Pommel Strike","Searing Blow+3","Fiend Fire","Shockwave","True Grit","Juggernaut"],"relics":["Burning Blood","Pen Nib","Omamori"],"potions_floor_usage":[7,13,16],"damage_taken":[{"damage":2,"enemies":"2 Louse","floor":1,"turns":3},{"damage":13,"enemies":"Cultist","floor":3,"turns":5},{"damage":5,"enemies":"Small Slimes","floor":4,"turns":3},{"damage":51,"enemies":"Exordium Thugs","floor":7,"turns":9},{"damage":6,"enemies":"2 Fungi Beasts","floor":8,"turns":3},{"damage":4,"enemies":"Blue Slaver","floor":11,"turns":3},{"damage":26,"enemies":"Gremlin Nob","floor":13,"turns":4},{"damage":0,"enemies":"Red Slaver","floor":14,"turns":1},{"damage":34,"enemies":"Hexaghost","floor":16,"turns":9}],"seed_played":"-4031866487774932496","potions_obtained":[{"floor":2,"key":"Dexterity Potion"},{"floor":4,"key":"Regen Potion"},{"floor":7,"key":"Dexterity Potion"},{"floor":8,"key":"PowerPotion"},{"floor":14,"key":"GamblersBrew"}],"is_trial":false,"path_per_floor":["M","?","M","M","$","R","M","M","T","$","M","R","E","M","R","B"],"character_chosen":"IRONCLAD","items_purchased":["True Grit"],"campfire_rested":0,"item_purchase_floors":[10],"current_hp_per_floor":[79,79,72,73,73,73,43,43,43,43,45,45,25,31,31,0],"gold":118,"neow_bonus":"TEN_PERCENT_HP_BONUS","is_prod":false,"is_daily":false,"chose_seed":false,"campfire_upgraded":3,"win_rate":0,"timestamp":1549035444,"path_taken":["M","?","M","M","$","R","M","?","T","$","M","R","E","M","R","BOSS"],"build_version":"2019-01-23","purchased_purges":1,"victory":false,"max_hp_per_floor":[82,82,82,82,82,82,82,82,82,82,82,82,82,82,82,82],"card_choices":[{"not_picked":["Anger","Havoc"],"picked":"Pommel Strike","floor":1},{"not_picked":["Infernal Blade","Wild Strike"],"picked":"Searing Blow","floor":3},{"not_picked":["Searing Blow","Rupture","Thunderclap"],"picked":"SKIP","floor":4},{"not_picked":["Sword Boomerang","Shrug It Off"],"picked":"Fiend Fire","floor":7},{"not_picked":["Clash","Warcry"],"picked":"Shockwave","floor":8},{"not_picked":["Heavy Blade","Warcry"],"picked":"Juggernaut","floor":11},{"not_picked":["Body Slam","Rupture","Inflame"],"picked":"SKIP","floor":13},{"not_picked":["Iron Wave","Rupture","Spot Weakness"],"picked":"SKIP","floor":14}],"player_experience":851899,"relics_obtained":[{"floor":9,"key":"Pen Nib"},{"floor":13,"key":"Omamori"}],"event_choices":[{"damage_healed":0,"gold_gain":0,"player_choice":"Bought 1 Potion","damage_taken":0,"max_hp_gain":0,"max_hp_loss":0,"event_name":"The Woman in Blue","floor":2,"gold_loss":0}],"is_beta":false,"boss_relics":[],"items_purged_floors":[5],"is_endless":false,"potions_floor_spawned":[4,7,8,11,14],"killed_by":"Hexaghost","ascension_level":20}