{"gold_per_floor":[111,111,125,195,37,67,67,99,99,149,160,179,179,189,189,267,267,287,350,417,417],"floor_reached":21,"playtime":1049,"items_purged":["Strike_G"],"score":386,"play_id":"9c52c435-485d-48cb-85a2-79f085f40d04","local_time":"20190202115117","is_ascension_mode":true,"campfire_choices":[{"data":"Envenom","floor":7.0,"key":"SMITH"},{"data":"Finisher","floor":13.0,"key":"SMITH"},{"data":"Blade Dance","floor":15.0,"key":"SMITH"}],"neow_cost":"TEN_PERCENT_HP_LOSS","seed_source_timestamp":1996098326905117,"circlet_count":0,"master_deck":["AscendersBane","Defend_G","Defend_G","Defend_G","Defend_G","Defend_G","Strike_G","Strike_G","Strike_G","Strike_G","Survivor","Neutralize","Dagger Throw","Footwork","Flying Knee","Blade Dance+1","Quick Slash","Finisher+1","Footwork","Backflip","Escape Plan","Unload","After Image","Blade Dance","Calculated Gamble+1","Dagger Spray"],"special_seed":0,"relics":["Ring of the Snake","SsserpentHead","Pantograph","Shuriken","Blue Candle","WristBlade"],"potions_floor_usage":[],"damage_taken":[{"damage":0.0,"enemies":"2 Louse","floor":1.0,"turns":5.0},{"damage":5.0,"enemies":"Cultist","floor":3.0,"turns":5.0},{"damage":7.0,"enemies":"Small Slimes","floor":4.0,"turns":5.0},{"damage":15.0,"enemies":"3 Sentries","floor":6.0,"turns":9.0},{"damage":22.0,"enemies":"Gremlin Nob","floor":8.0,"turns":4.0},{"damage":10.0,"enemies":"Gremlin Gang","floor":11.0,"turns":5.0},{"damage":17.0,"enemies":"Exordium Thugs","floor":12.0,"turns":3.0},{"damage":16.0,"enemies":"Large Slime","floor":14.0,"turns":7.0},{"damage":30.0,"enemies":"Hexaghost","floor":16.0,"turns":9.0},{"damage":4.0,"enemies":"2 Thieves","floor":18.0,"turns":4.0},{"damage":3.0,"enemies":"3 Byrds","floor":19.0,"turns":6.0},{"damage":27.0,"enemies":"Shelled Parasite and Fungi","floor":20.0,"turns":3.0},{"damage":25,"enemies":"Snake Plant","floor":21,"turns":2}],"seed_played":"-9008950917808453958","potions_obtained":[{"floor":1.0,"key":"Explosive Potion"},{"floor":4.0,"key":"Weak Potion"},{"floor":6.0,"key":"GhostInAJar"}],"is_trial":false,"path_per_floor":["M","?","M","M","$","E","R","E","T","?","M","M","R","M","R","B",null,"M","M","M","M"],"character_chosen":"THE_SILENT","items_purchased":["Blade Dance","Quick Slash"],"campfire_rested":0,"item_purchase_floors":[5,5],"current_hp_per_floor":[59,59,54,47,47,32,32,10,10,70,60,43,43,27,27,22,58,54,51,24,0],"gold":417,"neow_bonus":"THREE_RARE_CARDS","is_prod":false,"is_daily":false,"chose_seed":false,"campfire_upgraded":3,"win_rate":0,"timestamp":1549126277,"path_taken":["M","?","M","?","$","E","R","E","T","?","M","M","R","M","R","BOSS","M","?","?","M"],"build_version":"2019-01-23","purchased_purges":1,"victory":false,"max_hp_per_floor":[60,60,60,60,60,60,60,60,60,70,70,70,70,70,70,70,70,70,70,70,70],"card_choices":[{"not_picked":["A Thousand Cuts","Burst"],"picked":"Envenom","floor":0.0},{"not_picked":["Blade Dance","Riddle With Holes"],"picked":"Dagger Throw","floor":1.0},{"not_picked":["Backflip","Leg Sweep"],"picked":"Footwork","floor":3.0},{"not_picked":["Bullet Time","Bane"],"picked":"Flying Knee","floor":4.0},{"not_picked":["Skewer","Blade Dance"],"picked":"Finisher","floor":6.0},{"not_picked":["Quick Slash","Masterful Stab"],"picked":"Footwork","floor":8.0},{"not_picked":["Poisoned Stab","Acrobatics"],"picked":"Backflip","floor":11.0},{"not_picked":["Crippling Poison","Outmaneuver"],"picked":"Escape Plan","floor":12.0},{"not_picked":["Quick Slash","Bane"],"picked":"Unload","floor":14.0},{"not_picked":["Unload","Tools of the Trade"],"picked":"After Image","floor":16.0},{"not_picked":["Deadly Poison","Outmaneuver"],"picked":"Blade Dance","floor":18.0},{"not_picked":["Quick Slash+1","Poisoned Stab"],"picked":"Calculated Gamble+1","floor":19.0},{"not_picked":["Infinite Blades","Prepared"],"picked":"Dagger Spray","floor":20.0}],"player_experience":861409,"relics_obtained":[{"floor":6.0,"key":"Pantograph"},{"floor":8.0,"key":"Shuriken"},{"floor":9.0,"key":"Blue Candle"}],"event_choices":[{"damage_healed":0.0,"max_hp_gain":0.0,"max_hp_loss":0.0,"gold_gain":0.0,"event_name":"FaceTrader","player_choice":"Trade","floor":2.0,"gold_loss":0.0,"damage_taken":0.0,"relics_obtained":["SsserpentHead"]},{"cards_removed":["Envenom"],"damage_healed":50.0,"max_hp_gain":10.0,"max_hp_loss":0.0,"gold_gain":0.0,"event_name":"Bonfire Elementals","player_choice":"Offered Rare","floor":10.0,"gold_loss":0.0,"damage_taken":0.0}],"is_beta":false,"boss_relics":[{"not_picked":["Fusion Hammer","Coffee Dripper"],"picked":"WristBlade"}],"items_purged_floors":[5],"is_endless":false,"potions_floor_spawned":[1,4,6],"killed_by":"Snake Plant","ascension_level":20}