{"gold_per_floor":[209,209,209,209,233,264,264,308,331,406,432,432,10,29,29,29],"floor_reached":16,"playtime":968,"items_purged":["Strike_G"],"score":111,"play_id":"e4324568-3242-4b1d-bc8d-dd49f4b42309","local_time":"20190101143813","is_ascension_mode":true,"campfire_choices":[{"floor":7,"key":"REST"},{"data":"Neutralize","floor":12,"key":"SMITH"},{"data":"Tactician","floor":15,"key":"SMITH"}],"neow_cost":"NONE","seed_source_timestamp":1394292421716777,"circlet_count":0,"master_deck":["Defend_G","Defend_G","Defend_G","Defend_G","Defend_G","Strike_G","Strike_G","Strike_G","Strike_G","Survivor","Neutralize+1","Dagger Throw","Flying Knee","Underhanded Strike","Tactician+1","Prepared","Backflip","Deflect","Dagger Throw"],"relics":["Ring of the Snake","Lantern","Golden Idol","Juzu Bracelet","Strawberry","Boot","Odd Mushroom","Mummified Hand"],"potions_floor_usage":[6,16],"damage_taken":[{"damage":0,"enemies":"Jaw Worm","floor":1,"turns":4},{"damage":0,"enemies":"Cultist","floor":5,"turns":4},{"damage":43,"enemies":"Lagavulin","floor":6,"turns":7},{"damage":9,"enemies":"3 Sentries","floor":8,"turns":11},{"damage":16,"enemies":"The Mushroom Lair","floor":11,"turns":6},{"damage":0,"enemies":"Small Slimes","floor":14,"turns":3},{"damage":16,"enemies":"Hexaghost","floor":16,"turns":12}],"seed_played":"-498357010826745112","potions_obtained":[{"floor":5,"key":"Regen Potion"},{"floor":6,"key":"PowerPotion"}],"is_trial":false,"path_per_floor":["M","?","?","T","M","E","R","E","T","?","?","R","$","M","R","B"],"character_chosen":"THE_SILENT","items_purchased":["Backflip","Deflect","Mummified Hand"],"campfire_rested":1,"item_purchase_floors":[13,13,13],"current_hp_per_floor":[70,52,52,52,52,24,43,41,41,30,14,14,14,14,14,0],"gold":29,"neow_bonus":"HUNDRED_GOLD","is_prod":false,"is_daily":false,"chose_seed":false,"campfire_upgraded":2,"win_rate":0,"timestamp":1546371493,"path_taken":["M","?","?","?","?","E","R","E","T","?","?","R","?","M","R","BOSS"],"build_version":"2018-12-25","purchased_purges":1,"victory":false,"max_hp_per_floor":[70,70,65,65,65,65,65,72,72,72,72,72,72,72,72,72],"card_choices":[{"not_picked":["Underhanded Strike","Eviscerate"],"picked":"Dagger Throw","floor":1},{"not_picked":["Heel Hook","Reflex"],"picked":"Flying Knee","floor":5},{"not_picked":["Acrobatics","Outmaneuver"],"picked":"Underhanded Strike","floor":6},{"not_picked":["Underhanded Strike","Eviscerate"],"picked":"Tactician","floor":8},{"not_picked":["Deflect","Skewer"],"picked":"Prepared","floor":11},{"not_picked":["Night Terror","Deadly Poison"],"picked":"Dagger Throw","floor":14}],"player_experience":3948570,"relics_obtained":[{"floor":6,"key":"Juzu Bracelet"},{"floor":8,"key":"Strawberry"},{"floor":9,"key":"Boot"},{"floor":11,"key":"Odd Mushroom"}],"event_choices":[{"damage_healed":0,"gold_gain":0,"player_choice":"Success","damage_taken":18,"relics_obtained":["Lantern"],"max_hp_gain":0,"max_hp_loss":0,"event_name":"Scrap Ooze","floor":2,"gold_loss":0},{"damage_healed":0,"gold_gain":0,"player_choice":"Lose Max HP","damage_taken":0,"relics_obtained":["Golden Idol"],"max_hp_gain":0,"max_hp_loss":5,"event_name":"Golden Idol","floor":3,"gold_loss":0},{"damage_healed":0,"gold_gain":75,"player_choice":"Gather Gold","damage_taken":11,"max_hp_gain":0,"max_hp_loss":0,"event_name":"World of Goop","floor":10,"gold_loss":0},{"damage_healed":0,"gold_gain":0,"player_choice":"Fought Mushrooms","damage_taken":0,"max_hp_gain":0,"max_hp_loss":0,"event_name":"Mushrooms","floor":11,"gold_loss":0}],"is_beta":true,"boss_relics":[],"items_purged_floors":[13],"is_endless":false,"potions_floor_spawned":[5,6],"killed_by":"Hexaghost","ascension_level":1}