{"gold_per_floor":[19,31,7,22,122,156,174,174,174,199,199,229,250,264,264,340,340,356,356,70,70,85,85,414,414,441,356,33,61,61,79,79,154,154,172,183,283,283,303,303,303,358,358,371,386,398,15,34,34,34,34],"floor_reached":51,"playtime":2825,"items_purged":["Strike_R","Strike_R","Strike_R"],"score":1385,"play_id":"b5a904c9-33bc-4e6a-9886-c77e95c1ae62","local_time":"20190208094218","is_ascension_mode":true,"campfire_choices":[{"data":"Armaments","floor":8.0,"key":"SMITH"},{"floor":11.0,"key":"REST"},{"data":"1","floor":15.0,"key":"LIFT"},{"data":"2","floor":23.0,"key":"LIFT"},{"floor":25.0,"key":"REST"},{"data":"3","floor":30.0,"key":"LIFT"},{"data":"Sword Boomerang","floor":32.0,"key":"SMITH"},{"data":"True Grit","floor":40.0,"key":"SMITH"},{"floor":49.0,"key":"REST"}],"neow_cost":"NO_GOLD","seed_source_timestamp":2504550986340866,"circlet_count":0,"master_deck":["AscendersBane","Strike_R","Strike_R","Defend_R","Defend_R","Defend_R","Defend_R","Bash","Armaments+1","Thunderclap","Twin Strike","Anger","Cleave","Reaper","Berserk","Heavy Blade","Sword Boomerang+1","Battle Trance","Feed","True Grit","Pummel","Second Wind","Shrug It Off","Feed","Double Tap","True Grit+1","Uppercut","Exhume","Battle Trance","Corruption"],"special_seed":0,"relics":["Burning Blood","WingedGreaves","Red Skull","Self Forming Clay","Girya","Darkstone Periapt","Odd Mushroom","Velvet Choker","Anchor","Old Coin","Potion Belt","Paper Frog","Lantern","Meat on the Bone","Snecko Eye","Charon\u0027s Ashes","Calipers","Pear","Oddly Smooth Stone"],"potions_floor_usage":[51],"damage_taken":[{"damage":16.0,"enemies":"Small Slimes","floor":1.0,"turns":7.0},{"damage":1.0,"enemies":"Cultist","floor":2.0,"turns":3.0},{"damage":0.0,"enemies":"2 Louse","floor":4.0,"turns":3.0},{"damage":34.0,"enemies":"Gremlin Nob","floor":6.0,"turns":4.0},{"damage":7.0,"enemies":"Looter","floor":7.0,"turns":3.0},{"damage":24.0,"enemies":"Lagavulin","floor":10.0,"turns":7.0},{"damage":37.0,"enemies":"3 Sentries","floor":12.0,"turns":7.0},{"damage":0.0,"enemies":"The Mushroom Lair","floor":13.0,"turns":2.0},{"damage":6.0,"enemies":"3 Louse","floor":14.0,"turns":3.0},{"damage":26.0,"enemies":"Slime Boss","floor":16.0,"turns":8.0},{"damage":20.0,"enemies":"2 Thieves","floor":18.0,"turns":3.0},{"damage":33.0,"enemies":"Chosen","floor":22.0,"turns":6.0},{"damage":21.0,"enemies":"Book of Stabbing","floor":24.0,"turns":4.0},{"damage":34.0,"enemies":"Gremlin Leader","floor":29.0,"turns":6.0},{"damage":6.0,"enemies":"3 Cultists","floor":31.0,"turns":3.0},{"damage":52.0,"enemies":"Champ","floor":33.0,"turns":9.0},{"damage":4.0,"enemies":"3 Shapes","floor":35.0,"turns":5.0},{"damage":0.0,"enemies":"Orb Walker","floor":36.0,"turns":2.0},{"damage":9.0,"enemies":"Mind Bloom Boss Battle","floor":37.0,"turns":7.0},{"damage":56.0,"enemies":"Sphere and 2 Shapes","floor":39.0,"turns":10.0},{"damage":23.0,"enemies":"2 Orb Walkers","floor":42.0,"turns":3.0},{"damage":18.0,"enemies":"3 Darklings","floor":44.0,"turns":5.0},{"damage":40.0,"enemies":"Jaw Worm Horde","floor":45.0,"turns":4.0},{"damage":6.0,"enemies":"4 Shapes","floor":46.0,"turns":4.0},{"damage":57.0,"enemies":"Maw","floor":48.0,"turns":6.0},{"damage":112.0,"enemies":"Time Eater","floor":50.0,"turns":11.0},{"damage":73,"enemies":"Donu and Deca","floor":51,"turns":6}],"seed_played":"8806620268060334746","potions_obtained":[{"floor":1.0,"key":"Swift Potion"},{"floor":6.0,"key":"Energy Potion"},{"floor":7.0,"key":"FearPotion"},{"floor":12.0,"key":"SteroidPotion"},{"floor":29.0,"key":"Fire Potion"},{"floor":31.0,"key":"SpeedPotion"},{"floor":37.0,"key":"Fire Potion"},{"floor":42.0,"key":"LiquidBronze"},{"floor":46.0,"key":"FearPotion"},{"floor":48.0,"key":"Ancient Potion"}],"is_trial":false,"path_per_floor":["M","M","$","M","?","E","M","R","T","E","R","E","?","M","R","B",null,"M","?","$","?","M","R","E","R","T","?","$","E","R","M","R","B",null,"M","M","?","?","M","R","?","?","T","M","M","M","$","M","R","B","B"],"character_chosen":"IRONCLAD","items_purchased":["Twin Strike","Anchor","Pummel","Lantern","Fire Potion","Corruption","Oddly Smooth Stone"],"campfire_rested":3,"item_purchase_floors":[3,20,20,28,28,47,47],"current_hp_per_floor":[58,63,63,69,69,41,40,40,40,22,44,25,42,54,54,58,71,57,57,57,57,39,39,33,55,55,55,55,27,27,59,59,37,69,74,85,89,87,55,55,55,56,66,73,73,113,113,75,111,24,0],"gold":34,"neow_bonus":"ONE_RARE_RELIC","is_prod":false,"is_daily":false,"chose_seed":false,"campfire_upgraded":3,"win_rate":0,"timestamp":1549636938,"path_taken":["M","M","$","M","?","E","?","R","T","E","R","E","?","M","R","BOSS","M","?","$","?","M","R","E","R","T","?","?","E","R","M","R","BOSS","M","M","?","?","M","R","?","?","T","M","?","M","$","M","R","BOSS","BOSS"],"build_version":"2019-01-23","purchased_purges":3,"victory":false,"max_hp_per_floor":[75,75,75,75,75,75,75,75,75,75,75,75,75,75,75,75,75,75,75,75,75,75,75,75,75,75,75,75,75,75,79,79,79,79,82,85,92,87,91,91,91,97,107,107,111,119,119,123,123,123,123],"card_choices":[{"not_picked":["Rampage","Body Slam"],"picked":"Armaments","floor":1.0},{"not_picked":["Flex","Cleave"],"picked":"Thunderclap","floor":2.0},{"not_picked":["Rage","Iron Wave"],"picked":"Anger","floor":4.0},{"not_picked":["Perfected Strike","Anger"],"picked":"Cleave","floor":6.0},{"not_picked":["Reckless Charge","Rage"],"picked":"Reaper","floor":7.0},{"not_picked":["Cleave","Juggernaut"],"picked":"Berserk","floor":10.0},{"not_picked":["Dual Wield","Rampage"],"picked":"Heavy Blade","floor":12.0},{"not_picked":["Shrug It Off","Rampage"],"picked":"Sword Boomerang","floor":13.0},{"not_picked":["Heavy Blade","Armaments"],"picked":"Battle Trance","floor":14.0},{"not_picked":["Bludgeon","Berserk"],"picked":"Feed","floor":16.0},{"not_picked":["Cleave","Rupture"],"picked":"True Grit","floor":18.0},{"not_picked":["Sword Boomerang","Thunderclap"],"picked":"Shrug It Off","floor":22.0},{"not_picked":["Cleave","Flex","Havoc"],"picked":"SKIP","floor":24.0},{"not_picked":["Headbutt","Rupture"],"picked":"Feed","floor":29.0},{"not_picked":["Havoc","Infernal Blade","Sword Boomerang"],"picked":"SKIP","floor":31.0},{"not_picked":["Exhume","Impervious"],"picked":"Double Tap","floor":33.0},{"not_picked":["Perfected Strike+1","Headbutt","Flex+1"],"picked":"SKIP","floor":35.0},{"not_picked":["Twin Strike","Rupture"],"picked":"True Grit","floor":36.0},{"not_picked":["Sentinel","Dropkick"],"picked":"Uppercut","floor":39.0},{"not_picked":["Intimidate+1","Rage+1"],"picked":"Exhume","floor":42.0},{"not_picked":["Perfected Strike","Inflame","Intimidate"],"picked":"SKIP","floor":44.0},{"not_picked":["Wild Strike","Clash"],"picked":"Battle Trance","floor":45.0},{"not_picked":["Armaments","Sword Boomerang","Warcry+1"],"picked":"SKIP","floor":46.0},{"not_picked":["Body Slam","Seeing Red","Hemokinesis"],"picked":"SKIP","floor":48.0}],"player_experience":892784,"relics_obtained":[{"floor":6.0,"key":"Red Skull"},{"floor":9.0,"key":"Self Forming Clay"},{"floor":10.0,"key":"Girya"},{"floor":12.0,"key":"Darkstone Periapt"},{"floor":13.0,"key":"Odd Mushroom"},{"floor":24.0,"key":"Old Coin"},{"floor":26.0,"key":"Potion Belt"},{"floor":29.0,"key":"Meat on the Bone"},{"floor":37.0,"key":"Charon\u0027s Ashes"},{"floor":42.0,"key":"Calipers"},{"floor":43.0,"key":"Pear"}],"event_choices":[{"damage_healed":0.0,"max_hp_gain":0.0,"max_hp_loss":0.0,"gold_gain":100.0,"event_name":"Wheel of Change","player_choice":"Gold","floor":5.0,"gold_loss":0.0,"damage_taken":0.0},{"damage_healed":0.0,"max_hp_gain":0.0,"max_hp_loss":0.0,"gold_gain":0.0,"event_name":"Mushrooms","player_choice":"Fought Mushrooms","floor":13.0,"gold_loss":0.0,"damage_taken":0.0},{"damage_healed":0.0,"max_hp_gain":0.0,"max_hp_loss":0.0,"gold_gain":0.0,"event_name":"Ghosts","player_choice":"Ignored","floor":19.0,"gold_loss":0.0,"damage_taken":0.0},{"damage_healed":0.0,"max_hp_gain":0.0,"max_hp_loss":0.0,"gold_gain":0.0,"event_name":"The Library","player_choice":"Read","floor":21.0,"gold_loss":0.0,"damage_taken":0.0,"cards_obtained":["Second Wind"]},{"damage_healed":0.0,"max_hp_gain":0.0,"max_hp_loss":0.0,"gold_gain":0.0,"event_name":"Addict","player_choice":"Obtained Relic","floor":27.0,"gold_loss":85.0,"damage_taken":0.0,"relics_obtained":["Paper Frog"]},{"damage_healed":0.0,"max_hp_gain":0.0,"max_hp_loss":0.0,"gold_gain":0.0,"event_name":"MindBloom","player_choice":"Fight","floor":37.0,"gold_loss":0.0,"damage_taken":0.0},{"damage_healed":0.0,"max_hp_gain":0.0,"max_hp_loss":5.0,"gold_gain":0.0,"event_name":"Winding Halls","player_choice":"Max HP","floor":38.0,"gold_loss":0.0,"damage_taken":0.0},{"damage_healed":0.0,"max_hp_gain":0.0,"max_hp_loss":0.0,"gold_gain":0.0,"event_name":"Tomb of Lord Red Mask","player_choice":"Ignored","floor":41.0,"gold_loss":0.0,"damage_taken":0.0},{"damage_healed":0.0,"max_hp_gain":0.0,"max_hp_loss":0.0,"gold_gain":0.0,"event_name":"Mysterious Sphere","player_choice":"Fight","floor":42.0,"gold_loss":0.0,"damage_taken":0.0}],"is_beta":false,"boss_relics":[{"not_picked":["Mark of Pain","Eternal Feather"],"picked":"Velvet Choker"},{"not_picked":["Runic Dome","Black Blood"],"picked":"Snecko Eye"}],"items_purged_floors":[20,28,47],"is_endless":false,"potions_floor_spawned":[1,6,7,12,29,31,37,42,46,48],"killed_by":"Donu and Deca","ascension_level":20}