{"gold_per_floor":[110,110,110,123,139,139,139,152,152,186,186,39,39,56,56,56],"floor_reached":16,"playtime":1004,"items_purged":["Strike_G"],"score":110,"play_id":"82139813-ab8c-432b-af01-68a52dee9a15","local_time":"20190220012056","is_ascension_mode":true,"campfire_choices":[{"data":"Neutralize","floor":6,"key":"SMITH"},{"floor":11,"key":"REST"},{"data":"Bouncing Flask","floor":13,"key":"SMITH"},{"floor":15,"key":"REST"}],"neow_cost":"NONE","seed_source_timestamp":417577015984609,"circlet_count":0,"master_deck":["Defend_G","Defend_G","Defend_G","Defend_G+1","Defend_G","Strike_G","Strike_G+1","Strike_G","Survivor","Neutralize+1","Dagger Throw","Deadly Poison","Blur","Prepared","Bouncing Flask+1","Backflip","Bouncing Flask"],"relics":["Ring of the Snake","Tough Bandages","Blue Candle","Orichalcum"],"potions_floor_usage":[10,16,16,16],"damage_taken":[{"damage":0,"enemies":"2 Louse","floor":1,"turns":3},{"damage":0,"enemies":"Cultist","floor":4,"turns":3},{"damage":0,"enemies":"Jaw Worm","floor":5,"turns":4},{"damage":0,"enemies":"Exordium Wildlife","floor":8,"turns":4},{"damage":17,"enemies":"Gremlin Nob","floor":10,"turns":4},{"damage":0,"enemies":"Blue Slaver","floor":14,"turns":3},{"damage":61,"enemies":"Slime Boss","floor":16,"turns":9}],"seed_played":"-6791171363723328587","potions_obtained":[{"floor":4,"key":"Swift Potion"},{"floor":5,"key":"SneckoOil"},{"floor":10,"key":"SkillPotion"}],"is_trial":false,"path_per_floor":["M","?","?","M","M","R","?","M","T","E","R","$","R","M","R","B"],"character_chosen":"THE_SILENT","items_purchased":["Backflip","Dexterity Potion"],"campfire_rested":2,"item_purchase_floors":[12,12],"current_hp_per_floor":[70,45,45,45,45,45,31,31,31,14,35,35,35,35,56,0],"gold":56,"neow_bonus":"THREE_CARDS","is_prod":false,"is_daily":false,"chose_seed":false,"campfire_upgraded":2,"win_rate":0,"timestamp":1550622056,"path_taken":["M","?","?","?","M","R","?","M","T","E","R","$","R","M","R","BOSS"],"build_version":"2019-01-23","purchased_purges":1,"victory":false,"max_hp_per_floor":[70,70,70,70,70,70,70,70,70,70,70,70,70,70,70,70],"card_choices":[{"not_picked":["Bane","Quick Slash"],"picked":"Dagger Throw","floor":0},{"not_picked":["Tactician","All Out Attack"],"picked":"Deadly Poison","floor":1},{"not_picked":["Quick Slash","Setup","Slice"],"picked":"SKIP","floor":4},{"not_picked":["PiercingWail","Blade Dance"],"picked":"Blur","floor":5},{"not_picked":["Calculated Gamble","Quick Slash"],"picked":"Prepared","floor":8},{"not_picked":["Cloak And Dagger","Leg Sweep"],"picked":"Bouncing Flask","floor":10},{"not_picked":["Deflect","Dagger Throw"],"picked":"Bouncing Flask","floor":14}],"player_experience":184934,"relics_obtained":[{"floor":9,"key":"Blue Candle"},{"floor":10,"key":"Orichalcum"}],"event_choices":[{"damage_healed":0,"gold_gain":0,"player_choice":"Success","damage_taken":25,"relics_obtained":["Tough Bandages"],"max_hp_gain":0,"max_hp_loss":0,"event_name":"Scrap Ooze","floor":2,"gold_loss":0},{"cards_removed":["Strike_G"],"damage_healed":0,"gold_gain":0,"player_choice":"Purged","damage_taken":0,"max_hp_gain":0,"max_hp_loss":0,"event_name":"Purifier","floor":3,"gold_loss":0},{"damage_healed":0,"gold_gain":0,"player_choice":"Entered Light","damage_taken":14,"max_hp_gain":0,"max_hp_loss":0,"event_name":"Shining Light","floor":7,"gold_loss":0,"cards_upgraded":["Defend_G","Strike_G"]}],"is_beta":false,"boss_relics":[],"items_purged_floors":[12],"is_endless":false,"potions_floor_spawned":[4,5,10],"killed_by":"Slime Boss","ascension_level":2}