{"gold_per_floor":[117,117,128,53,66,91,102,102,155,172,122,147,147,179,179,179],"floor_reached":16,"playtime":484,"items_purged":["Defend_R"],"score":168,"play_id":"2f2a5467-c48a-4e96-9569-32eb73e30513","local_time":"20190220131216","is_ascension_mode":true,"campfire_choices":[{"floor":8,"key":"REST"},{"floor":13,"key":"REST"},{"floor":15,"key":"REST"}],"neow_cost":"NONE","seed_source_timestamp":409474979473652,"circlet_count":0,"master_deck":["Strike_R","Strike_R","Strike_R","Strike_R","Strike_R","Defend_R","Bash","Flex","Cleave","Headbutt","Pommel Strike","Clash","Clothesline","Feel No Pain","Pummel"],"relics":["Burning Blood","NeowsBlessing","Letter Opener","Pen Nib","Lantern","Dodecahedron"],"potions_floor_usage":[],"damage_taken":[{"damage":0,"enemies":"Jaw Worm","floor":1,"turns":1},{"damage":0,"enemies":"Cultist","floor":3,"turns":1},{"damage":0,"enemies":"2 Louse","floor":5,"turns":1},{"damage":45,"enemies":"3 Sentries","floor":6,"turns":8},{"damage":26,"enemies":"Blue Slaver","floor":7,"turns":3},{"damage":11,"enemies":"Looter","floor":10,"turns":2},{"damage":16,"enemies":"Gremlin Nob","floor":12,"turns":3},{"damage":31,"enemies":"3 Sentries","floor":14,"turns":6},{"damage":59,"enemies":"Slime Boss","floor":16,"turns":8}],"seed_played":"8442854851880301211","potions_obtained":[{"floor":6,"key":"SteroidPotion"},{"floor":10,"key":"SpeedPotion"},{"floor":12,"key":"Poison Potion"}],"is_trial":false,"path_per_floor":["M","?","M","$","M","E","M","R","T","M","?","E","R","E","R","B"],"character_chosen":"IRONCLAD","items_purchased":[],"campfire_rested":3,"item_purchase_floors":[],"current_hp_per_floor":[78,78,80,80,80,41,21,45,45,40,40,30,54,29,53,0],"gold":179,"neow_bonus":"THREE_ENEMY_KILL","is_prod":false,"is_daily":false,"chose_seed":false,"campfire_upgraded":0,"win_rate":0,"timestamp":1550646736,"path_taken":["M","?","M","$","?","E","M","R","T","M","?","E","R","E","R","BOSS"],"build_version":"2019-01-23","purchased_purges":1,"victory":false,"max_hp_per_floor":[80,80,80,80,80,80,80,80,80,80,80,80,80,80,80,80],"card_choices":[{"not_picked":["Clash","Sentinel"],"picked":"Flex","floor":1},{"not_picked":["Clothesline","Carnage"],"picked":"Cleave","floor":3},{"not_picked":["Wild Strike","Havoc"],"picked":"Headbutt","floor":5},{"not_picked":["Wild Strike","Rupture"],"picked":"Pommel Strike","floor":6},{"not_picked":["Bloodletting","Pommel Strike"],"picked":"Clash","floor":7},{"not_picked":["Evolve","Dual Wield"],"picked":"Clothesline","floor":10},{"not_picked":["Battle Trance","Rampage"],"picked":"Feel No Pain","floor":12},{"not_picked":["Havoc","Headbutt"],"picked":"Pummel","floor":14}],"player_experience":835089,"relics_obtained":[{"floor":6,"key":"Letter Opener"},{"floor":9,"key":"Pen Nib"},{"floor":12,"key":"Lantern"},{"floor":14,"key":"Dodecahedron"}],"event_choices":[{"cards_removed":["Defend_R"],"damage_healed":0,"gold_gain":0,"player_choice":"Offered Basic","damage_taken":0,"max_hp_gain":0,"max_hp_loss":0,"event_name":"Bonfire Elementals","floor":2,"gold_loss":0},{"cards_removed":["Defend_R"],"damage_healed":0,"gold_gain":0,"player_choice":"Card Removal","damage_taken":0,"max_hp_gain":0,"max_hp_loss":0,"event_name":"The Cleric","floor":11,"gold_loss":50}],"is_beta":false,"boss_relics":[],"items_purged_floors":[4],"is_endless":false,"potions_floor_spawned":[6,10,12],"killed_by":"Slime Boss","ascension_level":8}