{"gold_per_floor":[11,30,30,48,63,92,111,123,171,196,208,240,251,47,47,151,151,169,14,27,41,41,72,87,114,114,114,114,114,148,165,165,267,267,281,35,51,65,77,142,152,181,181,236,236,236,263,280,280,280,280,280,23,48,48],"floor_reached":56,"playtime":3981,"items_purged":["Strike_R","Corruption+1"],"score":1530,"play_id":"151df043-f4dc-4b43-bcdd-6e05ed6b2c36","local_time":"20190219102758","is_ascension_mode":true,"campfire_choices":[{"data":"Corruption","floor":15,"key":"SMITH"},{"data":"Armaments","floor":27,"key":"SMITH"},{"data":"J.A.X.","floor":32,"key":"SMITH"},{"floor":45,"key":"RECALL"},{"data":"Shockwave","floor":49,"key":"SMITH"},{"data":"Offering","floor":52,"key":"SMITH"}],"neow_cost":"NO_GOLD","seed_source_timestamp":5609194127138474,"circlet_count":0,"master_deck":["Strike_R","Defend_R","Defend_R","Defend_R","Defend_R","Bash","Anger","Corruption+1","Inflame","Ghostly Armor","Offering","Inflame","Armaments+1","Whirlwind","Flame Barrier","Clash","Shockwave+1","Burning Pact","Offering+1","Bludgeon+1","Impervious+1","Havoc+1","Havoc","Iron Wave","Immolate","Headbutt","Fiend Fire","J.A.X.+1","Iron Wave+1","Feel No Pain","Impervious","Shrug It Off","Warcry","Iron Wave+1","Battle Trance","Spot Weakness","Anger+1","Sword Boomerang+1","Metallicize","Evolve+1","Armaments+1","Burning Pact+1","Shrug It Off+1","Havoc+1","Body Slam+1"],"relics":["Burning Blood","Charon\u0027s Ashes","Gremlin Horn","Omamori","Sundial","The Courier","Vajra","Astrolabe","Ancient Tea Set","Dream Catcher","Bottled Tornado","Ornamental Fan","Molten Egg 2","Runic Dome","Shuriken","Tiny Chest","FossilizedHelix","Unceasing Top","Toxic Egg 2","Bronze Scales"],"potions_floor_usage":[3,5,6,6,10,12,16,20,33,33,40,42,50,55,55],"damage_taken":[{"damage":0,"enemies":"Small Slimes","floor":1,"turns":3},{"damage":6,"enemies":"Cultist","floor":2,"turns":3},{"damage":0,"enemies":"2 Louse","floor":4,"turns":2},{"damage":5,"enemies":"Lots of Slimes","floor":5,"turns":3},{"damage":14,"enemies":"Gremlin Nob","floor":6,"turns":5},{"damage":6,"enemies":"Looter","floor":7,"turns":2},{"damage":6,"enemies":"3 Louse","floor":8,"turns":1},{"damage":14,"enemies":"Lagavulin","floor":10,"turns":5},{"damage":2,"enemies":"2 Fungi Beasts","floor":11,"turns":4},{"damage":14,"enemies":"Gremlin Nob","floor":12,"turns":5},{"damage":6,"enemies":"Large Slime","floor":13,"turns":3},{"damage":22,"enemies":"The Guardian","floor":16,"turns":7},{"damage":6,"enemies":"2 Thieves","floor":18,"turns":2},{"damage":6,"enemies":"Chosen","floor":20,"turns":4},{"damage":6,"enemies":"Snecko","floor":21,"turns":3},{"damage":12,"enemies":"Gremlin Leader","floor":23,"turns":3},{"damage":6,"enemies":"Snake Plant","floor":24,"turns":3},{"damage":22,"enemies":"Book of Stabbing","floor":25,"turns":3},{"damage":33,"enemies":"Slavers","floor":30,"turns":5},{"damage":6,"enemies":"3 Cultists","floor":31,"turns":2},{"damage":34,"enemies":"Champ","floor":33,"turns":6},{"damage":6,"enemies":"3 Darklings","floor":35,"turns":3},{"damage":3,"enemies":"3 Shapes","floor":37,"turns":5},{"damage":3,"enemies":"Transient","floor":38,"turns":5},{"damage":15,"enemies":"Maw","floor":39,"turns":5},{"damage":0,"enemies":"Reptomancer","floor":40,"turns":4},{"damage":3,"enemies":"4 Shapes","floor":41,"turns":4},{"damage":32,"enemies":"Nemesis","floor":42,"turns":5},{"damage":0,"enemies":"2 Orb Walkers","floor":44,"turns":3},{"damage":6,"enemies":"Reptomancer","floor":47,"turns":3},{"damage":3,"enemies":"Spire Growth","floor":48,"turns":3},{"damage":10,"enemies":"Time Eater","floor":50,"turns":7},{"damage":6,"enemies":"Shield and Spear","floor":54,"turns":3},{"damage":9,"enemies":"The Heart","floor":55,"turns":5}],"seed_played":"-8564291034559018256","potions_obtained":[{"floor":1,"key":"FairyPotion"},{"floor":3,"key":"Fruit Juice"},{"floor":3,"key":"AttackPotion"},{"floor":3,"key":"Weak Potion"},{"floor":5,"key":"EntropicBrew"},{"floor":8,"key":"SkillPotion"},{"floor":12,"key":"Swift Potion"},{"floor":20,"key":"Fire Potion"},{"floor":23,"key":"Explosive Potion"},{"floor":25,"key":"BloodPotion"},{"floor":30,"key":"Poison Potion"},{"floor":31,"key":"AttackPotion"},{"floor":35,"key":"AttackPotion"},{"floor":39,"key":"Block Potion"},{"floor":40,"key":"EssenceOfSteel"},{"floor":41,"key":"LiquidBronze"},{"floor":42,"key":"SneckoOil"},{"floor":44,"key":"Explosive Potion"},{"floor":48,"key":"SpeedPotion"},{"floor":54,"key":"Block Potion"}],"is_trial":false,"path_per_floor":["M","M","?","M","M","E","M","M","T","E","M","E","M","$","R","B",null,"M","$","M","M","?","E","M","E","T","R","?","?","E","M","R","B",null,"M","$","M","M","M","E","M","E","T","?","R","?","E","M","R","B",null,"R","$","E","B",null],"character_chosen":"IRONCLAD","items_purchased":["Vajra","Burning Pact","Feed","Havoc","Shuriken","Warcry","Burning Pact+1","Shrug It Off+1","Havoc+1","AttackPotion"],"campfire_rested":0,"item_purchase_floors":[14,14,19,19,36,36,53,53,53,53],"current_hp_per_floor":[80,80,85,85,85,77,77,77,77,69,73,65,65,65,65,49,85,85,85,88,88,88,85,88,72,72,72,94,94,70,70,70,42,97,97,97,97,97,88,94,100,84,84,93,93,113,113,113,113,109,113,113,113,113,110],"gold":48,"neow_bonus":"ONE_RARE_RELIC","is_prod":false,"is_daily":false,"chose_seed":false,"campfire_upgraded":5,"win_rate":0,"timestamp":1550590078,"path_taken":["M","M","?","?","M","E","M","M","T","E","M","E","M","$","R","BOSS","M","$","M","M","?","E","?","E","T","R","?","?","E","M","R","BOSS","M","$","M","M","M","E","M","E","T","?","R","?","E","M","R","BOSS","R","$","E","BOSS"],"build_version":"2019-02-06","purchased_purges":2,"victory":true,"max_hp_per_floor":[80,80,85,85,85,85,85,85,85,85,85,85,85,85,85,85,85,85,85,88,88,88,91,94,94,94,94,94,94,97,97,97,97,97,97,97,97,97,97,97,100,100,100,103,103,113,113,113,113,113,113,113,113,113,113],"card_choices":[{"not_picked":["Bloodletting","Headbutt"],"picked":"Anger","floor":1},{"not_picked":["Perfected Strike","Armaments"],"picked":"Corruption","floor":2},{"not_picked":["Flex","Heavy Blade"],"picked":"Inflame","floor":4},{"not_picked":["Blood for Blood","Sword Boomerang"],"picked":"Ghostly Armor","floor":5},{"not_picked":["Rampage","Inflame"],"picked":"Offering","floor":6},{"not_picked":["Twin Strike","Heavy Blade"],"picked":"Inflame","floor":7},{"not_picked":["Entrench","Body Slam"],"picked":"Armaments","floor":8},{"not_picked":["Clash","Heavy Blade"],"picked":"Whirlwind","floor":10},{"not_picked":["Burning Pact","Uppercut"],"picked":"Flame Barrier","floor":11},{"not_picked":["Body Slam","Reckless Charge"],"picked":"Clash","floor":12},{"not_picked":["Dropkick","Sentinel"],"picked":"Shockwave","floor":13},{"not_picked":["Barricade","Bludgeon"],"picked":"Offering","floor":16},{"not_picked":["Inflame+1","Disarm"],"picked":"Havoc+1","floor":18},{"not_picked":["Fire Breathing","Cleave","Heavy Blade+1"],"picked":"SKIP","floor":20},{"not_picked":["Wild Strike+1","Sever Soul"],"picked":"Iron Wave","floor":21},{"not_picked":["Body Slam+1","Dropkick"],"picked":"Immolate","floor":23},{"not_picked":["Cleave+1","Searing Blow+1"],"picked":"Headbutt","floor":24},{"not_picked":["Corruption","Clash+1"],"picked":"Fiend Fire","floor":25},{"not_picked":["Pommel Strike","Shockwave+1"],"picked":"Iron Wave+1","floor":30},{"not_picked":["Pummel+1","Shrug It Off"],"picked":"Feel No Pain","floor":31},{"not_picked":["Berserk","Immolate+1"],"picked":"Impervious","floor":33},{"not_picked":["Headbutt+1","Twin Strike+1"],"picked":"Shrug It Off","floor":35},{"not_picked":["Thunderclap+1","Wild Strike+1"],"picked":"Iron Wave+1","floor":37},{"not_picked":["Iron Wave+1","True Grit"],"picked":"Battle Trance","floor":38},{"not_picked":["Searing Blow+1","Perfected Strike+1","Clothesline+1"],"picked":"SKIP","floor":39},{"not_picked":["Thunderclap+1","Searing Blow+1"],"picked":"Spot Weakness","floor":40},{"not_picked":["Sever Soul+1","Second Wind"],"picked":"Anger+1","floor":41},{"not_picked":["Clash+1","Carnage+1"],"picked":"Sword Boomerang+1","floor":42},{"not_picked":["Evolve+1","Sword Boomerang+1"],"picked":"Metallicize","floor":44},{"not_picked":["Shrug It Off+1","Sword Boomerang+1"],"picked":"Evolve+1","floor":47},{"not_picked":["Cleave+1","Wild Strike+1"],"picked":"Armaments+1","floor":48},{"not_picked":["Pummel+1","Shockwave+1"],"picked":"Body Slam+1","floor":54}],"player_experience":4597500,"relics_obtained":[{"floor":6,"key":"Gremlin Horn"},{"floor":9,"key":"Omamori"},{"floor":10,"key":"Sundial"},{"floor":12,"key":"The Courier"},{"floor":23,"key":"Dream Catcher"},{"floor":25,"key":"Bottled Tornado"},{"floor":26,"key":"Ornamental Fan"},{"floor":30,"key":"Molten Egg 2"},{"floor":40,"key":"Tiny Chest"},{"floor":42,"key":"FossilizedHelix"},{"floor":44,"key":"Unceasing Top"},{"floor":47,"key":"Toxic Egg 2"},{"floor":54,"key":"Bronze Scales"}],"event_choices":[{"damage_healed":0,"gold_gain":0,"player_choice":"Got Potions","damage_taken":0,"max_hp_gain":0,"max_hp_loss":0,"event_name":"Lab","floor":3,"gold_loss":0},{"damage_healed":0,"gold_gain":0,"player_choice":"Gave Potion","damage_taken":0,"relics_obtained":["Ancient Tea Set"],"max_hp_gain":0,"max_hp_loss":0,"event_name":"WeMeetAgain","floor":22,"gold_loss":0},{"damage_healed":31,"gold_gain":0,"player_choice":"Heal","damage_taken":0,"max_hp_gain":0,"max_hp_loss":0,"event_name":"The Library","floor":28,"gold_loss":0},{"damage_healed":0,"gold_gain":0,"player_choice":"Obtain J.A.X.","damage_taken":0,"max_hp_gain":0,"max_hp_loss":0,"event_name":"Drug Dealer","floor":29,"gold_loss":0,"cards_obtained":["J.A.X."]},{"damage_healed":0,"gold_gain":0,"player_choice":"Fight","damage_taken":0,"max_hp_gain":0,"max_hp_loss":0,"event_name":"Mysterious Sphere","floor":44,"gold_loss":0},{"cards_removed":["Feed"],"damage_healed":10,"gold_gain":0,"player_choice":"Offered Rare","damage_taken":0,"max_hp_gain":10,"max_hp_loss":0,"event_name":"Bonfire Elementals","floor":46,"gold_loss":0}],"is_beta":true,"boss_relics":[{"not_picked":["Fusion Hammer","Velvet Choker"],"picked":"Astrolabe"},{"not_picked":["Busted Crown","Runic Pyramid"],"picked":"Runic Dome"}],"items_purged_floors":[14,53],"is_endless":false,"potions_floor_spawned":[1,5,6,7,8,12,20,23,25,30,31,35,39,40,41,42,44,48,54],"ascension_level":1}