{"gold_per_floor":[110,110,285,8,27,27,38,38,38,38,50,76,90,116,116,190,190,200,200,300,311,586,619,619,619,619,631,631,648,648,665,665,741,741,756,775,850,864,328,328,328],"floor_reached":41,"playtime":1871,"items_purged":["Doubt"],"score":766,"play_id":"6ecf91d4-3517-4906-8762-3947e3a8c358","local_time":"20181204190734","is_ascension_mode":true,"campfire_choices":[{"data":"Zap","floor":6.0,"key":"SMITH"},{"data":"Self Repair","floor":8.0,"key":"SMITH"},{"data":"Dualcast","floor":10.0,"key":"SMITH"},{"data":"Fusion","floor":15.0,"key":"SMITH"},{"floor":28.0,"key":"RECALL"},{"data":"Machine Learning","floor":30.0,"key":"SMITH"},{"data":"Streamline","floor":32.0,"key":"SMITH"},{"data":"Defragment","floor":40.0,"key":"SMITH"}],"neow_cost":"NONE","seed_source_timestamp":0,"circlet_count":0,"master_deck":["AscendersBane","Strike_B","Strike_B","Strike_B","Strike_B","Defend_B","Defend_B","Defend_B","Defend_B","Zap+1","Dualcast+1","Fusion+1","FTL","Cold Snap","Self Repair+1","Doom and Gloom","Machine Learning+1","Cold Snap","Hologram","Electrodynamics","Ball Lightning","Writhe","Ball Lightning","Undo+1","Melter","Amplify","Compile Driver","Streamline+1","Meteor Strike","Conserve Battery","Reprogram+1","Undo","Defragment+1"],"special_seed":0,"relics":["Cracked Core","Gambling Chip","Pantograph","Meat on the Bone","Juzu Bracelet","Emotion Chip","Coffee Dripper","Sundial","Mango","Blue Candle","Art of War","Ornamental Fan","Bottled Flame","Eternal Feather","Membership Card","Gremlin Horn","Darkstone Periapt"],"potions_floor_usage":[41],"damage_taken":[{"damage":8.0,"enemies":"Jaw Worm","floor":1.0,"turns":4.0},{"damage":5.0,"enemies":"Cultist","floor":5.0,"turns":4.0},{"damage":0.0,"enemies":"2 Louse","floor":7.0,"turns":2.0},{"damage":2.0,"enemies":"Red Slaver","floor":11.0,"turns":5.0},{"damage":4.0,"enemies":"Gremlin Nob","floor":12.0,"turns":4.0},{"damage":18.0,"enemies":"3 Louse","floor":13.0,"turns":3.0},{"damage":19.0,"enemies":"Lagavulin","floor":14.0,"turns":8.0},{"damage":15.0,"enemies":"The Guardian","floor":16.0,"turns":10.0},{"damage":15.0,"enemies":"Spheric Guardian","floor":18.0,"turns":4.0},{"damage":17.0,"enemies":"Colosseum Slavers","floor":20.0,"turns":2.0},{"damage":38.0,"enemies":"Colosseum Nobs","floor":20.0,"turns":4.0},{"damage":0.0,"enemies":"3 Byrds","floor":21.0,"turns":3.0},{"damage":52.0,"enemies":"Book of Stabbing","floor":23.0,"turns":6.0},{"damage":3.0,"enemies":"3 Cultists","floor":27.0,"turns":4.0},{"damage":22.0,"enemies":"Centurion and Healer","floor":29.0,"turns":5.0},{"damage":21.0,"enemies":"Shelled Parasite and Fungi","floor":31.0,"turns":5.0},{"damage":78.0,"enemies":"Automaton","floor":33.0,"turns":9.0},{"damage":15.0,"enemies":"Orb Walker","floor":35.0,"turns":3.0},{"damage":51.0,"enemies":"3 Darklings","floor":36.0,"turns":5.0},{"damage":38.0,"enemies":"Transient","floor":38.0,"turns":5.0},{"damage":35,"enemies":"Reptomancer","floor":41,"turns":5}],"seed_played":"-2677686623860254403","potions_obtained":[{"floor":1.0,"key":"SkillPotion"},{"floor":11.0,"key":"Ancient Potion"},{"floor":12.0,"key":"Ancient Potion"},{"floor":27.0,"key":"Regen Potion"},{"floor":33.0,"key":"LiquidBronze"}],"is_trial":false,"path_per_floor":["M","?","?","$","M","R","M","R","T","R","M","E","M","E","R","B",null,"M","?","?","M","?","E","?","?","T","M","R","M","R","M","R","B",null,"M","M","?","M","$","R","E"],"character_chosen":"DEFECT","items_purchased":["Pantograph","FTL","Membership Card","Gremlin Horn","Darkstone Periapt","Defragment","Energy Potion"],"campfire_rested":0,"item_purchase_floors":[4,4,39,39,39,39,39],"current_hp_per_floor":[63,45,45,45,40,40,40,40,40,40,60,56,60,51,51,71,76,71,71,62,62,62,32,32,32,32,41,41,55,55,56,56,15,73,68,49,40,14,14,32,0],"gold":328,"neow_bonus":"TEN_PERCENT_HP_BONUS","is_prod":false,"is_daily":false,"chose_seed":false,"campfire_upgraded":7,"win_rate":0,"timestamp":1543918054,"path_taken":["M","?","?","?","M","R","M","R","T","R","M","E","M","E","R","BOSS","M","?","?","M","?","E","?","?","T","M","R","M","R","M","R","BOSS","M","M","?","M","$","R","E"],"build_version":"2018-11-15","purchased_purges":1,"victory":false,"max_hp_per_floor":[78,78,78,78,78,78,78,78,78,78,78,78,78,78,78,78,78,78,78,92,92,92,92,92,92,92,92,92,92,92,92,92,92,92,92,92,92,92,92,92,92],"card_choices":[{"not_picked":["Sweeping Beam","Go for the Eyes"],"picked":"Fusion","floor":1.0},{"not_picked":["Recycle","Compile Driver"],"picked":"Cold Snap","floor":5.0},{"not_picked":["Cold Snap","Go for the Eyes"],"picked":"Self Repair","floor":7.0},{"not_picked":["Skim","Hologram"],"picked":"Doom and Gloom","floor":11.0},{"not_picked":["Conserve Battery","Sweeping Beam"],"picked":"Machine Learning","floor":12.0},{"not_picked":["Turbo","Barrage"],"picked":"Cold Snap","floor":13.0},{"not_picked":["Thunder Strike","Sweeping Beam"],"picked":"Hologram","floor":14.0},{"not_picked":["Machine Learning","Echo Form"],"picked":"Electrodynamics","floor":16.0},{"not_picked":["BootSequence","Barrage"],"picked":"Ball Lightning","floor":18.0},{"not_picked":["Force Field","Gash"],"picked":"Ball Lightning","floor":20.0},{"not_picked":["Beam Cell","Aggregate"],"picked":"Undo+1","floor":21.0},{"not_picked":["Redo","Coolheaded"],"picked":"Melter","floor":23.0},{"not_picked":["Gash","Beam Cell"],"picked":"Amplify","floor":27.0},{"not_picked":["Sweeping Beam","Beam Cell"],"picked":"Compile Driver","floor":29.0},{"not_picked":["Leap","Redo"],"picked":"Streamline","floor":31.0},{"not_picked":["Hyperbeam","Electrodynamics"],"picked":"Meteor Strike","floor":33.0},{"not_picked":["Glacier","Reinforced Body"],"picked":"Conserve Battery","floor":35.0},{"not_picked":["Go for the Eyes+1","Hologram"],"picked":"Reprogram+1","floor":36.0},{"not_picked":["Reprogram","Go for the Eyes"],"picked":"Undo","floor":38.0}],"player_experience":918983,"relics_obtained":[{"floor":9.0,"key":"Meat on the Bone"},{"floor":12.0,"key":"Juzu Bracelet"},{"floor":14.0,"key":"Emotion Chip"},{"floor":20.0,"key":"Mango"},{"floor":20.0,"key":"Blue Candle"},{"floor":23.0,"key":"Art of War"},{"floor":25.0,"key":"Ornamental Fan"},{"floor":26.0,"key":"Bottled Flame"}],"event_choices":[{"damage_healed":0.0,"max_hp_gain":0.0,"max_hp_loss":0.0,"gold_gain":0.0,"event_name":"Scrap Ooze","player_choice":"Success","floor":2.0,"gold_loss":0.0,"damage_taken":18.0,"relics_obtained":["Gambling Chip"]},{"damage_healed":0.0,"max_hp_gain":0.0,"max_hp_loss":0.0,"gold_gain":175.0,"event_name":"Liars Game","player_choice":"AGREE","floor":3.0,"gold_loss":0.0,"damage_taken":0.0,"cards_obtained":["Doubt"]},{"damage_healed":0.0,"max_hp_gain":0.0,"max_hp_loss":0.0,"gold_gain":0.0,"event_name":"The Mausoleum","player_choice":"Opened","floor":19.0,"gold_loss":0.0,"damage_taken":0.0,"relics_obtained":["Sundial"],"cards_obtained":["Writhe"]},{"damage_healed":0.0,"max_hp_gain":0.0,"max_hp_loss":0.0,"gold_gain":0.0,"event_name":"Colosseum","player_choice":"Fight","floor":20.0,"gold_loss":0.0,"damage_taken":0.0},{"damage_healed":0.0,"max_hp_gain":0.0,"max_hp_loss":0.0,"gold_gain":0.0,"event_name":"Colosseum","player_choice":"Fought Nobs","floor":20.0,"gold_loss":0.0,"damage_taken":0.0},{"damage_healed":0.0,"max_hp_gain":0.0,"max_hp_loss":0.0,"gold_gain":275.0,"event_name":"Golden Shrine","player_choice":"Desecrate","floor":22.0,"gold_loss":0.0,"damage_taken":0.0,"cards_obtained":["Regret"]},{"cards_removed":["Regret"],"damage_healed":0.0,"max_hp_gain":0.0,"max_hp_loss":0.0,"gold_gain":0.0,"event_name":"Back to Basics","player_choice":"Elegance","floor":24.0,"gold_loss":0.0,"damage_taken":0.0},{"damage_healed":0.0,"max_hp_gain":0.0,"max_hp_loss":0.0,"gold_gain":0.0,"event_name":"Wheel of Change","player_choice":"Relic","floor":25.0,"gold_loss":0.0,"damage_taken":0.0},{"damage_healed":0.0,"max_hp_gain":0.0,"max_hp_loss":0.0,"gold_gain":75.0,"event_name":"FaceTrader","player_choice":"Touch","floor":37.0,"gold_loss":0.0,"damage_taken":9.0}],"is_beta":false,"boss_relics":[{"not_picked":["Philosopher\u0027s Stone","Ectoplasm"],"picked":"Coffee Dripper"},{"not_picked":["Fusion Hammer","Lizard Tail"],"picked":"Eternal Feather"}],"items_purged_floors":[39],"is_endless":false,"potions_floor_spawned":[1,11,12,16,18,20,27,33,36,38],"killed_by":"Reptomancer","ascension_level":14}