{"gold_per_floor":[118,118,130,142,159,179,179,204,228,259,270,270,300,320,320,419,419,435,450,725,736,113,113,113,113,113,169,185,135,135,163,163,258,258,269,324,324,340,82,111,123,123,146,165,180,193,193,221,221,221],"floor_reached":51,"playtime":3415,"items_purged":["Defend_R","Defend_R","Defend_R"],"score":869,"play_id":"14448cc8-2f29-4e1d-8887-000b4f7a9ce2","local_time":"20190203230936","is_ascension_mode":false,"campfire_choices":[{"data":"Dual Wield","floor":12,"key":"SMITH"},{"floor":15,"key":"REST"},{"data":"Transmutation","floor":23,"key":"SMITH"},{"data":"Demon Form","floor":25,"key":"SMITH"},{"floor":30,"key":"REST"},{"data":"Inflame","floor":32,"key":"SMITH"},{"data":"Heavy Blade","floor":42,"key":"SMITH"},{"data":"Perfected Strike","floor":47,"key":"SMITH"},{"floor":49,"key":"REST"}],"neow_cost":"NONE","seed_source_timestamp":604475028532179,"circlet_count":0,"master_deck":["Strike_R","Strike_R","Strike_R","Strike_R","Strike_R","Bash+1","Dual Wield+1","Impervious+1","Clash","Thunderclap","Inflame+1","Iron Wave","Regret","Feed","Double Tap","Cleave","Body Slam","Infernal Blade+1","Demon Form+1","Perfected Strike+1","Pommel Strike","Regret","Dual Wield+1","Transmutation+1","Whirlwind","Heavy Blade+1","Immolate","Heavy Blade+1","Clothesline+1","Decay","Reaper","Uppercut","Whirlwind","Perfected Strike+1","Heavy Blade"],"relics":["Burning Blood","Du-Vu Doll","Smiling Mask","Regal Pillow","PreservedInsect","Gremlin Horn","Runic Dome","Red Skull","Question Card","Meat on the Bone","Frozen Egg 2","Lantern","Sozu","Bird Faced Urn","Medical Kit","Mercury Hourglass","War Paint","Pen Nib"],"potions_floor_usage":[10,14,14,16,16,28,33,33,50],"damage_taken":[{"damage":11,"enemies":"Jaw Worm","floor":1,"turns":3},{"damage":5,"enemies":"Small Slimes","floor":3,"turns":3},{"damage":0,"enemies":"Cultist","floor":4,"turns":2},{"damage":10,"enemies":"3 Louse","floor":5,"turns":4},{"damage":18,"enemies":"Exordium Wildlife","floor":6,"turns":5},{"damage":42,"enemies":"Lagavulin","floor":8,"turns":6},{"damage":12,"enemies":"3 Sentries","floor":10,"turns":7},{"damage":0,"enemies":"Blue Slaver","floor":11,"turns":1},{"damage":23,"enemies":"Lagavulin","floor":13,"turns":4},{"damage":13,"enemies":"Exordium Thugs","floor":14,"turns":4},{"damage":42,"enemies":"The Guardian","floor":16,"turns":7},{"damage":0,"enemies":"Chosen","floor":18,"turns":3},{"damage":10,"enemies":"Spheric Guardian","floor":19,"turns":3},{"damage":12,"enemies":"Centurion and Healer","floor":21,"turns":4},{"damage":48,"enemies":"Slavers","floor":27,"turns":3},{"damage":45,"enemies":"Shelled Parasite and Fungi","floor":28,"turns":4},{"damage":7,"enemies":"Gremlin Leader","floor":31,"turns":5},{"damage":36,"enemies":"Automaton","floor":33,"turns":6},{"damage":10,"enemies":"Orb Walker","floor":35,"turns":2},{"damage":72,"enemies":"2 Orb Walkers","floor":36,"turns":3},{"damage":7,"enemies":"3 Darklings","floor":38,"turns":3},{"damage":6,"enemies":"Reptomancer","floor":40,"turns":2},{"damage":30,"enemies":"Spire Growth","floor":41,"turns":3},{"damage":25,"enemies":"Jaw Worm Horde","floor":44,"turns":2},{"damage":6,"enemies":"3 Darklings","floor":45,"turns":2},{"damage":21,"enemies":"Transient","floor":46,"turns":5},{"damage":12,"enemies":"Nemesis","floor":48,"turns":3},{"damage":97,"enemies":"Time Eater","floor":50,"turns":9}],"seed_played":"-1769537487662048629","potions_obtained":[{"floor":1,"key":"SneckoOil"},{"floor":6,"key":"Poison Potion"},{"floor":8,"key":"SkillPotion"},{"floor":10,"key":"Swift Potion"},{"floor":14,"key":"GamblersBrew"},{"floor":19,"key":"PowerPotion"},{"floor":27,"key":"Poison Potion"},{"floor":31,"key":"Poison Potion"},{"floor":33,"key":"Ancient Potion"}],"is_trial":false,"path_per_floor":["M","?","M","M","M","M","?","E","T","E","M","R","E","M","R","B",null,"M","M","?","M","$","R","?","R","T","E","M","$","R","E","R","B",null,"M","?","?","M","$","E","M","R","T","M","M","M","R","E","R","B",null],"character_chosen":"IRONCLAD","items_purchased":["Transmutation","Red Skull","Question Card","Medical Kit"],"campfire_rested":3,"item_purchase_floors":[22,22,22,39],"current_hp_per_floor":[75,75,76,80,76,64,64,28,28,25,34,34,17,10,50,14,86,89,85,85,82,82,82,82,82,82,52,25,25,67,66,66,51,95,91,37,37,50,50,64,55,55,55,53,59,72,72,66,101,26],"gold":221,"neow_bonus":"UPGRADE_CARD","is_prod":false,"is_daily":false,"chose_seed":false,"campfire_upgraded":6,"win_rate":0.0,"timestamp":1549264176,"path_taken":["M","?","M","M","M","M","?","E","T","E","M","R","E","M","R","BOSS","M","M","?","?","$","R","?","R","T","E","M","?","R","E","R","BOSS","M","?","?","M","$","E","?","R","T","M","M","?","R","E","R","BOSS"],"build_version":"2019-01-23","purchased_purges":3,"victory":true,"max_hp_per_floor":[80,80,80,80,80,80,80,80,80,83,86,86,86,86,86,86,86,89,89,89,92,92,92,92,92,92,92,92,92,92,92,92,95,95,95,95,95,95,95,95,98,98,98,101,101,101,101,101,101,101],"card_choices":[{"not_picked":["Pommel Strike","Iron Wave"],"picked":"Dual Wield","floor":1},{"not_picked":["Shrug It Off","Burning Pact"],"picked":"Clash","floor":3},{"not_picked":["Headbutt","Clash"],"picked":"Thunderclap","floor":4},{"not_picked":["Clothesline","Heavy Blade"],"picked":"Inflame","floor":5},{"not_picked":["Havoc","Perfected Strike"],"picked":"Iron Wave","floor":6},{"not_picked":["Disarm","Anger"],"picked":"Feed","floor":8},{"not_picked":["Fiend Fire","Perfected Strike"],"picked":"Double Tap","floor":10},{"not_picked":["Havoc","Dual Wield"],"picked":"Cleave","floor":11},{"not_picked":["True Grit","Wild Strike"],"picked":"Body Slam","floor":13},{"not_picked":["Twin Strike","Wild Strike"],"picked":"Infernal Blade","floor":14},{"not_picked":["Bludgeon","Exhume"],"picked":"Demon Form","floor":16},{"not_picked":["Rupture+1","Dual Wield"],"picked":"Perfected Strike+1","floor":18},{"not_picked":["Armaments","Twin Strike"],"picked":"Pommel Strike","floor":19},{"not_picked":["Intimidate","Warcry+1"],"picked":"Dual Wield+1","floor":21},{"not_picked":["Exhume","Warcry+1","Dropkick+1"],"picked":"Whirlwind","floor":27},{"not_picked":["Entrench","Armaments","Reckless Charge","Clash"],"picked":"SKIP","floor":28},{"not_picked":["Shrug It Off","Pommel Strike","Shockwave"],"picked":"Heavy Blade+1","floor":31},{"not_picked":["Double Tap","Limit Break","Juggernaut+1"],"picked":"Immolate","floor":33},{"not_picked":["True Grit+1","Corruption+1","Searing Blow"],"picked":"Heavy Blade","floor":35},{"not_picked":["Body Slam","Searing Blow","Burning Pact+1"],"picked":"Clothesline+1","floor":36},{"not_picked":["Spot Weakness+1","Ghostly Armor","Headbutt"],"picked":"Reaper","floor":38},{"not_picked":["Anger","Clothesline","Warcry","Bloodletting"],"picked":"SKIP","floor":40},{"not_picked":["Body Slam","Double Tap","Cleave+1"],"picked":"Uppercut","floor":41},{"not_picked":["Cleave+1","Blood for Blood","Headbutt+1"],"picked":"Whirlwind","floor":44},{"not_picked":["Metallicize+1","Combust+1","Searing Blow","Clash"],"picked":"SKIP","floor":45},{"not_picked":["Sentinel","Sword Boomerang","Iron Wave"],"picked":"Perfected Strike","floor":46},{"not_picked":["Carnage+1","Armaments+1","Feel No Pain+1"],"picked":"Heavy Blade","floor":48}],"player_experience":59012,"relics_obtained":[{"floor":8,"key":"Smiling Mask"},{"floor":9,"key":"Regal Pillow"},{"floor":10,"key":"PreservedInsect"},{"floor":13,"key":"Gremlin Horn"},{"floor":26,"key":"Meat on the Bone"},{"floor":27,"key":"Frozen Egg 2"},{"floor":31,"key":"Lantern"},{"floor":36,"key":"Bird Faced Urn"},{"floor":40,"key":"Mercury Hourglass"},{"floor":43,"key":"War Paint"},{"floor":48,"key":"Pen Nib"}],"event_choices":[{"damage_healed":0,"gold_gain":0,"cards_transformed":["Defend_R"],"player_choice":"Change","damage_taken":0,"max_hp_gain":0,"max_hp_loss":0,"event_name":"Living Wall","floor":2,"gold_loss":0,"cards_obtained":["Impervious"]},{"damage_healed":0,"gold_gain":0,"player_choice":"Box","damage_taken":0,"relics_obtained":["Du-Vu Doll"],"max_hp_gain":0,"max_hp_loss":0,"event_name":"Big Fish","floor":7,"gold_loss":0,"cards_obtained":["Regret"]},{"damage_healed":0,"gold_gain":275,"player_choice":"Desecrate","damage_taken":0,"max_hp_gain":0,"max_hp_loss":0,"event_name":"Golden Shrine","floor":20,"gold_loss":0,"cards_obtained":["Regret"]},{"damage_healed":0,"gold_gain":0,"player_choice":"Ignored","damage_taken":0,"max_hp_gain":0,"max_hp_loss":0,"event_name":"Ghosts","floor":24,"gold_loss":0},{"damage_healed":0,"gold_gain":0,"player_choice":"Fight","damage_taken":0,"max_hp_gain":0,"max_hp_loss":0,"event_name":"Mysterious Sphere","floor":36,"gold_loss":0},{"damage_healed":0,"gold_gain":0,"player_choice":"Cursed","damage_taken":0,"max_hp_gain":0,"max_hp_loss":0,"event_name":"Wheel of Change","floor":37,"gold_loss":0,"cards_obtained":["Decay"]}],"is_beta":false,"boss_relics":[{"not_picked":["Ectoplasm","Lizard Tail"],"picked":"Runic Dome"},{"not_picked":["Black Star","Tiny House"],"picked":"Sozu"}],"items_purged_floors":[22,29,39],"is_endless":false,"potions_floor_spawned":[1,6,8,10,14,19,27,31,33,36,40,45,46,48],"ascension_level":0}