{"gold_per_floor":[142,153,164,183,54,54,85,85,134,59,69,69,144,157,157,157],"floor_reached":16,"playtime":402,"items_purged":["Strike_B"],"score":204,"play_id":"d6eaf876-e2c2-4e1c-b472-16c08946b92c","local_time":"20190222214058","is_ascension_mode":true,"campfire_choices":[{"floor":6,"key":"REST"},{"data":"Defragment","floor":8,"key":"SMITH"},{"floor":12,"key":"REST"},{"data":"Zap","floor":15,"key":"SMITH"}],"neow_cost":"NONE","seed_source_timestamp":26880129708900,"circlet_count":0,"master_deck":["AscendersBane","Strike_B","Strike_B","Defend_B","Defend_B","Defend_B","Defend_B","Zap+1","Dualcast","Compile Driver","Defragment+1","Echo Form","Streamline"],"relics":["Cracked Core","Tiny Chest","Kunai","Juzu Bracelet"],"potions_floor_usage":[7],"damage_taken":[{"damage":2,"enemies":"Jaw Worm","floor":1,"turns":4},{"damage":1,"enemies":"2 Louse","floor":2,"turns":2},{"damage":2,"enemies":"Cultist","floor":3,"turns":4},{"damage":38,"enemies":"Exordium Wildlife","floor":4,"turns":8},{"damage":20,"enemies":"3 Sentries","floor":7,"turns":4},{"damage":6,"enemies":"Blue Slaver","floor":11,"turns":4},{"damage":7,"enemies":"2 Fungi Beasts","floor":14,"turns":4},{"damage":36,"enemies":"The Guardian","floor":16,"turns":2}],"seed_played":"-5134365693508699431","potions_obtained":[{"floor":2,"key":"FearPotion"},{"floor":3,"key":"GamblersBrew"},{"floor":4,"key":"PowerPotion"}],"is_trial":false,"path_per_floor":["M","M","M","M","$","R","E","R","T","?","M","R","?","M","R","B"],"character_chosen":"DEFECT","items_purchased":["Streamline"],"campfire_rested":2,"item_purchase_floors":[5],"current_hp_per_floor":[62,61,59,21,21,42,22,22,22,22,16,37,26,19,19,0],"gold":157,"neow_bonus":"RANDOM_COMMON_RELIC","is_prod":false,"is_daily":false,"chose_seed":false,"campfire_upgraded":2,"win_rate":0,"timestamp":1550864458,"path_taken":["M","M","M","M","$","R","E","R","T","?","M","R","?","M","R","BOSS"],"build_version":"2019-01-23","purchased_purges":1,"victory":false,"max_hp_per_floor":[71,71,71,71,71,71,71,71,71,71,71,71,71,71,71,71],"card_choices":[{"not_picked":["Streamline","Heatsinks"],"picked":"Compile Driver","floor":1},{"not_picked":["Darkness","Stack"],"picked":"Defragment","floor":2},{"not_picked":["Streamline","Barrage","Hologram"],"picked":"SKIP","floor":3},{"not_picked":["Hologram","White Noise"],"picked":"Echo Form","floor":4},{"not_picked":["Compile Driver","Static Discharge","Barrage"],"picked":"SKIP","floor":7},{"not_picked":["Rebound","Gash","Stack"],"picked":"SKIP","floor":11},{"not_picked":["Turbo","Coolheaded","Scrape"],"picked":"SKIP","floor":14}],"player_experience":883473,"relics_obtained":[{"floor":7,"key":"Kunai"},{"floor":9,"key":"Juzu Bracelet"}],"event_choices":[{"cards_removed":["Strike_B"],"damage_healed":0,"gold_gain":0,"player_choice":"Card Removal","damage_taken":0,"max_hp_gain":0,"max_hp_loss":0,"event_name":"The Cleric","floor":10,"gold_loss":75},{"damage_healed":0,"gold_gain":75,"player_choice":"Gather Gold","damage_taken":11,"max_hp_gain":0,"max_hp_loss":0,"event_name":"World of Goop","floor":13,"gold_loss":0}],"is_beta":false,"boss_relics":[],"items_purged_floors":[5],"is_endless":false,"potions_floor_spawned":[2,3,4],"killed_by":"The Guardian","ascension_level":20}