{"gold_per_floor":[116,191,204,379,398,427,427,392,392,424,424,435,360,378,378,378],"floor_reached":16,"playtime":561,"items_purged":["Doubt"],"score":110,"play_id":"9c145925-b884-45b7-bc2b-2dbb8d792bce","local_time":"20190804173448","is_ascension_mode":false,"campfire_choices":[{"floor":7.0,"key":"DIG"},{"floor":11.0,"key":"DIG"},{"floor":15,"key":"REST"}],"neow_cost":"NONE","seed_source_timestamp":2051401601367252,"circlet_count":0,"master_deck":["Strike_R","Strike_R","Strike_R","Strike_R","Strike_R","Defend_R","Defend_R","Defend_R","Defend_R","Bash","Rampage","Perfected Strike","Heavy Blade","Hemokinesis","Cleave","Intimidate"],"special_seed":0,"relics":["Burning Blood","NeowsBlessing","Shovel","Pantograph","Pear","StoneCalendar","Boot"],"potions_floor_usage":[],"damage_taken":[{"damage":0.0,"enemies":"Small Slimes","floor":1.0,"turns":2.0},{"damage":0.0,"enemies":"Jaw Worm","floor":3.0,"turns":1.0},{"damage":0.0,"enemies":"Cultist","floor":5.0,"turns":1.0},{"damage":21.0,"enemies":"Gremlin Nob","floor":6.0,"turns":4.0},{"damage":49.0,"enemies":"Lagavulin","floor":10.0,"turns":7.0},{"damage":7,"enemies":"Exordium Wildlife","floor":12,"turns":4},{"damage":17,"enemies":"Large Slime","floor":14,"turns":6},{"damage":87,"enemies":"Hexaghost","floor":16,"turns":9}],"seed_played":"4306514446972284556","potions_obtained":[{"floor":3.0,"key":"FearPotion"},{"floor":5.0,"key":"EssenceOfSteel"},{"floor":12,"key":"EntropicBrew"},{"floor":14,"key":"Energy Potion"}],"is_trial":false,"path_per_floor":["M","?","M","?","M","E","R","?","T","E","R","M","$","M","R","B"],"character_chosen":"IRONCLAD","items_purchased":[],"campfire_rested":1,"item_purchase_floors":[],"current_hp_per_floor":[80,69,75,75,80,65,65,80,90,47,47,46,46,35,62,0],"gold":378,"neow_bonus":"THREE_ENEMY_KILL","is_prod":false,"is_daily":false,"chose_seed":false,"campfire_upgraded":0,"win_rate":0,"timestamp":1564911288,"path_taken":["M","?","M","?","M","E","R","?","T","E","R","?","?","M","R","BOSS"],"build_version":"2019-07-17","purchased_purges":1,"victory":false,"max_hp_per_floor":[80,80,80,80,80,80,80,80,90,90,90,90,90,90,90,90],"card_choices":[{"not_picked":["Pommel Strike","Rupture"],"picked":"Rampage","floor":1.0},{"not_picked":["Armaments","True Grit"],"picked":"Perfected Strike","floor":3.0},{"not_picked":["Sword Boomerang","Burning Pact"],"picked":"Heavy Blade","floor":5.0},{"not_picked":["Combust","Rampage","Perfected Strike"],"picked":"SKIP","floor":6.0},{"not_picked":["Iron Wave","Disarm"],"picked":"Hemokinesis","floor":10.0},{"not_picked":["Perfected Strike","Sword Boomerang"],"picked":"Cleave","floor":12},{"not_picked":["Berserk","Perfected Strike"],"picked":"Intimidate","floor":14}],"player_experience":72325,"relics_obtained":[{"floor":6.0,"key":"Shovel"},{"floor":7.0,"key":"Pantograph"},{"floor":9.0,"key":"Pear"},{"floor":10.0,"key":"StoneCalendar"},{"floor":11.0,"key":"Boot"}],"event_choices":[{"damage_healed":0.0,"max_hp_gain":0.0,"max_hp_loss":0.0,"gold_gain":75.0,"event_name":"World of Goop","player_choice":"Gather Gold","floor":2.0,"gold_loss":0.0,"damage_taken":11.0},{"damage_healed":0.0,"max_hp_gain":0.0,"max_hp_loss":0.0,"gold_gain":175.0,"event_name":"Liars Game","player_choice":"AGREE","floor":4.0,"gold_loss":0.0,"damage_taken":0.0,"cards_obtained":["Doubt"]},{"damage_healed":20.0,"max_hp_gain":0.0,"max_hp_loss":0.0,"gold_gain":0.0,"event_name":"The Cleric","player_choice":"Healed","floor":8.0,"gold_loss":35.0,"damage_taken":0.0}],"is_beta":false,"boss_relics":[],"items_purged_floors":[13],"is_endless":false,"potions_floor_spawned":[3,5,12,14],"killed_by":"Hexaghost","ascension_level":0}