{"gold_per_floor":[119,44,44,62,76,76,93,18,18,36,36,49,69,84,84,162,162,181,231,131,131,145,145,20,20,20,48,48,48,64,64,64,139,139,159,159,122,134,134,169,180,230,230,243,259,259,259,274,274,274,274,274,274,44,70,70],"floor_reached":57,"playtime":5314,"items_purged":["Strike_G","Strike_G","Defend_G","Choke+1"],"score":2688,"play_id":"220cefbd-b8ad-4f55-868e-fe4d1bd92c91","local_time":"20190809180502","is_ascension_mode":true,"campfire_choices":[{"data":"Neutralize","floor":6.0,"key":"SMITH"},{"data":"Poisoned Stab","floor":11.0,"key":"SMITH"},{"data":"Acrobatics","floor":15.0,"key":"SMITH"},{"data":"Prepared","floor":23.0,"key":"SMITH"},{"floor":25.0,"key":"REST"},{"floor":28.0,"key":"REST"},{"floor":32.0,"key":"REST"},{"floor":47.0,"key":"RECALL"},{"data":"Choke","floor":49.0,"key":"SMITH"},{"data":"Backflip","floor":53.0,"key":"SMITH"}],"neow_cost":"TEN_PERCENT_HP_LOSS","seed_source_timestamp":0,"circlet_count":0,"master_deck":["AscendersBane","Defend_G","Defend_G","Survivor","Neutralize+1","PiercingWail","Poisoned Stab+1","Backflip","Acrobatics+1","Backflip+1","Prepared+1"],"special_seed":0,"relics":["Ring of the Serpent","Sundial","Snake Skull","Letter Opener","Empty Cage","Oddly Smooth Stone","Happy Flower"],"potions_floor_usage":[56,56],"damage_taken":[{"damage":0.0,"enemies":"2 Louse","floor":1.0,"turns":3.0},{"damage":12.0,"enemies":"Jaw Worm","floor":4.0,"turns":10.0},{"damage":0.0,"enemies":"Cultist","floor":5.0,"turns":4.0},{"damage":3.0,"enemies":"Exordium Thugs","floor":7.0,"turns":6.0},{"damage":6.0,"enemies":"Exordium Wildlife","floor":10.0,"turns":7.0},{"damage":7.0,"enemies":"Lots of Slimes","floor":12.0,"turns":6.0},{"damage":3.0,"enemies":"Exordium Thugs","floor":13.0,"turns":3.0},{"damage":0.0,"enemies":"2 Fungi Beasts","floor":14.0,"turns":5.0},{"damage":21.0,"enemies":"Hexaghost","floor":16.0,"turns":9.0},{"damage":6.0,"enemies":"Spheric Guardian","floor":18.0,"turns":5.0},{"damage":22.0,"enemies":"2 Thieves","floor":22.0,"turns":4.0},{"damage":30.0,"enemies":"Slavers","floor":27.0,"turns":7.0},{"damage":0.0,"enemies":"Snake Plant","floor":30.0,"turns":2.0},{"damage":5.0,"enemies":"Automaton","floor":33.0,"turns":4.0},{"damage":0.0,"enemies":"3 Shapes","floor":35.0,"turns":1.0},{"damage":0.0,"enemies":"Orb Walker","floor":38.0,"turns":2.0},{"damage":0.0,"enemies":"Reptomancer","floor":40.0,"turns":2.0},{"damage":0.0,"enemies":"3 Darklings","floor":41.0,"turns":2.0},{"damage":0.0,"enemies":"Spire Growth","floor":44.0,"turns":1.0},{"damage":0.0,"enemies":"Writhing Mass","floor":45.0,"turns":1.0},{"damage":0.0,"enemies":"Jaw Worm Horde","floor":48.0,"turns":1.0},{"damage":12.0,"enemies":"Donu and Deca","floor":50.0,"turns":3.0},{"damage":25.0,"enemies":"Awakened One","floor":51.0,"turns":4.0},{"damage":0.0,"enemies":"Shield and Spear","floor":55.0,"turns":1.0},{"damage":4,"enemies":"The Heart","floor":56,"turns":6}],"seed_played":"6067580239273398813","potions_obtained":[{"floor":1.0,"key":"Poison Potion"},{"floor":12.0,"key":"Ancient Potion"},{"floor":13.0,"key":"Poison Potion"},{"floor":16.0,"key":"SteroidPotion"},{"floor":27.0,"key":"Fire Potion"},{"floor":35.0,"key":"AttackPotion"},{"floor":38.0,"key":"AttackPotion"},{"floor":41.0,"key":"Regen Potion"},{"floor":44.0,"key":"SpeedPotion"},{"floor":48.0,"key":"Poison Potion"}],"is_trial":false,"path_per_floor":["M","?","?","M","M","R","M","$","T","M","R","M","M","M","R","B",null,"M","?","$","?","M","R","$","R","T","E","R","$","M","?","R","B",null,"M","?","$","M","$","E","M","?","T","M","M","?","R","M","R","B","B",null,"R","$","E","B",null],"character_chosen":"THE_SILENT","items_purchased":["Choke","GhostInAJar"],"campfire_rested":3,"item_purchase_floors":[37,54],"current_hp_per_floor":[59,59,59,47,47,47,44,44,44,38,38,31,28,28,28,7,47,41,41,41,41,19,19,19,37,37,7,25,25,25,9,28,23,55,55,55,55,55,55,55,55,55,55,55,55,45,45,45,45,33,8,49,49,49,49,45],"gold":70,"neow_bonus":"REMOVE_TWO","is_prod":false,"is_daily":false,"chose_seed":false,"campfire_upgraded":6,"win_rate":0,"timestamp":1565345102,"path_taken":["M","?","?","M","M","R","M","$","T","M","R","M","M","?","R","BOSS","M","?","$","?","?","R","$","R","T","E","R","?","M","?","R","BOSS","M","?","$","M","?","E","M","?","T","M","?","?","R","M","R","BOSS","BOSS","R","$","E","BOSS"],"build_version":"2019-07-17","purchased_purges":4,"victory":true,"max_hp_per_floor":[60,60,60,60,60,60,60,60,60,60,60,60,60,60,60,60,60,60,60,60,60,60,60,60,60,60,60,60,60,60,65,65,65,65,65,62,62,62,62,62,62,62,62,62,62,62,62,62,62,62,62,62,62,62,62,62],"card_choices":[{"not_picked":["Setup","Dodge and Roll"],"picked":"PiercingWail","floor":1.0},{"not_picked":["PiercingWail","Accuracy"],"picked":"Poisoned Stab","floor":4.0},{"not_picked":["Blade Dance","Terror"],"picked":"Bane","floor":5.0},{"not_picked":["Outmaneuver","Envenom"],"picked":"Backflip","floor":7.0},{"not_picked":["Concentrate","Outmaneuver","Prepared"],"picked":"SKIP","floor":10.0},{"not_picked":["Slice","Underhanded Strike"],"picked":"Acrobatics","floor":12.0},{"not_picked":["Bane","Endless Agony","PiercingWail"],"picked":"SKIP","floor":13.0},{"not_picked":["Terror","Calculated Gamble"],"picked":"Backflip","floor":14.0},{"not_picked":["Dagger Spray","Backflip","Cloak And Dagger"],"picked":"SKIP","floor":18.0},{"not_picked":["Deadly Poison","Infinite Blades"],"picked":"Prepared","floor":22.0},{"not_picked":["Crippling Poison","Dagger Throw","Backflip"],"picked":"SKIP","floor":27.0},{"not_picked":["Dagger Spray","Backflip","Outmaneuver"],"picked":"SKIP","floor":30.0},{"not_picked":["Deadly Poison+1","Bane","Outmaneuver"],"picked":"SKIP","floor":35.0},{"not_picked":["Bane","Deadly Poison+1","Eviscerate+1"],"picked":"SKIP","floor":38.0},{"not_picked":["Deadly Poison","Terror+1","Riddle With Holes+1"],"picked":"SKIP","floor":40.0},{"not_picked":["Dagger Throw","Slice","Concentrate"],"picked":"SKIP","floor":41.0},{"not_picked":["Dagger Spray","Underhanded Strike","Accuracy"],"picked":"SKIP","floor":44.0},{"not_picked":["Masterful Stab","Prepared","Glass Knife"],"picked":"SKIP","floor":45.0},{"not_picked":["PiercingWail+1","Setup","Dodge and Roll"],"picked":"SKIP","floor":48.0},{"not_picked":["Slice+1","Prepared","Night Terror"],"picked":"SKIP","floor":55.0}],"player_experience":1168810,"relics_obtained":[{"floor":9.0,"key":"Sundial"},{"floor":26.0,"key":"Snake Skull"},{"floor":27.0,"key":"Letter Opener"},{"floor":40.0,"key":"Oddly Smooth Stone"},{"floor":55.0,"key":"Happy Flower"}],"event_choices":[{"cards_removed":["Defend_G"],"damage_healed":0.0,"max_hp_gain":0.0,"max_hp_loss":0.0,"gold_gain":0.0,"event_name":"The Cleric","player_choice":"Card Removal","floor":2.0,"gold_loss":75.0,"damage_taken":0.0},{"cards_removed":["Strike_G"],"damage_healed":0.0,"max_hp_gain":0.0,"max_hp_loss":0.0,"gold_gain":0.0,"event_name":"Bonfire Elementals","player_choice":"Offered Basic","floor":3.0,"gold_loss":0.0,"damage_taken":0.0},{"damage_healed":0.0,"max_hp_gain":0.0,"max_hp_loss":0.0,"gold_gain":50.0,"event_name":"Nest","player_choice":"Stole From Cult","floor":19.0,"gold_loss":0.0,"damage_taken":0.0},{"damage_healed":0.0,"max_hp_gain":0.0,"max_hp_loss":0.0,"gold_gain":0.0,"event_name":"N\u0027loth","player_choice":"Ignored","floor":21.0,"gold_loss":0.0,"damage_taken":0.0},{"damage_healed":0.0,"max_hp_gain":5.0,"max_hp_loss":0.0,"gold_gain":0.0,"event_name":"Forgotten Altar","player_choice":"Shed Blood","floor":31.0,"gold_loss":0.0,"damage_taken":21.0},{"damage_healed":0.0,"max_hp_gain":0.0,"max_hp_loss":3.0,"gold_gain":0.0,"event_name":"Winding Halls","player_choice":"Max HP","floor":36.0,"gold_loss":0.0,"damage_taken":0.0},{"damage_healed":0.0,"max_hp_gain":0.0,"max_hp_loss":0.0,"gold_gain":50.0,"event_name":"Golden Shrine","player_choice":"Pray","floor":42.0,"gold_loss":0.0,"damage_taken":0.0},{"damage_healed":0.0,"max_hp_gain":0.0,"max_hp_loss":0.0,"gold_gain":0.0,"event_name":"SensoryStone","player_choice":"Memory 3","floor":46.0,"gold_loss":0.0,"damage_taken":10.0}],"is_beta":false,"boss_relics":[{"not_picked":["Eternal Feather","Ectoplasm"],"picked":"Ring of the Serpent"},{"not_picked":["Cursed Key","Snecko Eye"],"picked":"Empty Cage"}],"items_purged_floors":[8,20,24,54],"is_endless":false,"potions_floor_spawned":[1,12,13,16,22,27,35,38,41,44,48],"ascension_level":20}