{"gold_per_floor":[116,128,128,140,140,140,140,140,166,200,160,85],"floor_reached":12,"playtime":212,"items_purged":["Pain"],"score":152,"play_id":"bc732f86-012f-40d1-9de0-866121b81a68","local_time":"20190520203005","is_ascension_mode":true,"campfire_choices":[{"data":"Power Through","floor":6,"key":"SMITH"},{"floor":8,"key":"RECALL"}],"neow_cost":"NONE","seed_source_timestamp":335915128699769,"circlet_count":0,"master_deck":["AscendersBane","Strike_R","Strike_R","Strike_R","Strike_R","Strike_R+1","Defend_R","Defend_R+1","Defend_R","Defend_R","Bash","Power Through+1","Thunderclap"],"relics":["Burning Blood","NeowsBlessing","WarpedTongs","Juzu Bracelet","Shovel"],"potions_floor_usage":[10],"damage_taken":[{"damage":0,"enemies":"Small Slimes","floor":1,"turns":1},{"damage":0,"enemies":"Cultist","floor":2,"turns":1},{"damage":1,"enemies":"Jaw Worm","floor":4,"turns":1},{"damage":49,"enemies":"Lagavulin","floor":10,"turns":9},{"damage":3,"enemies":"Looter","floor":11,"turns":4}],"seed_played":"-612616136207716278","potions_obtained":[{"floor":1,"key":"EssenceOfSteel"},{"floor":4,"key":"SmokeBomb"}],"is_trial":false,"path_per_floor":["M","M","?","M","?","R","?","R","T","E","M","$"],"character_chosen":"IRONCLAD","items_purchased":[],"campfire_rested":0,"item_purchase_floors":[],"current_hp_per_floor":[74,75,75,75,52,52,52,52,52,9,12,12],"gold":85,"neow_bonus":"THREE_ENEMY_KILL","is_prod":false,"is_daily":false,"chose_seed":false,"campfire_upgraded":1,"win_rate":0,"timestamp":1558355405,"path_taken":["M","M","?","?","?","R","?","R","T","E","M","?"],"build_version":"2019-01-23","purchased_purges":1,"victory":false,"max_hp_per_floor":[75,75,75,75,75,75,75,75,75,75,75,75],"card_choices":[{"not_picked":["Bloodletting","Perfected Strike","Rupture"],"picked":"SKIP","floor":1},{"not_picked":["Flex","Thunderclap","Warcry"],"picked":"SKIP","floor":2},{"not_picked":["Hemokinesis","Iron Wave"],"picked":"Power Through","floor":4},{"not_picked":["Searing Blow","Sword Boomerang"],"picked":"Thunderclap","floor":10},{"not_picked":["Body Slam","Thunderclap","Anger"],"picked":"SKIP","floor":11}],"player_experience":909943,"relics_obtained":[{"floor":9,"key":"Juzu Bracelet"},{"floor":10,"key":"Shovel"}],"event_choices":[{"damage_healed":0,"gold_gain":0,"player_choice":"Rummage","damage_taken":0,"relics_obtained":["WarpedTongs"],"max_hp_gain":0,"max_hp_loss":0,"event_name":"Accursed Blacksmith","floor":3,"gold_loss":0,"cards_obtained":["Pain"]},{"damage_healed":0,"gold_gain":0,"player_choice":"Entered Light","damage_taken":23,"max_hp_gain":0,"max_hp_loss":0,"event_name":"Shining Light","floor":5,"gold_loss":0,"cards_upgraded":["Defend_R","Strike_R"]},{"damage_healed":0,"gold_gain":0,"player_choice":"Ignored","damage_taken":0,"max_hp_gain":0,"max_hp_loss":0,"event_name":"Liars Game","floor":7,"gold_loss":0}],"is_beta":false,"boss_relics":[],"items_purged_floors":[12],"is_endless":false,"potions_floor_spawned":[1,4],"ascension_level":20}