{"gold_per_floor":[11,11,11,11,26,26,57,57,57,57,77,132,132,8,8,104,104,118,118],"floor_reached":19,"playtime":844,"items_purged":["Strike_R"],"score":190,"play_id":"2d1cd105-087d-4d3a-8bd2-6edbf6c9a3c0","local_time":"20190102204625","is_ascension_mode":true,"campfire_choices":[{"data":"Bash","floor":6,"key":"SMITH"},{"floor":8,"key":"REST"},{"data":"Pommel Strike","floor":10,"key":"SMITH"},{"data":"Demon Form","floor":13,"key":"SMITH"},{"floor":15,"key":"REST"}],"neow_cost":"NO_GOLD","seed_source_timestamp":216143637823667,"circlet_count":0,"master_deck":["Bash+1","Pommel Strike+1","Uppercut","Anger","Corruption","Demon Form+1","Armaments","Barricade","Impervious","Fire Breathing","Armaments","Rampage","Flex","Disarm","Rupture","Cleave"],"relics":["Burning Blood","Champion Belt","Mercury Hourglass","Anchor","Du-Vu Doll","Tiny Chest","Pandora\u0027s Box"],"potions_floor_usage":[7,18],"damage_taken":[{"damage":7,"enemies":"Jaw Worm","floor":1,"turns":3},{"damage":8,"enemies":"Small Slimes","floor":5,"turns":3},{"damage":22,"enemies":"3 Sentries","floor":7,"turns":5},{"damage":0,"enemies":"Cultist","floor":11,"turns":2},{"damage":24,"enemies":"Gremlin Nob","floor":12,"turns":4},{"damage":28,"enemies":"Hexaghost","floor":16,"turns":6},{"damage":43,"enemies":"Spheric Guardian","floor":18,"turns":6},{"damage":48,"enemies":"Masked Bandits","floor":19,"turns":3}],"seed_played":"1950264367651990059","potions_obtained":[{"floor":5,"key":"Fire Potion"},{"floor":12,"key":"SkillPotion"}],"is_trial":false,"path_per_floor":["M","?","?","?","M","R","E","R","T","R","M","E","R","$","R","B",null,"M","?"],"character_chosen":"IRONCLAD","items_purchased":["Armaments"],"campfire_rested":2,"item_purchase_floors":[14],"current_hp_per_floor":[79,72,72,65,63,63,47,71,71,71,77,59,59,59,80,58,80,43,0],"gold":118,"neow_bonus":"ONE_RARE_RELIC","is_prod":false,"is_daily":false,"chose_seed":false,"campfire_upgraded":3,"win_rate":0,"timestamp":1546422385,"path_taken":["M","?","?","?","M","R","E","R","T","R","M","E","R","$","R","BOSS","M","?"],"build_version":"2018-12-20","purchased_purges":1,"victory":false,"max_hp_per_floor":[80,80,80,80,80,80,80,80,80,80,80,80,80,80,80,80,80,80,80],"card_choices":[{"not_picked":["Clothesline","Intimidate"],"picked":"Pommel Strike","floor":1},{"not_picked":["Twin Strike","Clothesline"],"picked":"Uppercut","floor":5},{"not_picked":["Shrug It Off","Cleave"],"picked":"Anger","floor":7},{"not_picked":["Wild Strike","True Grit"],"picked":"Corruption","floor":11},{"not_picked":["Rampage","Thunderclap"],"picked":"Demon Form","floor":12},{"not_picked":["Reaper","Fiend Fire"],"picked":"Barricade","floor":16},{"not_picked":["Pommel Strike","Havoc"],"picked":"Cleave","floor":18}],"player_experience":383374,"relics_obtained":[{"floor":7,"key":"Anchor"},{"floor":9,"key":"Du-Vu Doll"},{"floor":12,"key":"Tiny Chest"}],"event_choices":[{"cards_removed":["Strike_R"],"damage_healed":0,"gold_gain":0,"player_choice":"Card Removal","damage_taken":7,"max_hp_gain":0,"max_hp_loss":0,"event_name":"Golden Wing","floor":2,"gold_loss":0},{"damage_healed":0,"gold_gain":0,"player_choice":"Ignored","damage_taken":0,"max_hp_gain":0,"max_hp_loss":0,"event_name":"Shining Light","floor":3,"gold_loss":0},{"damage_healed":0,"gold_gain":0,"player_choice":"Success","damage_taken":7,"relics_obtained":["Mercury Hourglass"],"max_hp_gain":0,"max_hp_loss":0,"event_name":"Scrap Ooze","floor":4,"gold_loss":0},{"damage_healed":0,"gold_gain":0,"player_choice":"Fought Bandits","damage_taken":0,"max_hp_gain":0,"max_hp_loss":0,"event_name":"Masked Bandits","floor":19,"gold_loss":0}],"is_beta":false,"boss_relics":[{"not_picked":["Astrolabe","Velvet Choker"],"picked":"Pandora\u0027s Box"}],"items_purged_floors":[14],"is_endless":false,"potions_floor_spawned":[5,12],"killed_by":"Masked Bandits","ascension_level":2}