{"gold_per_floor":[113,113,5,21,37,37,66,66,66,91,105,140,160,160,160,160],"floor_reached":16,"playtime":2238,"items_purged":[],"score":160,"play_id":"990168d9-ca3f-42c6-81b6-3cbd6fa0bd8d","local_time":"20190604221436","is_ascension_mode":true,"campfire_choices":[{"data":"Flechettes","floor":6.0,"key":"SMITH"},{"data":"Well Laid Plans","floor":8,"key":"SMITH"},{"floor":15,"key":"REST"}],"neow_cost":"NONE","seed_source_timestamp":0,"circlet_count":0,"master_deck":["Defend_G","Defend_G","Defend_G","Defend_G","Defend_G","Strike_G","Strike_G","Strike_G","Strike_G","Strike_G","Survivor","Neutralize","Expertise","Well Laid Plans+1","Tactician","Flechettes+1","Leg Sweep","Skewer","Prepared","Outmaneuver+1","Blur"],"special_seed":0,"relics":["Ring of the Snake","Oddly Smooth Stone","GremlinMask","Pocketwatch","Gremlin Horn","PreservedInsect","Molten Egg 2"],"potions_floor_usage":[7,12,12],"damage_taken":[{"damage":2.0,"enemies":"Jaw Worm","floor":1.0,"turns":9.0},{"damage":4.0,"enemies":"Cultist","floor":4.0,"turns":5.0},{"damage":0.0,"enemies":"2 Louse","floor":5.0,"turns":4.0},{"damage":20,"enemies":"Lagavulin","floor":7,"turns":8},{"damage":19,"enemies":"Gremlin Nob","floor":10,"turns":4},{"damage":5,"enemies":"Exordium Thugs","floor":11,"turns":5},{"damage":0,"enemies":"Lagavulin","floor":12,"turns":4},{"damage":16,"enemies":"Lots of Slimes","floor":13,"turns":4},{"damage":26,"enemies":"Slime Boss","floor":16,"turns":9}],"seed_played":"-8500287134339252649","potions_obtained":[{"floor":4.0,"key":"SteroidPotion"},{"floor":10,"key":"FearPotion"},{"floor":11,"key":"Swift Potion"}],"is_trial":false,"path_per_floor":["M","?","$","M","M","R","E","R","T","E","M","E","M","?","R","B"],"character_chosen":"THE_SILENT","items_purchased":["Well Laid Plans","Tactician"],"campfire_rested":1,"item_purchase_floors":[3,3],"current_hp_per_floor":[68,68,68,64,64,64,44,44,44,25,20,20,4,4,25,0],"gold":160,"neow_bonus":"RANDOM_COMMON_RELIC","is_prod":false,"is_daily":false,"chose_seed":false,"campfire_upgraded":2,"win_rate":0,"timestamp":1559711676,"path_taken":["M","?","$","?","M","R","E","R","T","E","M","E","M","?","R","BOSS"],"build_version":"2019-01-23","purchased_purges":0,"victory":false,"max_hp_per_floor":[70,70,70,70,70,70,70,70,70,70,70,70,70,70,70,70],"card_choices":[{"not_picked":["Sucker Punch","Catalyst"],"picked":"Expertise","floor":1.0},{"not_picked":["Dodge and Roll","PiercingWail"],"picked":"Flechettes","floor":4.0},{"not_picked":["Eviscerate","Cloak And Dagger"],"picked":"Leg Sweep","floor":5.0},{"not_picked":["Cloak And Dagger","Backflip"],"picked":"Skewer","floor":7},{"not_picked":["PiercingWail","Cloak And Dagger"],"picked":"Prepared","floor":10},{"not_picked":["Slice","Infinite Blades"],"picked":"Outmaneuver","floor":11},{"not_picked":["Slice","Poisoned Stab","Cloak And Dagger"],"picked":"SKIP","floor":12},{"not_picked":["Backstab+1","Flying Knee+1"],"picked":"Blur","floor":13}],"player_experience":527912,"relics_obtained":[{"floor":7,"key":"Pocketwatch"},{"floor":9,"key":"Gremlin Horn"},{"floor":10,"key":"PreservedInsect"},{"floor":12,"key":"Molten Egg 2"}],"event_choices":[{"damage_healed":0.0,"max_hp_gain":0.0,"max_hp_loss":0.0,"gold_gain":0.0,"event_name":"FaceTrader","player_choice":"Trade","floor":2.0,"gold_loss":0.0,"damage_taken":0.0,"relics_obtained":["GremlinMask"]},{"damage_healed":0,"gold_gain":0,"player_choice":"Upgraded","damage_taken":0,"max_hp_gain":0,"max_hp_loss":0,"event_name":"Upgrade Shrine","floor":14,"gold_loss":0,"cards_upgraded":["Outmaneuver"]}],"is_beta":false,"boss_relics":[],"items_purged_floors":[],"is_endless":false,"potions_floor_spawned":[4,10,11],"killed_by":"Slime Boss","ascension_level":2}