{"gold_per_floor":[112,112,112,37,56,89,103,103,103,27,68,68,143,156,156,275,275,295,295,52,65,91,91,125,125,150,169,204,224,60,0,0,103,103,120,133,133,144,144],"floor_reached":39,"playtime":2613,"items_purged":["Defend_B","Strike_B"],"score":477,"play_id":"eb5d4495-c533-44ac-a0e0-e372d39d4e6f","local_time":"20190809161350","is_ascension_mode":false,"campfire_choices":[{"floor":8.0,"key":"REST"},{"data":"Electrodynamics","floor":12.0,"key":"SMITH"},{"floor":15.0,"key":"REST"},{"floor":23.0,"key":"RECALL"},{"data":"Streamline","floor":25.0,"key":"SMITH"},{"data":"Apotheosis","floor":32.0,"key":"SMITH"}],"neow_cost":"NONE","seed_source_timestamp":0,"circlet_count":0,"master_deck":["Zap","Dualcast","FTL","Streamline+1","Hologram","BootSequence","Lockon","Gash","Coolheaded","Electrodynamics+1","Darkness","Melter","Redo+1","Defragment+1","Redo+1","Static Discharge","Apotheosis+1","Creative AI","Rebound","Hologram","Fusion","Buffer","Double Energy","Conserve Battery","Gash","Enlightenment","Master of Strategy","Panache","Cold Snap"],"special_seed":0,"relics":["Cracked Core","Anchor","Bloody Idol","Vajra","Pantograph","Ice Cream","Dream Catcher","Nuclear Battery","Regal Pillow","Dodecahedron","Orichalcum","Boot","Pandora\u0027s Box"],"potions_floor_usage":[38,39],"damage_taken":[{"damage":7.0,"enemies":"2 Louse","floor":1.0,"turns":3.0},{"damage":0.0,"enemies":"Jaw Worm","floor":5.0,"turns":3.0},{"damage":30.0,"enemies":"Lagavulin","floor":6.0,"turns":5.0},{"damage":0.0,"enemies":"Small Slimes","floor":7.0,"turns":3.0},{"damage":9.0,"enemies":"3 Sentries","floor":11.0,"turns":6.0},{"damage":2.0,"enemies":"3 Sentries","floor":13.0,"turns":5.0},{"damage":0.0,"enemies":"2 Fungi Beasts","floor":14.0,"turns":2.0},{"damage":0.0,"enemies":"Slime Boss","floor":16.0,"turns":5.0},{"damage":0.0,"enemies":"Spheric Guardian","floor":18.0,"turns":1.0},{"damage":10.0,"enemies":"Shell Parasite","floor":21.0,"turns":3.0},{"damage":7.0,"enemies":"Slavers","floor":24.0,"turns":3.0},{"damage":0.0,"enemies":"Shelled Parasite and Fungi","floor":27.0,"turns":2.0},{"damage":13.0,"enemies":"Gremlin Leader","floor":28.0,"turns":6.0},{"damage":7.0,"enemies":"3 Cultists","floor":29.0,"turns":3.0},{"damage":43.0,"enemies":"Automaton","floor":33.0,"turns":7.0},{"damage":20,"enemies":"Orb Walker","floor":35,"turns":4},{"damage":26,"enemies":"3 Darklings","floor":36,"turns":3},{"damage":24,"enemies":"Jaw Worm Horde","floor":38,"turns":4},{"damage":13,"enemies":"2 Orb Walkers","floor":39,"turns":2}],"seed_played":"2625882309518660924","potions_obtained":[{"floor":6.0,"key":"Regen Potion"},{"floor":11.0,"key":"Fire Potion"},{"floor":13.0,"key":"AttackPotion"},{"floor":14.0,"key":"SkillPotion"},{"floor":21.0,"key":"LiquidBronze"}],"is_trial":false,"path_per_floor":["M","?","?","$","M","E","M","R","T","$","E","R","?","M","R","B",null,"M","?","$","M","T","R","E","R","T","M","E","M","$","?","R","B",null,"M","M","?","M","?"],"character_chosen":"DEFECT","items_purchased":["Gash","Coolheaded","Regal Pillow","Apotheosis"],"campfire_rested":2,"item_purchase_floors":[10,10,20,30],"current_hp_per_floor":[68,50,32,32,32,2,11,33,33,33,24,24,22,22,44,69,75,75,75,75,70,75,75,73,73,75,75,67,65,65,65,65,37,75,60,39,29,10,0],"gold":144,"neow_bonus":"TRANSFORM_CARD","is_prod":false,"is_daily":false,"chose_seed":false,"campfire_upgraded":3,"win_rate":0,"timestamp":1565360030,"path_taken":["M","?","?","$","M","E","M","R","T","?","E","R","?","M","R","BOSS","M","?","$","M","?","R","E","R","T","M","E","M","$","?","R","BOSS","M","M","?","M","?"],"build_version":"2019-07-17","purchased_purges":2,"victory":false,"max_hp_per_floor":[75,75,75,75,75,75,75,75,75,75,75,75,75,75,75,75,75,75,75,75,75,75,75,75,75,75,75,75,75,75,75,75,75,75,75,75,75,75,75],"card_choices":[{"not_picked":["Beam Cell","Stack"],"picked":"Streamline","floor":1.0},{"not_picked":["Genetic Algorithm","Sweeping Beam"],"picked":"Hologram","floor":5.0},{"not_picked":["Streamline","Fusion"],"picked":"BootSequence","floor":6.0},{"not_picked":["Turbo","Streamline"],"picked":"Lockon","floor":7.0},{"not_picked":["Beam Cell","Rip and Tear"],"picked":"Electrodynamics","floor":11.0},{"not_picked":["Steam","Chaos"],"picked":"Darkness","floor":13.0},{"not_picked":["Steam","Fusion","Beam Cell"],"picked":"SKIP","floor":14.0},{"not_picked":["Compile Driver","Genetic Algorithm"],"picked":"Melter","floor":15.0},{"not_picked":["Coolheaded","Melter"],"picked":"Redo+1","floor":18.0},{"not_picked":["Sweeping Beam","Streamline"],"picked":"Defragment+1","floor":21.0},{"not_picked":["Blizzard","Recycle+1"],"picked":"Redo+1","floor":24.0},{"not_picked":["Double Energy","Reinforced Body","Lockon"],"picked":"SKIP","floor":27.0},{"not_picked":["Fission","Conserve Battery"],"picked":"Static Discharge","floor":28.0},{"not_picked":["Steam+1","Sweeping Beam","Hologram"],"picked":"SKIP","floor":29.0},{"not_picked":["Fission","Electrodynamics"],"picked":"Creative AI","floor":33.0},{"not_picked":["Sweeping Beam","Barrage+1"],"picked":"Conserve Battery","floor":35},{"not_picked":["Ball Lightning","Compile Driver"],"picked":"Gash","floor":36},{"not_picked":["Dramatic Entrance","Mind Blast"],"picked":"Enlightenment","floor":37},{"not_picked":["Jack Of All Trades","Secret Technique"],"picked":"Master of Strategy","floor":37},{"not_picked":["Mayhem","Swift Strike"],"picked":"Panache","floor":37},{"not_picked":["Compile Driver","Sweeping Beam+1"],"picked":"Cold Snap","floor":38}],"player_experience":205071,"relics_obtained":[{"floor":6.0,"key":"Vajra"},{"floor":9.0,"key":"Pantograph"},{"floor":11.0,"key":"Ice Cream"},{"floor":13.0,"key":"Dream Catcher"},{"floor":24.0,"key":"Dodecahedron"},{"floor":26.0,"key":"Orichalcum"},{"floor":28.0,"key":"Boot"}],"event_choices":[{"damage_healed":0.0,"max_hp_gain":0.0,"max_hp_loss":0.0,"gold_gain":0.0,"event_name":"Scrap Ooze","player_choice":"Success","floor":2.0,"gold_loss":0.0,"damage_taken":18.0,"relics_obtained":["Anchor"]},{"damage_healed":0.0,"max_hp_gain":0.0,"max_hp_loss":0.0,"gold_gain":0.0,"event_name":"Golden Idol","player_choice":"Take Damage","floor":3.0,"gold_loss":0.0,"damage_taken":18.0,"relics_obtained":["Golden Idol"]},{"damage_healed":0.0,"max_hp_gain":0.0,"max_hp_loss":0.0,"gold_gain":0.0,"event_name":"Dead Adventurer","player_choice":"Searched \u00271\u0027 times","floor":13.0,"gold_loss":0.0,"damage_taken":0.0},{"damage_healed":0.0,"max_hp_gain":0.0,"max_hp_loss":0.0,"gold_gain":0.0,"event_name":"Forgotten Altar","player_choice":"Gave Idol","floor":19.0,"relics_lost":["Golden Idol"],"gold_loss":0.0,"damage_taken":0.0,"relics_obtained":["Bloody Idol"]},{"damage_healed":0.0,"max_hp_gain":0.0,"max_hp_loss":0.0,"gold_gain":0.0,"event_name":"Masked Bandits","player_choice":"Paid Fearfully","floor":31.0,"gold_loss":60.0,"damage_taken":0.0},{"damage_healed":0,"gold_gain":0,"player_choice":"Memory 3","damage_taken":10,"max_hp_gain":0,"max_hp_loss":0,"event_name":"SensoryStone","floor":37,"gold_loss":0},{"damage_healed":0,"gold_gain":0,"player_choice":"Fight","damage_taken":0,"max_hp_gain":0,"max_hp_loss":0,"event_name":"Mysterious Sphere","floor":39,"gold_loss":0}],"is_beta":false,"boss_relics":[{"not_picked":["Black Star","Lizard Tail"],"picked":"Nuclear Battery"},{"not_picked":["Orrery","Velvet Choker"],"picked":"Pandora\u0027s Box"}],"items_purged_floors":[4,20],"is_endless":false,"potions_floor_spawned":[6,11,13,14,21,24],"killed_by":"2 Orb Walkers","ascension_level":0}