{"gold_per_floor":[114,131,56,67,67,67,77,111,136,155,155,155],"floor_reached":12,"playtime":1071,"items_purged":["Strike_B"],"score":84,"play_id":"35a1667b-baea-4383-b3fd-0d47fe9258e6","local_time":"20190319085147","is_ascension_mode":true,"campfire_choices":[{"data":"Redo","floor":6,"key":"SMITH"}],"neow_cost":"NONE","seed_source_timestamp":433209491611100,"circlet_count":0,"master_deck":["Strike_B","Strike_B","Strike_B","Defend_B","Defend_B","Defend_B","Zap","Dualcast","Coolheaded","Redo+1","Go for the Eyes","Redo","FTL","Biased Cognition"],"relics":["Cracked Core","Strawberry"],"potions_floor_usage":[],"damage_taken":[{"damage":1,"enemies":"Jaw Worm","floor":1,"turns":4},{"damage":2,"enemies":"2 Louse","floor":2,"turns":3},{"damage":0,"enemies":"Small Slimes","floor":4,"turns":3},{"damage":7,"enemies":"Looter","floor":7,"turns":2},{"damage":57,"enemies":"Gremlin Nob","floor":8,"turns":6},{"damage":14,"enemies":"Exordium Wildlife","floor":10,"turns":5},{"damage":4,"enemies":"3 Sentries","floor":12,"turns":1}],"seed_played":"-2844770856847159395","potions_obtained":[{"floor":8,"key":"LiquidBronze"}],"is_trial":false,"path_per_floor":["M","M","$","M","?","R","M","E","T","M","?","E"],"character_chosen":"DEFECT","items_purchased":[],"campfire_rested":0,"item_purchase_floors":[],"current_hp_per_floor":[81,79,79,79,79,79,72,22,22,8,1,0],"gold":155,"neow_bonus":"TEN_PERCENT_HP_BONUS","is_prod":false,"is_daily":false,"chose_seed":false,"campfire_upgraded":1,"win_rate":0,"timestamp":1553010707,"path_taken":["M","M","$","M","?","R","M","E","T","M","?","E"],"build_version":"2019-01-23","purchased_purges":1,"victory":false,"max_hp_per_floor":[82,82,82,82,82,82,82,89,89,89,89,89],"card_choices":[{"not_picked":["Double Energy","Fusion"],"picked":"Coolheaded","floor":1},{"not_picked":["Go for the Eyes","Rebound"],"picked":"Redo","floor":2},{"not_picked":["Reboot","Auto Shields"],"picked":"Go for the Eyes","floor":4},{"not_picked":["Beam Cell","Streamline"],"picked":"Redo","floor":7},{"not_picked":["Beam Cell","Go for the Eyes"],"picked":"FTL","floor":8},{"not_picked":["White Noise","Cold Snap"],"picked":"Biased Cognition","floor":10}],"player_experience":331472,"relics_obtained":[{"floor":8,"key":"Strawberry"}],"event_choices":[{"damage_healed":0,"gold_gain":0,"player_choice":"Ignored","damage_taken":0,"max_hp_gain":0,"max_hp_loss":0,"event_name":"Liars Game","floor":5,"gold_loss":0},{"cards_removed":["Defend_B"],"damage_healed":0,"gold_gain":0,"player_choice":"Card Removal","damage_taken":7,"max_hp_gain":0,"max_hp_loss":0,"event_name":"Golden Wing","floor":11,"gold_loss":0}],"is_beta":false,"boss_relics":[],"items_purged_floors":[3],"is_endless":false,"potions_floor_spawned":[8],"killed_by":"3 Sentries","ascension_level":1}