{"gold_per_floor":[119,44,44,44,58,91,91,44,44,60,76,76,76,76,76,76],"floor_reached":16,"playtime":570,"items_purged":["Strike_B"],"score":135,"play_id":"53f797b2-116d-4224-9fc8-d604b958b8ea","local_time":"20190110114901","is_ascension_mode":true,"campfire_choices":[{"data":"Redo","floor":7,"key":"SMITH"},{"floor":15,"key":"REST"}],"neow_cost":"NONE","seed_source_timestamp":454187568528348,"circlet_count":0,"master_deck":["Strike_B","Defend_B","Defend_B+1","Defend_B+1","Defend_B+1","Zap","Dualcast+1","Redo+1","Go for the Eyes","Cold Snap","Coolheaded","Glacier+1","Leap+1","Recycle+1"],"relics":["Cracked Core","NeowsBlessing","Orichalcum","FaceOfCleric","War Paint","Toxic Egg 2"],"potions_floor_usage":[],"damage_taken":[{"damage":0,"enemies":"Small Slimes","floor":1,"turns":1},{"damage":0,"enemies":"Jaw Worm","floor":5,"turns":1},{"damage":0,"enemies":"3 Sentries","floor":6,"turns":1},{"damage":0,"enemies":"Cultist","floor":10,"turns":3},{"damage":3,"enemies":"Looter","floor":11,"turns":2},{"damage":31,"enemies":"Slime Boss","floor":16,"turns":16}],"seed_played":"1178570988655639752","potions_obtained":[{"floor":5,"key":"Energy Potion"},{"floor":6,"key":"SteroidPotion"},{"floor":10,"key":"Energy Potion"}],"is_trial":false,"path_per_floor":["M","$","?","?","M","E","R","$","T","M","M","?","?","?","R","B"],"character_chosen":"DEFECT","items_purchased":["Coolheaded"],"campfire_rested":1,"item_purchase_floors":[8],"current_hp_per_floor":[75,75,68,68,69,70,70,70,70,71,69,62,46,46,69,38],"gold":76,"neow_bonus":"THREE_ENEMY_KILL","is_prod":false,"is_daily":false,"chose_seed":false,"campfire_upgraded":1,"win_rate":0,"timestamp":1547081341,"path_taken":["M","$","?","?","M","E","R","$","T","M","?","?","?","?","R","BOSS"],"build_version":"2019-01-03v4","purchased_purges":1,"victory":false,"max_hp_per_floor":[75,75,75,75,76,77,77,77,77,78,79,79,79,79,79,79],"card_choices":[{"not_picked":["Steam","Stack"],"picked":"Redo","floor":1},{"not_picked":["Skim","Tempest"],"picked":"Go for the Eyes","floor":5},{"not_picked":["Ball Lightning","Doom and Gloom"],"picked":"Cold Snap","floor":6},{"not_picked":["Sweeping Beam","Skim+1"],"picked":"Glacier+1","floor":10},{"not_picked":["Gash","Go for the Eyes"],"picked":"Leap+1","floor":11}],"player_experience":411334,"relics_obtained":[{"floor":6,"key":"War Paint"},{"floor":9,"key":"Toxic Egg 2"}],"event_choices":[{"damage_healed":0,"gold_gain":0,"player_choice":"Success","damage_taken":7,"relics_obtained":["Orichalcum"],"max_hp_gain":0,"max_hp_loss":0,"event_name":"Scrap Ooze","floor":3,"gold_loss":0},{"damage_healed":0,"gold_gain":0,"player_choice":"Trade","damage_taken":0,"relics_obtained":["FaceOfCleric"],"max_hp_gain":0,"max_hp_loss":0,"event_name":"FaceTrader","floor":4,"gold_loss":0},{"cards_removed":["Strike_B"],"damage_healed":0,"gold_gain":0,"player_choice":"Card Removal","damage_taken":7,"max_hp_gain":0,"max_hp_loss":0,"event_name":"Golden Wing","floor":12,"gold_loss":0},{"damage_healed":0,"gold_gain":0,"player_choice":"Entered Light","damage_taken":16,"max_hp_gain":0,"max_hp_loss":0,"event_name":"Shining Light","floor":13,"gold_loss":0,"cards_upgraded":["Defend_B","Defend_B"]},{"damage_healed":0,"gold_gain":0,"cards_transformed":["Strike_B"],"player_choice":"Change","damage_taken":0,"max_hp_gain":0,"max_hp_loss":0,"event_name":"Living Wall","floor":14,"gold_loss":0,"cards_obtained":["Recycle"]}],"is_beta":false,"boss_relics":[],"items_purged_floors":[2],"is_endless":false,"potions_floor_spawned":[5,6,10],"killed_by":"Slime Boss","ascension_level":2}