{"gold_per_floor":[118,2,17,17,30,30,57,57,57,57,88,118,173,201,201,277,277,291,10,60,60],"floor_reached":21,"playtime":1051,"items_purged":["Normality"],"score":357,"play_id":"92305477-82b8-4b8e-b32e-104fd5fa60cc","local_time":"20190301225014","is_ascension_mode":true,"campfire_choices":[{"data":"Anger","floor":6,"key":"SMITH"},{"floor":8,"key":"REST"},{"floor":15,"key":"REST"}],"neow_cost":"CURSE","seed_source_timestamp":628072659948298,"circlet_count":0,"master_deck":["AscendersBane","Bash","Shrug It Off","Uppercut","Shockwave","Anger+1","Entrench","Iron Wave","Evolve","Cleave","Barricade","Juggernaut","Fire Breathing","Warcry","Inflame","Power Through","Havoc","Limit Break","Cleave","Ghostly Armor"],"relics":["Burning Blood","Unceasing Top","WingedGreaves","Whetstone","Odd Mushroom","Juzu Bracelet","Shuriken","Pandora\u0027s Box","Bottled Tornado"],"potions_floor_usage":[5,12,14],"damage_taken":[{"damage":14,"enemies":"Jaw Worm","floor":1,"turns":4},{"damage":14,"enemies":"2 Louse","floor":3,"turns":3},{"damage":1,"enemies":"Small Slimes","floor":5,"turns":3},{"damage":20,"enemies":"Lagavulin","floor":7,"turns":6},{"damage":29,"enemies":"3 Sentries","floor":11,"turns":10},{"damage":14,"enemies":"The Mushroom Lair","floor":12,"turns":5},{"damage":12,"enemies":"Lagavulin","floor":14,"turns":6},{"damage":58,"enemies":"Hexaghost","floor":16,"turns":11},{"damage":61,"enemies":"Shell Parasite","floor":18,"turns":9},{"damage":21,"enemies":"Colosseum Slavers","floor":21,"turns":3}],"seed_played":"-7925957529551804794","potions_obtained":[{"floor":1,"key":"GamblersBrew"},{"floor":3,"key":"Block Potion"},{"floor":11,"key":"Energy Potion"},{"floor":12,"key":"Explosive Potion"}],"is_trial":false,"path_per_floor":["M","$","M","?","M","R","E","R","T","?","E","?","T","E","R","B",null,"M","$","?","?"],"character_chosen":"IRONCLAD","items_purchased":["Uppercut","Bottled Tornado"],"campfire_rested":2,"item_purchase_floors":[2,19],"current_hp_per_floor":[74,74,66,71,76,76,62,90,90,83,60,52,52,46,74,22,76,21,21,21,0],"gold":60,"neow_bonus":"TWENTY_PERCENT_HP_BONUS","is_prod":false,"is_daily":false,"chose_seed":false,"campfire_upgraded":1,"win_rate":0,"timestamp":1551441014,"path_taken":["M","$","M","?","M","R","E","R","T","?","E","?","?","E","R","BOSS","M","$","?","?"],"build_version":"2019-01-23","purchased_purges":1,"victory":false,"max_hp_per_floor":[89,89,89,94,94,94,94,94,94,94,94,94,94,94,94,94,94,94,94,94,94],"card_choices":[{"not_picked":["Havoc","Clothesline"],"picked":"Shrug It Off","floor":1},{"not_picked":["Searing Blow","Sword Boomerang"],"picked":"Shockwave","floor":3},{"not_picked":["Clothesline","Shrug It Off"],"picked":"Anger","floor":5},{"not_picked":["Cleave","Whirlwind"],"picked":"Entrench","floor":7},{"not_picked":["Exhume","Searing Blow"],"picked":"Iron Wave","floor":11},{"not_picked":["Sword Boomerang","Anger"],"picked":"Evolve","floor":12},{"not_picked":["Blood for Blood","Sword Boomerang"],"picked":"Cleave","floor":14},{"not_picked":["Bludgeon","Double Tap"],"picked":"Barricade","floor":16},{"not_picked":["Fire Breathing","Headbutt"],"picked":"Ghostly Armor","floor":18}],"player_experience":791715,"relics_obtained":[{"floor":7,"key":"Unceasing Top"},{"floor":9,"key":"WingedGreaves"},{"floor":11,"key":"Whetstone"},{"floor":12,"key":"Odd Mushroom"},{"floor":13,"key":"Juzu Bracelet"},{"floor":14,"key":"Shuriken"}],"event_choices":[{"damage_healed":0,"gold_gain":0,"player_choice":"Donut","damage_taken":0,"max_hp_gain":5,"max_hp_loss":0,"event_name":"Big Fish","floor":4,"gold_loss":0},{"cards_removed":["Strike_R"],"damage_healed":0,"gold_gain":0,"player_choice":"Card Removal","damage_taken":7,"max_hp_gain":0,"max_hp_loss":0,"event_name":"Golden Wing","floor":10,"gold_loss":0},{"damage_healed":0,"gold_gain":0,"player_choice":"Fought Mushrooms","damage_taken":0,"max_hp_gain":0,"max_hp_loss":0,"event_name":"Mushrooms","floor":12,"gold_loss":0},{"damage_healed":0,"gold_gain":50,"player_choice":"Stole From Cult","damage_taken":0,"max_hp_gain":0,"max_hp_loss":0,"event_name":"Nest","floor":20,"gold_loss":0},{"damage_healed":0,"gold_gain":0,"player_choice":"Fight","damage_taken":0,"max_hp_gain":0,"max_hp_loss":0,"event_name":"Colosseum","floor":21,"gold_loss":0}],"is_beta":false,"boss_relics":[{"not_picked":["Philosopher\u0027s Stone","Coffee Dripper"],"picked":"Pandora\u0027s Box"}],"items_purged_floors":[2],"is_endless":false,"potions_floor_spawned":[1,3,11,12],"killed_by":"Colosseum Slavers","ascension_level":17}