{"gold_per_floor":[117,67,87,99,45,45,66,66,120,135,163,40,40,40,40,135,135,150,249,249,249,260,260,289,35,35,52,87,87,120,137,137,234,234,247,247,264,33,49,49],"floor_reached":40,"playtime":2692,"items_purged":["Strike_B","Strike_B"],"score":553,"play_id":"f62f007e-6e32-4ed1-89fa-f7c27f9de4ac","local_time":"20190804130925","is_ascension_mode":true,"campfire_choices":[{"data":"Defragment","floor":6,"key":"SMITH"},{"data":"Zap","floor":8,"key":"SMITH"},{"data":"Dualcast","floor":13,"key":"SMITH"},{"data":"Capacitor","floor":15,"key":"SMITH"},{"floor":23,"key":"REST"},{"floor":32,"key":"REST"}],"neow_cost":"NONE","seed_source_timestamp":2129448147791900,"circlet_count":0,"master_deck":["Defend_B+1","Defend_B","Defend_B","Defend_B","Zap+1","Dualcast+1","Ball Lightning","Capacitor+1","Defragment+1","Cold Snap","BootSequence","Compile Driver+1","Compile Driver","Conserve Battery","Core Surge","Ball Lightning+1","Steam+1","Conserve Battery+1","Consume+1","Lockon","Barrage","Chaos+1","Seek+1","Self Repair+1","Biased Cognition","Redo+1","Leap+1","Capacitor","Coolheaded+1"],"relics":["Cracked Core","Odd Mushroom","Potion Belt","Blue Candle","Inserter","Toxic Egg 2","Art of War","Emotion Chip","Omamori","Question Card","Bronze Scales","Lizard Tail","Regal Pillow"],"potions_floor_usage":[7,24,24,28,33,33,37,40],"damage_taken":[{"damage":0,"enemies":"2 Louse","floor":1,"turns":2},{"damage":6,"enemies":"Small Slimes","floor":3,"turns":4},{"damage":2,"enemies":"Jaw Worm","floor":4,"turns":3},{"damage":0,"enemies":"The Mushroom Lair","floor":7,"turns":2},{"damage":0,"enemies":"2 Fungi Beasts","floor":10,"turns":3},{"damage":8,"enemies":"Lagavulin","floor":11,"turns":6},{"damage":20,"enemies":"Slime Boss","floor":16,"turns":8},{"damage":9,"enemies":"Shell Parasite","floor":18,"turns":4},{"damage":4,"enemies":"3 Byrds","floor":22,"turns":4},{"damage":6,"enemies":"Gremlin Leader","floor":24,"turns":7},{"damage":0,"enemies":"Centurion and Healer","floor":27,"turns":6},{"damage":8,"enemies":"Slavers","floor":28,"turns":5},{"damage":17,"enemies":"Book of Stabbing","floor":30,"turns":5},{"damage":9,"enemies":"Sentry and Sphere","floor":31,"turns":3},{"damage":32,"enemies":"Automaton","floor":33,"turns":9},{"damage":11,"enemies":"3 Shapes","floor":35,"turns":4},{"damage":49,"enemies":"3 Darklings","floor":37,"turns":7},{"damage":2,"enemies":"4 Shapes","floor":39,"turns":4},{"damage":86,"enemies":"Reptomancer","floor":40,"turns":4}],"seed_played":"9135286697134648605","potions_obtained":[{"floor":1,"key":"Fire Potion"},{"floor":3,"key":"Poison Potion"},{"floor":11,"key":"Fire Potion"},{"floor":16,"key":"SpeedPotion"},{"floor":27,"key":"EssenceOfSteel"},{"floor":30,"key":"Energy Potion"},{"floor":33,"key":"Swift Potion"},{"floor":39,"key":"Dexterity Potion"}],"is_trial":false,"path_per_floor":["M","?","M","M","$","R","?","R","T","M","E","$","R","?","R","B",null,"M","?","?","?","M","R","E","$","T","M","E","T","E","M","R","B",null,"M","?","M","$","M","E"],"character_chosen":"DEFECT","items_purchased":["Cold Snap","Conserve Battery","Consume+1","Lockon","Regal Pillow","Capacitor"],"campfire_rested":2,"item_purchase_floors":[5,12,25,25,38,38],"current_hp_per_floor":[75,75,69,67,67,67,67,67,67,67,59,59,59,44,44,24,62,53,53,39,39,35,59,53,53,53,53,45,45,28,19,43,21,65,64,64,25,25,33,0],"gold":49,"neow_bonus":"REMOVE_CARD","is_prod":false,"is_daily":false,"chose_seed":false,"campfire_upgraded":4,"win_rate":0,"timestamp":1564945765,"path_taken":["M","?","M","M","$","R","?","R","T","M","E","$","R","?","R","BOSS","M","?","?","?","M","R","E","$","T","M","E","?","E","M","R","BOSS","M","?","M","$","M","E"],"build_version":"2019-07-18","purchased_purges":2,"victory":false,"max_hp_per_floor":[75,75,75,75,75,75,75,75,75,75,75,75,75,75,75,75,75,75,75,80,80,80,80,80,80,80,80,80,80,80,80,80,80,80,80,80,80,80,80,80],"card_choices":[{"not_picked":["Undo","Aggregate"],"picked":"Ball Lightning","floor":1},{"not_picked":["Beam Cell","Go for the Eyes"],"picked":"Capacitor","floor":3},{"not_picked":["Steam","Melter"],"picked":"Defragment","floor":4},{"not_picked":["Conserve Battery","Chill"],"picked":"BootSequence","floor":7},{"not_picked":["Tempest","Rebound"],"picked":"Compile Driver","floor":10},{"not_picked":["Turbo","Blizzard"],"picked":"Compile Driver","floor":11},{"not_picked":["Multi-Cast","Creative AI"],"picked":"Core Surge","floor":16},{"not_picked":["Go for the Eyes","Stack"],"picked":"Ball Lightning+1","floor":18},{"not_picked":["Barrage","Scrape+1"],"picked":"Steam+1","floor":22},{"not_picked":["Genetic Algorithm+1","Sweeping Beam"],"picked":"Conserve Battery+1","floor":24},{"not_picked":["Creative AI","Streamline+1"],"picked":"Barrage","floor":27},{"not_picked":["Hologram+1","Rebound"],"picked":"Chaos+1","floor":28},{"not_picked":["Leap+1","FTL","Sweeping Beam"],"picked":"Seek+1","floor":30},{"not_picked":["Streamline","Force Field+1","Beam Cell"],"picked":"Self Repair+1","floor":31},{"not_picked":["Fission+1","Hyperbeam","Creative AI"],"picked":"Biased Cognition","floor":33},{"not_picked":["Sunder","Ball Lightning+1","Coolheaded+1"],"picked":"Redo+1","floor":35},{"not_picked":["Doom and Gloom+1","Self Repair","Streamline"],"picked":"Leap+1","floor":37},{"not_picked":["Redo+1","Steam+1","White Noise+1"],"picked":"Coolheaded+1","floor":39}],"player_experience":105422,"relics_obtained":[{"floor":7,"key":"Odd Mushroom"},{"floor":9,"key":"Potion Belt"},{"floor":11,"key":"Blue Candle"},{"floor":24,"key":"Art of War"},{"floor":26,"key":"Emotion Chip"},{"floor":28,"key":"Omamori"},{"floor":29,"key":"Question Card"},{"floor":30,"key":"Bronze Scales"}],"event_choices":[{"cards_removed":["Strike_B"],"damage_healed":0,"gold_gain":0,"player_choice":"Card Removal","damage_taken":0,"max_hp_gain":0,"max_hp_loss":0,"event_name":"The Cleric","floor":2,"gold_loss":50},{"damage_healed":0,"gold_gain":0,"player_choice":"Fought Mushrooms","damage_taken":0,"max_hp_gain":0,"max_hp_loss":0,"event_name":"Mushrooms","floor":7,"gold_loss":0},{"damage_healed":0,"gold_gain":0,"player_choice":"Entered Light","damage_taken":15,"max_hp_gain":0,"max_hp_loss":0,"event_name":"Shining Light","floor":14,"gold_loss":0,"cards_upgraded":["Defend_B","Compile Driver"]},{"damage_healed":0,"gold_gain":99,"player_choice":"Stole From Cult","damage_taken":0,"max_hp_gain":0,"max_hp_loss":0,"event_name":"Nest","floor":19,"gold_loss":0},{"damage_healed":0,"gold_gain":0,"player_choice":"Shed Blood","damage_taken":19,"max_hp_gain":5,"max_hp_loss":0,"event_name":"Forgotten Altar","floor":20,"gold_loss":0},{"damage_healed":0,"gold_gain":0,"player_choice":"Opened","damage_taken":0,"relics_obtained":["Toxic Egg 2"],"max_hp_gain":0,"max_hp_loss":0,"event_name":"The Mausoleum","floor":21,"gold_loss":0,"cards_obtained":["Writhe"]},{"cards_removed":["Writhe"],"damage_healed":0,"gold_gain":0,"player_choice":"Removed Curses","damage_taken":0,"max_hp_gain":0,"max_hp_loss":0,"event_name":"Fountain of Cleansing","floor":36,"gold_loss":0}],"is_beta":true,"boss_relics":[{"not_picked":["Runic Pyramid","Tiny House"],"picked":"Inserter"},{"not_picked":["Coffee Dripper","Sozu"],"picked":"Lizard Tail"}],"items_purged_floors":[12,25],"is_endless":false,"potions_floor_spawned":[1,3,11,16,27,30,33,39],"killed_by":"Reptomancer","ascension_level":5}