{"gold_per_floor":[115,26,26,101,118,145,159,159,159,188,188,188,202,217,217,217],"floor_reached":16,"playtime":360,"items_purged":[],"score":270,"play_id":"333ffe19-f900-4ff4-b8eb-885547b94c5c","local_time":"20190505002535","is_ascension_mode":true,"campfire_choices":[{"data":"Flex","floor":8,"key":"SMITH"},{"data":"Carnage","floor":12,"key":"SMITH"},{"data":"Shockwave","floor":15,"key":"SMITH"}],"neow_cost":"NONE","seed_source_timestamp":1090621370091278,"circlet_count":0,"master_deck":["AscendersBane","Strike_R","Strike_R","Strike_R","Strike_R","Defend_R","Defend_R","Defend_R","Defend_R","Bash","Flex+1","Carnage+1","Cleave","Shrug It Off","Heavy Blade","Shockwave+1"],"relics":["Burning Blood","NeowsBlessing","Gremlin Horn","Bag of Preparation","Matryoshka"],"potions_floor_usage":[16],"damage_taken":[{"damage":0,"enemies":"Small Slimes","floor":1,"turns":1},{"damage":0,"enemies":"2 Louse","floor":5,"turns":1},{"damage":0,"enemies":"3 Sentries","floor":6,"turns":1},{"damage":6,"enemies":"Jaw Worm","floor":7,"turns":3},{"damage":22,"enemies":"Lagavulin","floor":10,"turns":5},{"damage":35,"enemies":"Exordium Thugs","floor":13,"turns":3},{"damage":25,"enemies":"Exordium Wildlife","floor":14,"turns":6},{"damage":13,"enemies":"Hexaghost","floor":16,"turns":9}],"seed_played":"1074923730014158127","potions_obtained":[{"floor":5,"key":"Poison Potion"},{"floor":6,"key":"SkillPotion"},{"floor":7,"key":"LiquidBronze"}],"is_trial":false,"path_per_floor":["M","$","?","?","M","E","M","R","T","E","?","R","M","M","R","B"],"character_chosen":"IRONCLAD","items_purchased":["Carnage"],"campfire_rested":0,"item_purchase_floors":[2],"current_hp_per_floor":[74,74,74,63,69,75,75,75,75,59,64,64,35,16,16,3],"gold":217,"neow_bonus":"THREE_ENEMY_KILL","is_prod":false,"is_daily":false,"chose_seed":false,"campfire_upgraded":3,"win_rate":0,"timestamp":1556987135,"path_taken":["M","$","?","?","M","E","M","R","T","E","?","R","M","M","R","BOSS"],"build_version":"2019-01-23","purchased_purges":0,"victory":false,"max_hp_per_floor":[75,75,75,75,75,75,75,75,75,75,80,80,80,80,80,80],"card_choices":[{"not_picked":["Body Slam","Whirlwind"],"picked":"Flex","floor":1},{"not_picked":["Seeing Red","Twin Strike","Whirlwind"],"picked":"SKIP","floor":5},{"not_picked":["True Grit","Body Slam"],"picked":"Shrug It Off","floor":6},{"not_picked":["Rupture","Warcry","Metallicize"],"picked":"SKIP","floor":7},{"not_picked":["Sentinel","Ghostly Armor","Cleave"],"picked":"SKIP","floor":10},{"not_picked":["Wild Strike","Seeing Red"],"picked":"Heavy Blade","floor":13},{"not_picked":["Uppercut","Flame Barrier"],"picked":"Shockwave","floor":14}],"player_experience":819731,"relics_obtained":[{"floor":6,"key":"Gremlin Horn"},{"floor":9,"key":"Bag of Preparation"},{"floor":10,"key":"Matryoshka"}],"event_choices":[{"damage_healed":0,"gold_gain":0,"cards_transformed":["Strike_R"],"player_choice":"Change","damage_taken":0,"max_hp_gain":0,"max_hp_loss":0,"event_name":"Living Wall","floor":3,"gold_loss":0,"cards_obtained":["Cleave"]},{"damage_healed":0,"gold_gain":75,"player_choice":"Gather Gold","damage_taken":11,"max_hp_gain":0,"max_hp_loss":0,"event_name":"World of Goop","floor":4,"gold_loss":0},{"damage_healed":0,"gold_gain":0,"player_choice":"Donut","damage_taken":0,"max_hp_gain":5,"max_hp_loss":0,"event_name":"Big Fish","floor":11,"gold_loss":0}],"is_beta":false,"boss_relics":[],"items_purged_floors":[],"is_endless":false,"potions_floor_spawned":[5,6,7,14],"killed_by":"Hexaghost","ascension_level":20}