{"gold_per_floor":[117,20,20,36,111,111,146,146,146,166,196,206,241,241,241,345,345,364,377,277,292,41,74,74,104,130,143,168,168,180,9,9,109,109,119,174,174,174,274,300,320,320,402,427,427,442,129,141,141,141],"floor_reached":51,"playtime":2733,"items_purged":["Decay","Defend_R","Defend_R"],"score":1087,"play_id":"49783020-e62b-48cb-87c2-d3418260117d","local_time":"20190805083549","is_ascension_mode":true,"campfire_choices":[{"data":"Perfected Strike","floor":6,"key":"SMITH"},{"data":"Armaments","floor":8,"key":"SMITH"},{"data":"Perfected Strike","floor":15,"key":"SMITH"},{"data":"Perfected Strike","floor":24,"key":"SMITH"},{"data":"Flame Barrier","floor":32,"key":"SMITH"},{"data":"Defend_R","floor":42,"key":"PURGE"},{"floor":49,"key":"REST"}],"neow_cost":"CURSE","seed_source_timestamp":2199384113403500,"circlet_count":0,"master_deck":["Strike_R","Strike_R","Strike_R","Strike_R+1","Strike_R","Perfected Strike+1","Armaments+1","Uppercut","Pommel Strike","Pommel Strike","Perfected Strike+1","Iron Wave","Perfected Strike+1","Feed","Offering","Shrug It Off+1","Bandage Up","Battle Trance+1","Shrug It Off","Warcry+1","Flame Barrier+1","Shrug It Off","Juggernaut","Corruption+1","Perfected Strike","Madness","Madness","Intimidate+1","Pommel Strike+1","Perfected Strike","Metamorphosis","Swift Strike","Perfected Strike+1"],"relics":["Burning Blood","Charon\u0027s Ashes","Ancient Tea Set","Meat on the Bone","Whetstone","Shuriken","Blue Candle","Runic Dome","Centennial Puzzle","Turnip","Darkstone Periapt","Bag of Preparation","Pantograph","Lizard Tail","Peace Pipe","Incense Burner","Question Card","Bottled Tornado","Happy Flower"],"potions_floor_usage":[23,23,40,44,44,50,50],"damage_taken":[{"damage":11,"enemies":"Jaw Worm","floor":1,"turns":3},{"damage":0,"enemies":"Small Slimes","floor":4,"turns":3},{"damage":15,"enemies":"Lagavulin","floor":7,"turns":5},{"damage":0,"enemies":"Cultist","floor":10,"turns":1},{"damage":16,"enemies":"Gremlin Nob","floor":11,"turns":3},{"damage":11,"enemies":"Looter","floor":12,"turns":2},{"damage":15,"enemies":"3 Sentries","floor":13,"turns":5},{"damage":34,"enemies":"Hexaghost","floor":16,"turns":8},{"damage":6,"enemies":"Shell Parasite","floor":18,"turns":1},{"damage":2,"enemies":"Chosen","floor":19,"turns":4},{"damage":4,"enemies":"3 Cultists","floor":21,"turns":5},{"damage":22,"enemies":"Slavers","floor":23,"turns":4},{"damage":9,"enemies":"Book of Stabbing","floor":25,"turns":2},{"damage":8,"enemies":"Snake Plant","floor":27,"turns":2},{"damage":18,"enemies":"Slavers","floor":28,"turns":4},{"damage":0,"enemies":"Snecko","floor":30,"turns":2},{"damage":53,"enemies":"Collector","floor":33,"turns":7},{"damage":5,"enemies":"3 Shapes","floor":35,"turns":4},{"damage":17,"enemies":"2 Orb Walkers","floor":36,"turns":3},{"damage":32,"enemies":"Mind Bloom Boss Battle","floor":39,"turns":4},{"damage":52,"enemies":"Reptomancer","floor":40,"turns":6},{"damage":3,"enemies":"Orb Walker","floor":41,"turns":3},{"damage":41,"enemies":"Nemesis","floor":44,"turns":5},{"damage":22,"enemies":"Maw","floor":46,"turns":5},{"damage":13,"enemies":"Writhing Mass","floor":48,"turns":2},{"damage":115,"enemies":"Donu and Deca","floor":50,"turns":8}],"seed_played":"3550591330319740840","potions_obtained":[{"floor":1,"key":"Ancient Potion"},{"floor":4,"key":"Dexterity Potion"},{"floor":11,"key":"Weak Potion"},{"floor":13,"key":"Regen Potion"},{"floor":21,"key":"Block Potion"},{"floor":23,"key":"Energy Potion"},{"floor":25,"key":"SteroidPotion"},{"floor":33,"key":"Regen Potion"},{"floor":36,"key":"Regen Potion"},{"floor":41,"key":"FearPotion"},{"floor":44,"key":"Fruit Juice"}],"is_trial":false,"path_per_floor":["M","$","?","M","?","R","E","R","T","M","E","M","E","?","R","B",null,"M","M","$","M","$","E","R","E","T","M","E","?","M","$","R","B",null,"M","?","?","?","?","E","M","R","T","E","?","M","$","M","R","B",null],"character_chosen":"IRONCLAD","items_purchased":["Armaments","Bandage Up","Centennial Puzzle","Shrug It Off","Perfected Strike","Metamorphosis","Swift Strike"],"campfire_rested":1,"item_purchase_floors":[2,22,22,31,47,47,47],"current_hp_per_floor":[67,67,55,61,50,50,41,41,41,47,49,56,47,47,47,31,68,68,75,75,80,80,72,72,73,73,75,70,70,80,80,80,58,90,99,92,79,79,85,73,82,82,82,70,59,59,59,67,103,41],"gold":141,"neow_bonus":"ONE_RARE_RELIC","is_prod":false,"is_daily":false,"chose_seed":false,"campfire_upgraded":5,"win_rate":0,"timestamp":1565015749,"path_taken":["M","$","?","M","?","R","E","R","T","M","E","M","E","?","R","BOSS","M","?","$","M","$","E","R","E","T","M","E","?","M","?","R","BOSS","M","?","?","?","?","E","M","R","T","E","?","M","$","M","R","BOSS"],"build_version":"2019-07-18","purchased_purges":3,"victory":true,"max_hp_per_floor":[80,80,80,80,80,80,80,80,80,80,80,80,80,80,80,80,80,80,83,83,86,86,90,90,90,90,94,97,97,97,97,97,101,101,105,105,105,105,108,112,112,112,112,117,117,117,117,120,120,120],"card_choices":[{"not_picked":["Power Through","Evolve"],"picked":"Perfected Strike","floor":1},{"not_picked":["Sentinel","Clash"],"picked":"Uppercut","floor":4},{"not_picked":["Carnage","Demon Form"],"picked":"Pommel Strike","floor":7},{"not_picked":["Headbutt","Heavy Blade"],"picked":"Pommel Strike","floor":10},{"not_picked":["Blood for Blood","Headbutt"],"picked":"Perfected Strike","floor":11},{"not_picked":["Shrug It Off","Pummel"],"picked":"Iron Wave","floor":12},{"not_picked":["Inflame","Rage"],"picked":"Perfected Strike","floor":13},{"not_picked":["Brutality","Limit Break"],"picked":"Offering","floor":16},{"not_picked":["Flex","Clothesline+1"],"picked":"Shrug It Off+1","floor":18},{"not_picked":["Power Through","Wild Strike","Cleave"],"picked":"SKIP","floor":19},{"not_picked":["Blood for Blood","Cleave","Havoc"],"picked":"SKIP","floor":21},{"not_picked":["Wild Strike","Power Through+1","Heavy Blade"],"picked":"SKIP","floor":23},{"not_picked":["Flex","Infernal Blade"],"picked":"Battle Trance+1","floor":25},{"not_picked":["Feel No Pain","Berserk"],"picked":"Shrug It Off","floor":27},{"not_picked":["Shockwave+1","Sword Boomerang"],"picked":"Warcry+1","floor":28},{"not_picked":["Heavy Blade","Anger"],"picked":"Flame Barrier","floor":30},{"not_picked":["Dark Embrace","Immolate"],"picked":"Juggernaut","floor":33},{"not_picked":["Wild Strike+1","Combust"],"picked":"Corruption+1","floor":35},{"not_picked":["Warcry","True Grit+1"],"picked":"Perfected Strike","floor":36},{"not_picked":["Iron Wave","Rampage+1"],"picked":"Intimidate+1","floor":39},{"not_picked":["True Grit","Cleave+1","Wild Strike+1"],"picked":"SKIP","floor":40},{"not_picked":["Body Slam","Reckless Charge","Feed"],"picked":"Pommel Strike+1","floor":41},{"not_picked":["Thunderclap","Iron Wave","True Grit+1","Bloodletting"],"picked":"SKIP","floor":44},{"not_picked":["Body Slam","Clothesline","Dropkick","Clash+1"],"picked":"SKIP","floor":46},{"not_picked":["Shrug It Off+1","Entrench+1","Rupture+1"],"picked":"Perfected Strike+1","floor":48}],"player_experience":131358,"relics_obtained":[{"floor":7,"key":"Meat on the Bone"},{"floor":9,"key":"Whetstone"},{"floor":11,"key":"Shuriken"},{"floor":13,"key":"Blue Candle"},{"floor":23,"key":"Turnip"},{"floor":25,"key":"Darkstone Periapt"},{"floor":26,"key":"Bag of Preparation"},{"floor":28,"key":"Pantograph"},{"floor":36,"key":"Peace Pipe"},{"floor":39,"key":"Incense Burner"},{"floor":40,"key":"Question Card"},{"floor":43,"key":"Bottled Tornado"},{"floor":44,"key":"Happy Flower"}],"event_choices":[{"damage_healed":0,"gold_gain":0,"player_choice":"Success","damage_taken":12,"relics_obtained":["Ancient Tea Set"],"max_hp_gain":0,"max_hp_loss":0,"event_name":"Scrap Ooze","floor":3,"gold_loss":0},{"damage_healed":0,"gold_gain":75,"player_choice":"Gather Gold","damage_taken":11,"max_hp_gain":0,"max_hp_loss":0,"event_name":"World of Goop","floor":5,"gold_loss":0},{"damage_healed":0,"gold_gain":0,"cards_transformed":["Defend_R"],"player_choice":"Transformed","damage_taken":0,"max_hp_gain":0,"max_hp_loss":0,"event_name":"Transmorgrifier","floor":14,"gold_loss":0,"cards_obtained":["Feed"]},{"damage_healed":0,"gold_gain":0,"player_choice":"Bought 0 Potions","damage_taken":0,"max_hp_gain":0,"max_hp_loss":0,"event_name":"The Woman in Blue","floor":29,"gold_loss":0},{"damage_healed":0,"gold_gain":0,"player_choice":"Fight","damage_taken":0,"max_hp_gain":0,"max_hp_loss":0,"event_name":"Mysterious Sphere","floor":36,"gold_loss":0},{"damage_healed":0,"gold_gain":0,"player_choice":"Embrace Madness","damage_taken":13,"max_hp_gain":0,"max_hp_loss":0,"event_name":"Winding Halls","floor":37,"gold_loss":0,"cards_obtained":["Madness","Madness"]},{"cards_removed":["Bash"],"damage_healed":0,"gold_gain":0,"player_choice":"Removed Attack","damage_taken":0,"max_hp_gain":0,"max_hp_loss":0,"event_name":"Falling","floor":38,"gold_loss":0},{"damage_healed":0,"gold_gain":0,"player_choice":"Fight","damage_taken":0,"max_hp_gain":0,"max_hp_loss":0,"event_name":"MindBloom","floor":39,"gold_loss":0},{"damage_healed":0,"gold_gain":0,"player_choice":"Damaged","damage_taken":11,"max_hp_gain":0,"max_hp_loss":0,"event_name":"Wheel of Change","floor":45,"gold_loss":0}],"is_beta":true,"boss_relics":[{"not_picked":["White Beast Statue","Tiny House"],"picked":"Runic Dome"},{"not_picked":["Busted Crown","Eternal Feather"],"picked":"Lizard Tail"}],"items_purged_floors":[2,20,31],"is_endless":false,"potions_floor_spawned":[1,4,11,13,21,23,25,33,36,41,44],"ascension_level":7}