{"gold_per_floor":[114,40,53,53,53,81,81,111,181,199,199,211,211,211],"floor_reached":14,"playtime":3021,"items_purged":[],"score":118,"play_id":"26619971-aaba-4628-8579-82744e5d66cd","local_time":"20190802123900","is_ascension_mode":true,"campfire_choices":[{"floor":7.0,"key":"REST"},{"floor":11.0,"key":"REST"}],"neow_cost":"TEN_PERCENT_HP_LOSS","seed_source_timestamp":0,"circlet_count":0,"master_deck":["Strike_G","Strike_G","Strike_G","Strike_G","Strike_G","Defend_G","Defend_G","Defend_G+1","Defend_G","Defend_G","Survivor+1","Neutralize","Flash of Steel","Panacea","Footwork+1","Noxious Fumes","Concentrate","Backstab","Flying Knee"],"special_seed":0,"relics":["Ring of the Snake","Art of War","Gremlin Horn","Darkstone Periapt"],"potions_floor_usage":[],"damage_taken":[{"damage":4.0,"enemies":"Small Slimes","floor":1.0,"turns":4.0},{"damage":0.0,"enemies":"2 Louse","floor":3.0,"turns":3.0},{"damage":12.0,"enemies":"Lagavulin","floor":6.0,"turns":11.0},{"damage":48.0,"enemies":"Gremlin Nob","floor":8.0,"turns":6.0},{"damage":0.0,"enemies":"Jaw Worm","floor":10.0,"turns":4.0},{"damage":15.0,"enemies":"Lots of Slimes","floor":12.0,"turns":4.0},{"damage":9,"enemies":"Blue Slaver","floor":14,"turns":2}],"seed_played":"-2385073948693281681","potions_obtained":[{"floor":3.0,"key":"SpeedPotion"},{"floor":6.0,"key":"EssenceOfSteel"},{"floor":12,"key":"Energy Potion"}],"is_trial":false,"path_per_floor":["M","$","M","?","?","E","R","E","T","M","R","M","?","M"],"character_chosen":"THE_SILENT","items_purchased":["Noxious Fumes"],"campfire_rested":2,"item_purchase_floors":[2],"current_hp_per_floor":[59,59,59,59,46,34,52,4,4,4,22,7,7,0],"gold":211,"neow_bonus":"RANDOM_COLORLESS_2","is_prod":false,"is_daily":false,"chose_seed":false,"campfire_upgraded":0,"win_rate":0,"timestamp":1564774740,"path_taken":["M","$","M","?","?","E","R","E","T","M","R","M","?","M"],"build_version":"2019-07-17","purchased_purges":0,"victory":false,"max_hp_per_floor":[63,63,63,63,63,63,63,63,63,63,63,63,63,63],"card_choices":[{"not_picked":["Cloak And Dagger","Quick Slash"],"picked":"Footwork","floor":1.0},{"not_picked":["Deflect","PiercingWail"],"picked":"Concentrate","floor":3.0},{"not_picked":["Deadly Poison","Dagger Spray","Backflip"],"picked":"SKIP","floor":6.0},{"not_picked":["Crippling Poison","Dagger Throw"],"picked":"Backstab","floor":8.0},{"not_picked":["Choke","Quick Slash","Reflex"],"picked":"SKIP","floor":10.0},{"not_picked":["PiercingWail","Dodge and Roll"],"picked":"Flying Knee","floor":12}],"player_experience":846270,"relics_obtained":[{"floor":6.0,"key":"Art of War"},{"floor":8.0,"key":"Gremlin Horn"},{"floor":9.0,"key":"Darkstone Periapt"}],"event_choices":[{"damage_healed":0.0,"max_hp_gain":0.0,"max_hp_loss":0.0,"gold_gain":0.0,"event_name":"Golden Wing","player_choice":"Ignored","floor":4.0,"gold_loss":0.0,"damage_taken":0.0},{"damage_healed":0.0,"max_hp_gain":0.0,"max_hp_loss":0.0,"gold_gain":0.0,"event_name":"Shining Light","player_choice":"Entered Light","floor":5.0,"gold_loss":0.0,"damage_taken":13.0,"cards_upgraded":["Footwork","Defend_G"]},{"damage_healed":0,"gold_gain":0,"player_choice":"Forge","damage_taken":0,"max_hp_gain":0,"max_hp_loss":0,"event_name":"Accursed Blacksmith","floor":13,"gold_loss":0,"cards_upgraded":["Survivor"]}],"is_beta":false,"boss_relics":[],"items_purged_floors":[],"is_endless":false,"potions_floor_spawned":[3,6,12],"killed_by":"Blue Slaver","ascension_level":4}