{"gold_per_floor":[116,116,136,14,39,71,91,124,148,148,158,188,188,203,203,280,280,291,241,257,257,257],"floor_reached":22,"playtime":678,"items_purged":["Eviscerate"],"score":458,"play_id":"797cc28a-dbed-4922-bbb2-f05f602f3086","local_time":"20190623214614","is_ascension_mode":true,"campfire_choices":[{"data":"Bane","floor":13.0,"key":"SMITH"},{"data":"Neutralize","floor":15.0,"key":"SMITH"}],"neow_cost":"NONE","seed_source_timestamp":469361135012654,"circlet_count":0,"master_deck":["AscendersBane","Survivor","Neutralize+1","Poisoned Stab","Noxious Fumes","All Out Attack","Acrobatics","Calculated Gamble","Bane+1","Footwork","Adrenaline","Bullet Time","Corpse Explosion","Flechettes","Phantasmal Killer","Predator","Backstab","All Out Attack","Blade Dance"],"special_seed":0,"relics":["Ring of the Snake","NeowsBlessing","Snake Skull","Bag of Preparation","Bottled Tornado","Lantern","Smiling Mask","Pandora\u0027s Box"],"potions_floor_usage":[],"damage_taken":[{"damage":0.0,"enemies":"Small Slimes","floor":1.0,"turns":1.0},{"damage":0.0,"enemies":"Cultist","floor":3.0,"turns":1.0},{"damage":0.0,"enemies":"Gremlin Nob","floor":6.0,"turns":1.0},{"damage":5.0,"enemies":"2 Louse","floor":7.0,"turns":3.0},{"damage":19.0,"enemies":"3 Sentries","floor":8.0,"turns":7.0},{"damage":3.0,"enemies":"Blue Slaver","floor":11.0,"turns":4.0},{"damage":9.0,"enemies":"Gremlin Nob","floor":12.0,"turns":4.0},{"damage":1.0,"enemies":"Looter","floor":14.0,"turns":3.0},{"damage":18.0,"enemies":"Slime Boss","floor":16.0,"turns":7.0},{"damage":9.0,"enemies":"Chosen","floor":18.0,"turns":3.0},{"damage":2.0,"enemies":"3 Byrds","floor":20.0,"turns":2.0},{"damage":26,"enemies":"Colosseum Slavers","floor":21,"turns":3},{"damage":0,"enemies":"Cultist and Chosen","floor":22,"turns":1}],"seed_played":"5426708680869526211","potions_obtained":[{"floor":1.0,"key":"SpeedPotion"},{"floor":2.0,"key":"Poison Potion"},{"floor":14.0,"key":"FearPotion"},{"floor":16.0,"key":"PowerPotion"},{"floor":18.0,"key":"SneckoOil"},{"floor":20.0,"key":"PowerPotion"}],"is_trial":false,"path_per_floor":["M","?","M","$","T","E","M","E","T","?","M","E","R","M","R","B",null,"M","$","M","?","M"],"character_chosen":"THE_SILENT","items_purchased":["Noxious Fumes","All Out Attack"],"campfire_rested":0,"item_purchase_floors":[4,4],"current_hp_per_floor":[59,59,59,59,59,59,54,35,35,35,32,23,23,22,22,4,51,42,42,40,14,14],"gold":257,"neow_bonus":"THREE_ENEMY_KILL","is_prod":false,"is_daily":false,"chose_seed":false,"campfire_upgraded":2,"win_rate":0,"timestamp":1561297574,"path_taken":["M","?","M","$","?","E","?","E","T","?","M","E","R","M","R","BOSS","M","$","M","?","M"],"build_version":"2019-01-23","purchased_purges":1,"victory":false,"max_hp_per_floor":[66,66,66,66,66,66,66,66,66,66,66,66,66,66,66,66,66,66,66,66,66,66],"card_choices":[{"not_picked":["Eviscerate","Quick Slash","Outmaneuver"],"picked":"SKIP","floor":1.0},{"not_picked":["Setup","Dagger Throw"],"picked":"Poisoned Stab","floor":3.0},{"not_picked":["Riddle With Holes","Expertise","Wraith Form v2"],"picked":"SKIP","floor":6.0},{"not_picked":["Quick Slash","Poisoned Stab","Dagger Spray"],"picked":"SKIP","floor":7.0},{"not_picked":["Leg Sweep","Backflip"],"picked":"Acrobatics","floor":8.0},{"not_picked":["Sucker Punch","Acrobatics"],"picked":"Calculated Gamble","floor":11.0},{"not_picked":["Infinite Blades","Dagger Throw"],"picked":"Bane","floor":12.0},{"not_picked":["Deflect","Venomology"],"picked":"Footwork","floor":14.0},{"not_picked":["Unload","Storm of Steel"],"picked":"Adrenaline","floor":16.0},{"not_picked":["Prepared","Outmaneuver+1","Bane"],"picked":"SKIP","floor":18.0},{"not_picked":["Quick Slash","PiercingWail","Calculated Gamble"],"picked":"SKIP","floor":20.0}],"player_experience":1014698,"relics_obtained":[{"floor":5.0,"key":"Snake Skull"},{"floor":6.0,"key":"Bag of Preparation"},{"floor":8.0,"key":"Bottled Tornado"},{"floor":9.0,"key":"Lantern"},{"floor":12.0,"key":"Smiling Mask"}],"event_choices":[{"damage_healed":0.0,"max_hp_gain":0.0,"max_hp_loss":0.0,"gold_gain":0.0,"event_name":"Lab","player_choice":"Got Potions","floor":2.0,"gold_loss":0.0,"damage_taken":0.0},{"cards_removed":["Strike_G"],"damage_healed":0.0,"max_hp_gain":0.0,"max_hp_loss":0.0,"gold_gain":0.0,"event_name":"Living Wall","player_choice":"Forget","floor":10.0,"gold_loss":0.0,"damage_taken":0.0},{"damage_healed":0,"gold_gain":0,"player_choice":"Fight","damage_taken":0,"max_hp_gain":0,"max_hp_loss":0,"event_name":"Colosseum","floor":21,"gold_loss":0},{"damage_healed":0,"gold_gain":0,"player_choice":"Fled From Nobs","damage_taken":0,"max_hp_gain":0,"max_hp_loss":0,"event_name":"Colosseum","floor":21,"gold_loss":0}],"is_beta":false,"boss_relics":[{"not_picked":["Lizard Tail","Sozu"],"picked":"Pandora\u0027s Box"}],"items_purged_floors":[19],"is_endless":false,"potions_floor_spawned":[1,3,7,14,16,18,20],"killed_by":"Cultist and Chosen","ascension_level":20}