{"gold_per_floor":[109,109,125,125,150,150,178,191,261,261,411,422,147,181,181,258,258,275,289,204,104,104,104,135,135,158,192,210,229,243,263,263,337,337,354,229,242,242,257,257,257,357,357,386,386,386,405,66,66,66,66,66,66,9,44,44],"floor_reached":56,"playtime":1995,"items_purged":["Doubt","Defend_G","Strike_G+1","Strike_G+1"],"score":2046,"play_id":"b0641ed7-5530-4f92-bdb8-4d25ede6edef","local_time":"20190717111954","is_ascension_mode":true,"campfire_choices":[{"data":"Deadly Poison","floor":6.0,"key":"SMITH"},{"data":"Neutralize","floor":10.0,"key":"SMITH"},{"data":"Catalyst","floor":15.0,"key":"SMITH"},{"data":"Burst","floor":23.0,"key":"SMITH"},{"data":"Cloak And Dagger","floor":32.0,"key":"SMITH"},{"data":"Adrenaline","floor":40.0,"key":"SMITH"},{"floor":46.0,"key":"RECALL"},{"data":"Backflip","floor":49.0,"key":"SMITH"},{"data":"Escape Plan","floor":53.0,"key":"SMITH"}],"neow_cost":"NONE","seed_source_timestamp":511011671139080,"circlet_count":0,"master_deck":["AscendersBane","Defend_G","Defend_G","Defend_G","Defend_G","Survivor","Neutralize+1","Deadly Poison+1","Escape Plan+1","Catalyst+1","Burst+1","Deadly Poison+1","Catalyst+1","Deflect+1","Decay","Cloak And Dagger+1","Acrobatics+1","Adrenaline+1","Backflip+1","Secret Technique","PiercingWail","Grand Finale"],"special_seed":0,"relics":["Ring of the Snake","NeowsBlessing","Whetstone","Blue Candle","Kunai","Snake Skull","Ginger","Astrolabe","The Specimen","Dream Catcher","Oddly Smooth Stone","Meat on the Bone","Runic Pyramid","Mango","Boot","Shuriken"],"potions_floor_usage":[56,56],"damage_taken":[{"damage":0.0,"enemies":"Small Slimes","floor":1.0,"turns":1.0},{"damage":0.0,"enemies":"2 Louse","floor":3.0,"turns":1.0},{"damage":0.0,"enemies":"3 Sentries","floor":7.0,"turns":2.0},{"damage":2.0,"enemies":"Jaw Worm","floor":8.0,"turns":4.0},{"damage":10.0,"enemies":"Large Slime","floor":12.0,"turns":7.0},{"damage":22.0,"enemies":"Lagavulin","floor":14.0,"turns":8.0},{"damage":0.0,"enemies":"Hexaghost","floor":16.0,"turns":9.0},{"damage":0.0,"enemies":"Chosen","floor":18.0,"turns":2.0},{"damage":1.0,"enemies":"Spheric Guardian","floor":19.0,"turns":3.0},{"damage":9.0,"enemies":"Gremlin Leader","floor":24.0,"turns":3.0},{"damage":29.0,"enemies":"Slavers","floor":27.0,"turns":4.0},{"damage":4.0,"enemies":"Centurion and Healer","floor":28.0,"turns":4.0},{"damage":23.0,"enemies":"Sentry and Sphere","floor":29.0,"turns":7.0},{"damage":11.0,"enemies":"Cultist and Chosen","floor":30.0,"turns":4.0},{"damage":0.0,"enemies":"Chosen and Byrds","floor":31.0,"turns":2.0},{"damage":25.0,"enemies":"Automaton","floor":33.0,"turns":5.0},{"damage":2.0,"enemies":"3 Shapes","floor":35.0,"turns":4.0},{"damage":50.0,"enemies":"3 Darklings","floor":37.0,"turns":8.0},{"damage":0.0,"enemies":"Transient","floor":39.0,"turns":4.0},{"damage":0.0,"enemies":"Mind Bloom Boss Battle","floor":42.0,"turns":4.0},{"damage":0.0,"enemies":"Giant Head","floor":44.0,"turns":4.0},{"damage":6.0,"enemies":"Sphere and 2 Shapes","floor":47.0,"turns":4.0},{"damage":1.0,"enemies":"Time Eater","floor":50.0,"turns":3.0},{"damage":16.0,"enemies":"Donu and Deca","floor":51.0,"turns":11.0},{"damage":8.0,"enemies":"Shield and Spear","floor":55.0,"turns":4.0},{"damage":55,"enemies":"The Heart","floor":56,"turns":5}],"seed_played":"-7390926462127137942","potions_obtained":[{"floor":7.0,"key":"AttackPotion"},{"floor":14.0,"key":"AttackPotion"},{"floor":16.0,"key":"Swift Potion"},{"floor":27.0,"key":"GamblersBrew"},{"floor":29.0,"key":"Fire Potion"},{"floor":30.0,"key":"Weak Potion"},{"floor":35.0,"key":"Ancient Potion"},{"floor":42.0,"key":"EssenceOfSteel"}],"is_trial":false,"path_per_floor":["M","?","M","?","T","R","E","M","T","R","?","M","$","E","R","B",null,"M","M","?","$","?","R","E","?","T","E","M","M","M","M","R","B",null,"M","$","M","?","M","R","?","?","T","E","?","R","M","$","R","B","B",null,"R","$","E","B"],"character_chosen":"THE_SILENT","items_purchased":["Escape Plan","Snake Skull","PiercingWail","Grand Finale","Swift Potion"],"campfire_rested":0,"item_purchase_floors":[13,13,48,48,54],"current_hp_per_floor":[59,64,64,43,43,43,43,41,41,41,41,31,31,9,9,9,56,56,55,55,55,55,55,46,46,46,17,25,14,15,27,27,14,57,55,55,17,58,58,58,58,72,72,72,72,72,66,66,66,65,49,66,66,66,58,3],"gold":44,"neow_bonus":"THREE_ENEMY_KILL","is_prod":false,"is_daily":false,"chose_seed":false,"campfire_upgraded":8,"win_rate":0,"timestamp":1563333594,"path_taken":["M","?","M","?","?","R","E","M","T","R","?","?","?","E","R","BOSS","M","M","?","$","?","R","E","?","T","E","M","?","M","M","R","BOSS","M","$","M","?","M","R","?","?","T","E","?","R","M","$","R","BOSS","BOSS","R","$","E","BOSS"],"build_version":"2019-07-05","purchased_purges":4,"victory":false,"max_hp_per_floor":[66,71,71,71,71,71,71,71,71,71,71,71,71,71,71,71,71,71,71,71,71,71,71,71,71,71,71,71,71,71,71,71,71,71,71,71,71,58,58,58,58,72,72,72,72,72,72,72,72,72,72,72,72,72,72,72],"card_choices":[{"not_picked":["Footwork","Finisher"],"picked":"Deadly Poison","floor":1.0},{"not_picked":["Deadly Poison","Underhanded Strike","Accuracy"],"picked":"SKIP","floor":3.0},{"not_picked":["Setup","Deflect","Dagger Spray"],"picked":"SKIP","floor":7.0},{"not_picked":["Blade Dance","Riddle With Holes","Outmaneuver"],"picked":"SKIP","floor":8.0},{"not_picked":["Quick Slash","Dodge and Roll"],"picked":"Slice","floor":12.0},{"not_picked":["Bouncing Flask","Backflip"],"picked":"Catalyst","floor":14.0},{"not_picked":["Corpse Explosion","Tools of the Trade"],"picked":"Burst","floor":16.0},{"not_picked":["Blade Dance","Blur","Poisoned Stab"],"picked":"SKIP","floor":18.0},{"not_picked":["Bane","Heel Hook","Blur"],"picked":"SKIP","floor":19.0},{"not_picked":["Dagger Throw","Die Die Die","Sucker Punch"],"picked":"SKIP","floor":24.0},{"not_picked":["Deadly Poison+1","Flying Knee","Glass Knife"],"picked":"SKIP","floor":27.0},{"not_picked":["Flying Knee","Tactician"],"picked":"Cloak And Dagger","floor":28.0},{"not_picked":["Expertise","Poisoned Stab"],"picked":"Acrobatics+1","floor":29.0},{"not_picked":["Deadly Poison","Dodge and Roll","Acrobatics"],"picked":"SKIP","floor":30.0},{"not_picked":["Outmaneuver","Acrobatics","Caltrops"],"picked":"SKIP","floor":31.0},{"not_picked":["Burst","Die Die Die"],"picked":"Adrenaline","floor":33.0},{"not_picked":["Blur","Prepared"],"picked":"Backflip","floor":35.0},{"not_picked":["Dash","Dagger Spray","Prepared"],"picked":"SKIP","floor":37.0},{"not_picked":["Slice","Catalyst","Dodge and Roll"],"picked":"SKIP","floor":39.0},{"not_picked":["Violence","Swift Strike"],"picked":"Secret Technique","floor":41.0},{"not_picked":["Flying Knee","Masterful Stab","Cloak And Dagger"],"picked":"SKIP","floor":44.0},{"not_picked":["Quick Slash","Underhanded Strike+1","Dodge and Roll"],"picked":"SKIP","floor":47.0},{"not_picked":["All Out Attack","Predator","Cloak And Dagger"],"picked":"SKIP","floor":55.0}],"player_experience":1120263,"relics_obtained":[{"floor":5.0,"key":"Whetstone"},{"floor":7.0,"key":"Blue Candle"},{"floor":9.0,"key":"Kunai"},{"floor":14.0,"key":"Ginger"},{"floor":24.0,"key":"Dream Catcher"},{"floor":26.0,"key":"Oddly Smooth Stone"},{"floor":27.0,"key":"Meat on the Bone"},{"floor":42.0,"key":"Mango"},{"floor":44.0,"key":"Boot"},{"floor":55.0,"key":"Shuriken"}],"event_choices":[{"damage_healed":0.0,"max_hp_gain":5.0,"max_hp_loss":0.0,"gold_gain":0.0,"event_name":"Big Fish","player_choice":"Donut","floor":2.0,"gold_loss":0.0,"damage_taken":0.0},{"damage_healed":0.0,"max_hp_gain":0.0,"max_hp_loss":0.0,"gold_gain":0.0,"event_name":"Shining Light","player_choice":"Entered Light","floor":4.0,"gold_loss":0.0,"damage_taken":21.0,"cards_upgraded":["Strike_G","Strike_G"]},{"damage_healed":0.0,"max_hp_gain":0.0,"max_hp_loss":0.0,"gold_gain":150.0,"event_name":"Liars Game","player_choice":"AGREE","floor":11.0,"gold_loss":0.0,"damage_taken":0.0,"cards_obtained":["Doubt"]},{"damage_healed":0.0,"max_hp_gain":0.0,"max_hp_loss":0.0,"gold_gain":0.0,"event_name":"Addict","player_choice":"Obtained Relic","floor":20.0,"gold_loss":85.0,"damage_taken":0.0,"relics_obtained":["The Specimen"]},{"damage_healed":0.0,"max_hp_gain":0.0,"max_hp_loss":0.0,"gold_gain":0.0,"event_name":"The Mausoleum","player_choice":"Ignored","floor":22.0,"gold_loss":0.0,"damage_taken":0.0},{"damage_healed":0.0,"max_hp_gain":0.0,"max_hp_loss":0.0,"gold_gain":0.0,"event_name":"Wheel of Change","player_choice":"Cursed","floor":25.0,"gold_loss":0.0,"damage_taken":0.0,"cards_obtained":["Decay"]},{"damage_healed":58.0,"max_hp_gain":0.0,"max_hp_loss":13.0,"gold_gain":0.0,"event_name":"The Moai Head","player_choice":"Heal","floor":38.0,"gold_loss":0.0,"damage_taken":0.0},{"damage_healed":0.0,"max_hp_gain":0.0,"max_hp_loss":0.0,"gold_gain":0.0,"event_name":"SensoryStone","player_choice":"Memory 1","floor":41.0,"gold_loss":0.0,"damage_taken":0.0},{"damage_healed":0.0,"max_hp_gain":0.0,"max_hp_loss":0.0,"gold_gain":0.0,"event_name":"MindBloom","player_choice":"Fight","floor":42.0,"gold_loss":0.0,"damage_taken":0.0},{"cards_removed":["Slice"],"damage_healed":0.0,"max_hp_gain":0.0,"max_hp_loss":0.0,"gold_gain":0.0,"event_name":"Falling","player_choice":"Removed Attack","floor":45.0,"gold_loss":0.0,"damage_taken":0.0}],"is_beta":false,"boss_relics":[{"not_picked":["Sozu","Philosopher\u0027s Stone"],"picked":"Astrolabe"},{"not_picked":["Snecko Eye","Velvet Choker"],"picked":"Runic Pyramid"}],"items_purged_floors":[13,21,36,48],"is_endless":false,"potions_floor_spawned":[7,14,16,27,29,30,35,42],"killed_by":"The Heart","ascension_level":20}