{"gold_per_floor":[111,111,111,71,87,87,102,134,134,134,149,162,162,181,181,255,255,227,109,109,120,20,20,20,37,60,160,160,178,178,205,205,278,278,293,313,188,188,206,206,206,56,56,56,56,72,72,107,107,107,107,107,107,53,81,81],"floor_reached":57,"playtime":4130,"items_purged":["Strike_G","Strike_G","Defend_G","Defend_G"],"score":2571,"play_id":"8eca81a3-bd54-4d53-9bb6-81f6f2ddf16a","local_time":"20190710193531","is_ascension_mode":true,"campfire_choices":[{"data":"Bouncing Flask","floor":6.0,"key":"SMITH"},{"data":"Neutralize","floor":13.0,"key":"SMITH"},{"data":"Bullet Time","floor":15.0,"key":"SMITH"},{"data":"Acrobatics","floor":23.0,"key":"SMITH"},{"data":"Skewer","floor":28.0,"key":"SMITH"},{"data":"Acrobatics","floor":30.0,"key":"SMITH"},{"data":"Footwork","floor":32.0,"key":"SMITH"},{"data":"A Thousand Cuts","floor":40.0,"key":"SMITH"},{"data":"Noxious Fumes","floor":45.0,"key":"SMITH"},{"data":"Well Laid Plans","floor":47.0,"key":"SMITH"},{"floor":49.0,"key":"RECALL"},{"data":"Malaise","floor":53.0,"key":"SMITH"}],"neow_cost":"NONE","seed_source_timestamp":0,"circlet_count":0,"master_deck":["AscendersBane","Defend_G","Defend_G","Defend_G","Survivor","Neutralize+1","Footwork+1","Bouncing Flask+1","Leg Sweep","Acrobatics+1","Bullet Time+1","Malaise+1","Noxious Fumes+1","Dash","Bullet Time","Quick Slash","Skewer+1","Acrobatics+1","Night Terror","A Thousand Cuts+1","Well Laid Plans+1","Noxious Fumes"],"special_seed":0,"relics":["White Beast Statue","Pantograph","Ice Cream","Bag of Marbles","FaceOfCleric","Snecko Eye","FossilizedHelix","Darkstone Periapt","Pear","Empty Cage","Letter Opener","Bird Faced Urn","Paper Crane"],"potions_floor_usage":[],"damage_taken":[{"damage":11.0,"enemies":"Jaw Worm","floor":1.0,"turns":5.0},{"damage":13.0,"enemies":"Small Slimes","floor":5.0,"turns":5.0},{"damage":0.0,"enemies":"2 Louse","floor":7.0,"turns":4.0},{"damage":20.0,"enemies":"Lagavulin","floor":8.0,"turns":10.0},{"damage":0.0,"enemies":"Lots of Slimes","floor":11.0,"turns":5.0},{"damage":9.0,"enemies":"3 Louse","floor":12.0,"turns":5.0},{"damage":1.0,"enemies":"2 Fungi Beasts","floor":14.0,"turns":5.0},{"damage":17.0,"enemies":"Hexaghost","floor":16.0,"turns":11.0},{"damage":8.0,"enemies":"2 Thieves","floor":18.0,"turns":5.0},{"damage":0.0,"enemies":"3 Byrds","floor":21.0,"turns":5.0},{"damage":0.0,"enemies":"Shelled Parasite and Fungi","floor":25.0,"turns":6.0},{"damage":0.0,"enemies":"Colosseum Slavers","floor":27.0,"turns":5.0},{"damage":10.0,"enemies":"Colosseum Nobs","floor":27.0,"turns":6.0},{"damage":0.0,"enemies":"Snecko","floor":29.0,"turns":5.0},{"damage":6.0,"enemies":"Slavers","floor":31.0,"turns":8.0},{"damage":12.0,"enemies":"Automaton","floor":33.0,"turns":13.0},{"damage":0.0,"enemies":"3 Shapes","floor":35.0,"turns":3.0},{"damage":0.0,"enemies":"Orb Walker","floor":36.0,"turns":4.0},{"damage":5.0,"enemies":"Spire Growth","floor":39.0,"turns":5.0},{"damage":0.0,"enemies":"Maw","floor":46.0,"turns":6.0},{"damage":0.0,"enemies":"Nemesis","floor":48.0,"turns":7.0},{"damage":39.0,"enemies":"Time Eater","floor":50.0,"turns":14.0},{"damage":22.0,"enemies":"Donu and Deca","floor":51.0,"turns":12.0},{"damage":10.0,"enemies":"Shield and Spear","floor":55.0,"turns":7.0},{"damage":48,"enemies":"The Heart","floor":56,"turns":13}],"seed_played":"-1820301716679200323","potions_obtained":[{"floor":1.0,"key":"Strength Potion"},{"floor":5.0,"key":"SteroidPotion"},{"floor":7.0,"key":"Weak Potion"},{"floor":8.0,"key":"AttackPotion"},{"floor":11.0,"key":"SteroidPotion"},{"floor":12.0,"key":"Energy Potion"},{"floor":14.0,"key":"Fire Potion"},{"floor":18.0,"key":"Energy Potion"},{"floor":21.0,"key":"PowerPotion"},{"floor":25.0,"key":"PowerPotion"},{"floor":27.0,"key":"SpeedPotion"},{"floor":29.0,"key":"EssenceOfSteel"},{"floor":31.0,"key":"SpeedPotion"},{"floor":33.0,"key":"Strength Potion"},{"floor":35.0,"key":"SpeedPotion"},{"floor":36.0,"key":"GhostInAJar"}],"is_trial":false,"path_per_floor":["M","?","?","$","M","R","M","E","T","?","M","M","R","M","R","B",null,"M","$","?","M","$","R","?","M","T","?","R","M","R","E","R","B",null,"M","M","$","?","M","R","?","$","T","?","R","M","R","E","R","B","B",null,"R","$","E","B",null],"character_chosen":"THE_SILENT","items_purchased":["Bouncing Flask","Noxious Fumes","PowerPotion"],"campfire_rested":0,"item_purchase_floors":[4,19,54],"current_hp_per_floor":[48,48,43,43,30,30,30,10,10,10,11,3,3,3,3,12,56,49,49,49,50,50,50,50,51,51,43,43,44,44,49,49,63,82,83,84,84,84,80,80,80,80,80,80,80,81,81,82,82,60,78,87,87,87,88,58],"gold":81,"neow_bonus":"BOSS_RELIC","is_prod":false,"is_daily":false,"chose_seed":false,"campfire_upgraded":11,"win_rate":0,"timestamp":1562758531,"path_taken":["M","?","?","?","M","R","M","E","T","?","M","?","R","M","R","BOSS","M","$","?","M","$","R","?","M","T","?","R","M","R","E","R","BOSS","M","M","$","?","M","R","?","$","T","?","R","M","R","E","R","BOSS","BOSS","R","$","E","BOSS"],"build_version":"2019-07-05","purchased_purges":4,"victory":true,"max_hp_per_floor":[66,66,66,66,66,66,66,66,66,66,67,68,68,69,69,70,70,71,71,71,72,72,72,72,73,73,75,75,76,76,87,87,88,88,89,90,90,90,91,91,86,86,86,86,86,87,87,88,88,89,90,90,90,90,91,92],"card_choices":[{"not_picked":["Blade Dance","Heel Hook"],"picked":"Footwork","floor":1.0},{"not_picked":["Underhanded Strike","Dagger Throw","Outmaneuver"],"picked":"SKIP","floor":5.0},{"not_picked":["Riddle With Holes","Dagger Throw"],"picked":"Leg Sweep","floor":7.0},{"not_picked":["Prepared","Dodge and Roll","Predator"],"picked":"SKIP","floor":8.0},{"not_picked":["Blade Dance","Endless Agony"],"picked":"Acrobatics","floor":11.0},{"not_picked":["Flying Knee","Dagger Spray","Quick Slash"],"picked":"SKIP","floor":12.0},{"not_picked":["Reflex","Dagger Spray"],"picked":"Bullet Time","floor":14.0},{"not_picked":["Phantasmal Killer","Burst"],"picked":"Malaise","floor":16.0},{"not_picked":["Skewer","PiercingWail"],"picked":"Underhanded Strike","floor":18.0},{"not_picked":["Setup","Poisoned Stab"],"picked":"Dash","floor":21.0},{"not_picked":["Prepared+1","Bane"],"picked":"Skewer","floor":25.0},{"not_picked":["Cloak And Dagger","Concentrate+1"],"picked":"Acrobatics","floor":27.0},{"not_picked":["Reflex","Crippling Poison","Outmaneuver+1"],"picked":"SKIP","floor":29.0},{"not_picked":["Die Die Die","Footwork"],"picked":"Night Terror","floor":31.0},{"not_picked":["Glass Knife","Storm of Steel"],"picked":"A Thousand Cuts","floor":33.0},{"not_picked":["Bane+1","Outmaneuver","Underhanded Strike"],"picked":"SKIP","floor":35.0},{"not_picked":["Deflect","Predator","Expertise"],"picked":"SKIP","floor":36.0},{"not_picked":["Deflect+1","Distraction","Storm of Steel"],"picked":"SKIP","floor":39.0},{"not_picked":["Expertise","Calculated Gamble"],"picked":"Well Laid Plans","floor":46.0},{"not_picked":["Phantasmal Killer","Endless Agony","A Thousand Cuts"],"picked":"SKIP","floor":48.0},{"not_picked":["Leg Sweep","Phantasmal Killer"],"picked":"Noxious Fumes","floor":55}],"player_experience":1092767,"relics_obtained":[{"floor":8.0,"key":"Ice Cream"},{"floor":9.0,"key":"Bag of Marbles"},{"floor":27.0,"key":"FossilizedHelix"},{"floor":27.0,"key":"Darkstone Periapt"},{"floor":31.0,"key":"Pear"},{"floor":43.0,"key":"Letter Opener"},{"floor":48.0,"key":"Bird Faced Urn"},{"floor":55,"key":"Paper Crane"}],"event_choices":[{"damage_healed":0.0,"max_hp_gain":0.0,"max_hp_loss":0.0,"gold_gain":0.0,"event_name":"Liars Game","player_choice":"Ignored","floor":2.0,"gold_loss":0.0,"damage_taken":0.0},{"damage_healed":0.0,"max_hp_gain":0.0,"max_hp_loss":0.0,"gold_gain":0.0,"event_name":"Scrap Ooze","player_choice":"Success","floor":3.0,"gold_loss":0.0,"damage_taken":5.0,"relics_obtained":["Pantograph"]},{"damage_healed":0.0,"max_hp_gain":0.0,"max_hp_loss":0.0,"gold_gain":0.0,"event_name":"FaceTrader","player_choice":"Trade","floor":10.0,"gold_loss":0.0,"damage_taken":0.0,"relics_obtained":["FaceOfCleric"]},{"damage_healed":0.0,"max_hp_gain":0.0,"max_hp_loss":0.0,"gold_gain":0.0,"event_name":"Ghosts","player_choice":"Ignored","floor":20.0,"gold_loss":0.0,"damage_taken":0.0},{"damage_healed":0.0,"max_hp_gain":0.0,"max_hp_loss":0.0,"gold_gain":0.0,"cards_transformed":["Underhanded Strike","Strike_G"],"event_name":"Drug Dealer","player_choice":"Became Test Subject","floor":24.0,"gold_loss":0.0,"damage_taken":0.0,"cards_obtained":["Bullet Time","Quick Slash"]},{"damage_healed":0.0,"max_hp_gain":0.0,"max_hp_loss":0.0,"gold_gain":0.0,"event_name":"Colosseum","player_choice":"Fight","floor":27.0,"gold_loss":0.0,"damage_taken":0.0},{"damage_healed":0.0,"max_hp_gain":0.0,"max_hp_loss":0.0,"gold_gain":0.0,"event_name":"Colosseum","player_choice":"Fought Nobs","floor":27.0,"gold_loss":0.0,"damage_taken":0.0},{"damage_healed":0.0,"max_hp_gain":0.0,"max_hp_loss":0.0,"gold_gain":0.0,"event_name":"Tomb of Lord Red Mask","player_choice":"Ignored","floor":38.0,"gold_loss":0.0,"damage_taken":0.0},{"damage_healed":0.0,"max_hp_gain":0.0,"max_hp_loss":5.0,"gold_gain":0.0,"event_name":"Winding Halls","player_choice":"Max HP","floor":41.0,"gold_loss":0.0,"damage_taken":0.0},{"damage_healed":0.0,"max_hp_gain":0.0,"max_hp_loss":0.0,"gold_gain":0.0,"event_name":"Mysterious Sphere","player_choice":"Ignored","floor":44.0,"gold_loss":0.0,"damage_taken":0.0}],"is_beta":false,"boss_relics":[{"not_picked":["Lizard Tail","Ectoplasm"],"picked":"Snecko Eye"},{"not_picked":["WristBlade","Orrery"],"picked":"Empty Cage"}],"items_purged_floors":[19,22,37,42],"is_endless":false,"potions_floor_spawned":[1,5,7,8,11,12,14,16,18,21,25,27,27,29,31,33,35,36,39,46,48,55],"ascension_level":20}