{"gold_per_floor":[362,207,207,222,232,290,290,303,303,303,332,343,343,343,343,343],"floor_reached":16,"playtime":728,"items_purged":["Strike_R"],"score":152,"play_id":"733f2a2d-0bb3-4550-8502-1c60631074ce","local_time":"20190115144553","is_ascension_mode":true,"campfire_choices":[{"floor":7,"key":"REST"},{"floor":10,"key":"REST"},{"floor":13,"key":"REST"},{"data":"Body Slam","floor":15,"key":"SMITH"}],"neow_cost":"PERCENT_DAMAGE","seed_source_timestamp":680933369851618,"circlet_count":0,"master_deck":["Strike_R","Strike_R","Strike_R","Strike_R","Defend_R","Defend_R","Defend_R","Defend_R","Bash","Body Slam+1","Metallicize","Heavy Blade","Power Through","Feed","Shrug It Off","True Grit"],"relics":["Burning Blood","Tiny Chest","Pear","Magic Flower","Blood Vial"],"potions_floor_usage":[16],"damage_taken":[{"damage":11,"enemies":"Jaw Worm","floor":1,"turns":4},{"damage":10,"enemies":"Cultist","floor":4,"turns":4},{"damage":6,"enemies":"2 Louse","floor":5,"turns":2},{"damage":39,"enemies":"Gremlin Nob","floor":6,"turns":5},{"damage":17,"enemies":"Exordium Thugs","floor":8,"turns":7},{"damage":28,"enemies":"3 Sentries","floor":11,"turns":12},{"damage":10,"enemies":"Blue Slaver","floor":12,"turns":4},{"damage":102,"enemies":"Hexaghost","floor":16,"turns":16}],"seed_played":"7165262313543283877","potions_obtained":[{"floor":4,"key":"SpeedPotion"},{"floor":5,"key":"FairyPotion"},{"floor":12,"key":"FearPotion"}],"is_trial":false,"path_per_floor":["M","$","?","M","M","E","R","M","T","R","E","M","R","T","R","B"],"character_chosen":"IRONCLAD","items_purchased":["Metallicize"],"campfire_rested":3,"item_purchase_floors":[2],"current_hp_per_floor":[51,51,51,47,47,14,38,27,37,64,45,49,77,77,77,0],"gold":343,"neow_bonus":"TWO_FIFTY_GOLD","is_prod":false,"is_daily":false,"chose_seed":false,"campfire_upgraded":1,"win_rate":0,"timestamp":1547523953,"path_taken":["M","$","?","?","M","E","R","M","T","R","E","M","R","?","R","BOSS"],"build_version":"2019-01-10","purchased_purges":1,"victory":false,"max_hp_per_floor":[80,80,80,80,80,80,80,80,90,90,93,96,96,96,96,96],"card_choices":[{"not_picked":["Burning Pact","Iron Wave"],"picked":"Body Slam","floor":1},{"not_picked":["Sword Boomerang","Perfected Strike"],"picked":"Heavy Blade","floor":4},{"not_picked":["Headbutt","Intimidate"],"picked":"Power Through","floor":5},{"not_picked":["Flex","Battle Trance"],"picked":"Feed","floor":6},{"not_picked":["Rupture","Flex"],"picked":"Shrug It Off","floor":8},{"not_picked":["Havoc","Shockwave","Sword Boomerang"],"picked":"SKIP","floor":11},{"not_picked":["Havoc","Twin Strike"],"picked":"True Grit","floor":12}],"player_experience":442182,"relics_obtained":[{"floor":6,"key":"Tiny Chest"},{"floor":9,"key":"Pear"},{"floor":11,"key":"Magic Flower"},{"floor":14,"key":"Blood Vial"}],"event_choices":[{"damage_healed":0,"gold_gain":0,"player_choice":"Bought 0 Potions","damage_taken":0,"max_hp_gain":0,"max_hp_loss":0,"event_name":"The Woman in Blue","floor":3,"gold_loss":0}],"is_beta":false,"boss_relics":[],"items_purged_floors":[2],"is_endless":false,"potions_floor_spawned":[4,5,12],"killed_by":"Hexaghost","ascension_level":3}