{"gold_per_floor":[111,111,34,44,44,44,44,59,59,59,73,73,73,89,89,189,189,155,254,272,125,137,137,155,173,173,204,217,40,40,59,59,164,164,175,175,50,60,60,60,79,79,79,97,97,114,114,124,124,124],"floor_reached":50,"playtime":5720,"items_purged":["Strike_B","Strike_B","Decay"],"score":506,"play_id":"ee7322f3-1559-4637-9448-dfbfc1284120","local_time":"20190809122853","is_ascension_mode":false,"campfire_choices":[{"data":"Defragment","floor":6.0,"key":"SMITH"},{"data":"Glacier","floor":10.0,"key":"SMITH"},{"data":"Zap","floor":12.0,"key":"SMITH"},{"data":"Coolheaded","floor":15.0,"key":"SMITH"},{"data":"Heatsinks","floor":23.0,"key":"SMITH"},{"floor":32.0,"key":"RECALL"},{"data":"Echo Form","floor":40.0,"key":"SMITH"},{"data":"Go for the Eyes","floor":42.0,"key":"SMITH"},{"data":"Chill","floor":47.0,"key":"SMITH"},{"data":"Barrage","floor":49,"key":"SMITH"}],"neow_cost":"NONE","seed_source_timestamp":0,"circlet_count":0,"master_deck":["Strike_B","Defend_B+1","Defend_B+1","Zap+1","Dualcast","Coolheaded+1","Self Repair","Defragment+1","Go for the Eyes+1","Glacier+1","Stack","Hologram","Core Surge","Chill+1","Barrage+1","Capacitor","Heatsinks+1","Glacier","Darkness","Hologram+1","Capacitor","Ghostly","Ghostly","Ghostly","Ghostly","Ghostly","Echo Form+1","Auto Shields+1","Hyperbeam+1","Creative AI+1","Redo+1","Redo+1","Cold Snap+1"],"special_seed":0,"relics":["Cracked Core","NeowsBlessing","Blood Vial","Mummified Hand","Inserter","Vajra","Astrolabe","Toxic Egg 2"],"potions_floor_usage":[],"damage_taken":[{"damage":0.0,"enemies":"Small Slimes","floor":1.0,"turns":1.0},{"damage":0.0,"enemies":"2 Louse","floor":4.0,"turns":1.0},{"damage":0.0,"enemies":"Cultist","floor":8.0,"turns":1.0},{"damage":0.0,"enemies":"Exordium Thugs","floor":11.0,"turns":6.0},{"damage":0.0,"enemies":"Exordium Wildlife","floor":14.0,"turns":3.0},{"damage":38.0,"enemies":"Slime Boss","floor":16.0,"turns":17.0},{"damage":12.0,"enemies":"2 Thieves","floor":18.0,"turns":5.0},{"damage":0.0,"enemies":"Chosen","floor":20.0,"turns":5.0},{"damage":7.0,"enemies":"Snecko","floor":22.0,"turns":6.0},{"damage":6.0,"enemies":"Cultist and Chosen","floor":24.0,"turns":10.0},{"damage":0.0,"enemies":"Shelled Parasite and Fungi","floor":25.0,"turns":7.0},{"damage":0.0,"enemies":"Book of Stabbing","floor":27.0,"turns":8.0},{"damage":0.0,"enemies":"Centurion and Healer","floor":28.0,"turns":7.0},{"damage":0.0,"enemies":"Cultist and Chosen","floor":31.0,"turns":9.0},{"damage":23.0,"enemies":"Automaton","floor":33.0,"turns":13.0},{"damage":2.0,"enemies":"Orb Walker","floor":35.0,"turns":5.0},{"damage":0.0,"enemies":"3 Darklings","floor":38.0,"turns":9.0},{"damage":4.0,"enemies":"Writhing Mass","floor":41.0,"turns":9.0},{"damage":2.0,"enemies":"4 Shapes","floor":44.0,"turns":6.0},{"damage":1.0,"enemies":"Jaw Worm Horde","floor":46.0,"turns":8.0},{"damage":7,"enemies":"Spire Growth","floor":48,"turns":8},{"damage":38,"enemies":"Awakened One","floor":50,"turns":19}],"seed_played":"5861381848836789820","potions_obtained":[{"floor":1.0,"key":"FocusPotion"},{"floor":8.0,"key":"Energy Potion"},{"floor":14.0,"key":"LiquidBronze"}],"is_trial":false,"path_per_floor":["M","?","$","M","?","R","$","M","T","R","M","R","?","M","R","B",null,"M","?","M","$","M","R","M","M","T","E","M","$","?","M","R","B",null,"M","?","$","M","$","R","M","R","T","M","?","M","R","M","R","B"],"character_chosen":"DEFECT","items_purchased":["Defragment","Capacitor","Capacitor"],"campfire_rested":0,"item_purchase_floors":[3,21,29],"current_hp_per_floor":[75,75,75,75,60,60,60,67,67,67,75,75,42,51,51,22,75,70,70,75,75,75,75,75,75,75,75,75,75,37,37,37,21,37,37,37,37,37,37,37,37,37,37,37,37,37,37,37,37,0],"gold":124,"neow_bonus":"THREE_ENEMY_KILL","is_prod":false,"is_daily":false,"chose_seed":false,"campfire_upgraded":9,"win_rate":0,"timestamp":1565346533,"path_taken":["M","?","$","M","?","R","$","M","T","R","M","R","?","M","R","BOSS","M","?","M","$","M","R","M","M","T","E","M","$","?","M","R","BOSS","M","?","$","M","?","R","M","R","T","?","?","M","R","M","R","BOSS"],"build_version":"2019-07-17","purchased_purges":3,"victory":false,"max_hp_per_floor":[75,75,75,75,75,75,75,75,75,75,75,75,75,75,75,75,75,75,75,75,75,75,75,75,75,75,75,75,75,37,37,37,37,37,37,37,37,37,37,37,37,37,37,37,37,37,37,37,37,37],"card_choices":[{"not_picked":["Double Energy","Beam Cell"],"picked":"Coolheaded","floor":1.0},{"not_picked":["Steam","Coolheaded"],"picked":"Go for the Eyes","floor":4.0},{"not_picked":["Go for the Eyes","Streamline"],"picked":"Glacier","floor":8.0},{"not_picked":["Beam Cell","Conserve Battery"],"picked":"Stack","floor":11.0},{"not_picked":["Go for the Eyes","Doom and Gloom"],"picked":"Hologram","floor":14.0},{"not_picked":["Multi-Cast","Hyperbeam"],"picked":"Core Surge","floor":16.0},{"not_picked":["Sweeping Beam","Redo"],"picked":"Chill","floor":18.0},{"not_picked":["BootSequence+1","Sweeping Beam"],"picked":"Barrage","floor":20.0},{"not_picked":["Barrage","Sweeping Beam"],"picked":"Heatsinks","floor":22.0},{"not_picked":["Rip and Tear","Ball Lightning"],"picked":"BootSequence","floor":24.0},{"not_picked":["Core Surge","FTL"],"picked":"Glacier","floor":25.0},{"not_picked":["Steam+1","Skim"],"picked":"Darkness","floor":27.0},{"not_picked":["Beam Cell","Rebound"],"picked":"Hologram+1","floor":28.0},{"not_picked":["Lockon","Fusion","Ball Lightning"],"picked":"SKIP","floor":31.0},{"not_picked":["Fission","Hyperbeam"],"picked":"Echo Form","floor":33.0},{"not_picked":["Beam Cell+1","Streamline","Tempest+1"],"picked":"SKIP","floor":35.0},{"not_picked":["Melter","Storm+1"],"picked":"Redo+1","floor":38.0},{"not_picked":["Rip and Tear+1","Steam","Auto Shields+1"],"picked":"SKIP","floor":41.0},{"not_picked":["Auto Shields+1","Leap+1","Scrape"],"picked":"SKIP","floor":44.0},{"not_picked":["Streamline+1","Undo+1"],"picked":"Redo+1","floor":46.0},{"not_picked":["Streamline+1","Ball Lightning"],"picked":"Cold Snap+1","floor":48}],"player_experience":194022,"relics_obtained":[{"floor":9.0,"key":"Blood Vial"},{"floor":27.0,"key":"Vajra"},{"floor":43.0,"key":"Toxic Egg 2"}],"event_choices":[{"damage_healed":0.0,"max_hp_gain":0.0,"max_hp_loss":0.0,"gold_gain":0.0,"cards_transformed":["Strike_B"],"event_name":"Living Wall","player_choice":"Change","floor":2.0,"gold_loss":0.0,"damage_taken":0.0,"cards_obtained":["Self Repair"]},{"damage_healed":0.0,"max_hp_gain":0.0,"max_hp_loss":0.0,"gold_gain":0.0,"event_name":"Shining Light","player_choice":"Entered Light","floor":5.0,"gold_loss":0.0,"damage_taken":15.0,"cards_upgraded":["Defend_B","Defend_B"]},{"damage_healed":0.0,"max_hp_gain":0.0,"max_hp_loss":0.0,"gold_gain":0.0,"event_name":"Scrap Ooze","player_choice":"Success","floor":13.0,"gold_loss":0.0,"damage_taken":33.0,"relics_obtained":["Mummified Hand"]},{"damage_healed":0.0,"max_hp_gain":0.0,"max_hp_loss":0.0,"gold_gain":99.0,"event_name":"Nest","player_choice":"Stole From Cult","floor":19.0,"gold_loss":0.0,"damage_taken":0.0},{"damage_healed":0.0,"max_hp_gain":0.0,"max_hp_loss":38.0,"gold_gain":0.0,"event_name":"Ghosts","player_choice":"Became a Ghost","floor":30.0,"gold_loss":0.0,"damage_taken":0.0,"cards_obtained":["Ghostly","Ghostly","Ghostly","Ghostly","Ghostly"]},{"damage_healed":0.0,"max_hp_gain":0.0,"max_hp_loss":0.0,"gold_gain":0.0,"event_name":"Wheel of Change","player_choice":"Cursed","floor":36.0,"gold_loss":0.0,"damage_taken":0.0,"cards_obtained":["Decay"]},{"damage_healed":0.0,"max_hp_gain":0.0,"max_hp_loss":0.0,"gold_gain":0.0,"event_name":"The Woman in Blue","player_choice":"Bought 0 Potions","floor":45.0,"gold_loss":0.0,"damage_taken":0.0}],"is_beta":false,"boss_relics":[{"not_picked":["FrozenCore","Philosopher\u0027s Stone"],"picked":"Inserter"},{"not_picked":["Sozu","Pandora\u0027s Box"],"picked":"Astrolabe"}],"items_purged_floors":[21,29,37],"is_endless":false,"potions_floor_spawned":[1,8,14,16,25,27,28,33,35],"killed_by":"Awakened One","ascension_level":0}