{"gold_per_floor":[111,124,299,146,158,158,176,176,199,226,226,226,226,246,246,344,344,364,364,176,151,166,166,200,216,216,216,228,245,245,260,260,364,364,364],"floor_reached":35,"playtime":2079,"items_purged":["Doubt"],"score":590,"play_id":"c915d98c-62ad-406a-b5ec-4c98d4e6cb6e","local_time":"20190209094105","is_ascension_mode":true,"campfire_choices":[{"data":"Noxious Fumes","floor":6,"key":"SMITH"},{"data":"Catalyst","floor":8,"key":"SMITH"},{"floor":12,"key":"REST"},{"floor":15,"key":"REST"},{"floor":23,"key":"REST"},{"floor":27,"key":"REST"},{"floor":30,"key":"REST"},{"floor":32,"key":"REST"}],"neow_cost":"NONE","seed_source_timestamp":340220435734276,"circlet_count":0,"master_deck":["Defend_G","Defend_G","Defend_G","Defend_G","Defend_G","Strike_G","Strike_G","Strike_G","Strike_G","Survivor","Neutralize","Bane","Cloak And Dagger","Noxious Fumes+1","PiercingWail","Catalyst+1","Prepared","Bouncing Flask","Backflip","Night Terror+1","A Thousand Cuts","Deadly Poison","Leg Sweep","Footwork","Blade Dance","Well Laid Plans","Dodge and Roll","PiercingWail+1","Accuracy+1","Blur","Dodge and Roll+1","Dodge and Roll","After Image","Tactician+1","Heel Hook","Night Terror"],"special_seed":0,"relics":["Ring of the Snake","Dream Catcher","Oddly Smooth Stone","Orichalcum","Lizard Tail","Tiny Chest","Letter Opener","Dodecahedron","Eternal Feather"],"potions_floor_usage":[14,16,24,31,33],"damage_taken":[{"damage":3.0,"enemies":"2 Louse","floor":1.0,"turns":4.0},{"damage":3,"enemies":"Small Slimes","floor":2,"turns":5},{"damage":1,"enemies":"Cultist","floor":5,"turns":3},{"damage":3,"enemies":"Large Slime","floor":7,"turns":5},{"damage":58,"enemies":"Gremlin Nob","floor":10,"turns":6},{"damage":0,"enemies":"Exordium Thugs","floor":14,"turns":4},{"damage":0,"enemies":"Slime Boss","floor":16,"turns":6},{"damage":31,"enemies":"3 Byrds","floor":18,"turns":4},{"damage":7,"enemies":"Spheric Guardian","floor":22,"turns":5},{"damage":37,"enemies":"Slavers","floor":24,"turns":6},{"damage":20,"enemies":"Centurion and Healer","floor":25,"turns":9},{"damage":18,"enemies":"Cultist and Chosen","floor":28,"turns":11},{"damage":23,"enemies":"Snake Plant","floor":29,"turns":6},{"damage":24,"enemies":"Snecko","floor":31,"turns":7},{"damage":27,"enemies":"Champ","floor":33,"turns":10},{"damage":64,"enemies":"3 Darklings","floor":35,"turns":6}],"seed_played":"8397876600915578536","potions_obtained":[{"floor":5,"key":"SteroidPotion"},{"floor":10,"key":"Explosive Potion"},{"floor":14,"key":"GhostInAJar"},{"floor":22,"key":"Block Potion"},{"floor":29,"key":"Fire Potion"},{"floor":31,"key":"Regen Potion"}],"is_trial":false,"path_per_floor":["M","M","?","$","M","R","M","R","T","E","?","R","?","M","R","B",null,"M","?","$","$","M","R","E","M","T","R","M","M","R","M","R","B",null,"M"],"character_chosen":"THE_SILENT","items_purchased":["Noxious Fumes","Footwork","Tiny Chest","Blade Dance"],"campfire_rested":6,"item_purchase_floors":[4,20,20,21],"current_hp_per_floor":[67,64,64,64,63,63,60,60,60,2,2,23,23,23,44,44,64,33,33,33,33,26,47,10,26,26,47,29,6,27,3,24,12,56,0],"gold":364,"neow_bonus":"RANDOM_COMMON_RELIC","is_prod":false,"is_daily":false,"chose_seed":false,"campfire_upgraded":2,"win_rate":0,"timestamp":1549676465,"path_taken":["M","M","?","$","M","R","M","R","T","E","?","R","?","?","R","BOSS","M","?","?","$","?","R","E","M","T","R","M","?","R","M","R","BOSS","M"],"build_version":"2019-01-23","purchased_purges":1,"victory":false,"max_hp_per_floor":[70,70,70,70,70,70,70,70,70,70,70,70,70,70,70,70,70,70,70,70,70,70,70,70,70,70,70,70,70,70,70,70,70,70,70],"card_choices":[{"not_picked":["Dagger Spray","Reflex"],"picked":"Bane","floor":1.0},{"not_picked":["Caltrops","Setup"],"picked":"Cloak And Dagger","floor":2},{"not_picked":["Distraction","Setup"],"picked":"PiercingWail","floor":5},{"not_picked":["Outmaneuver","Underhanded Strike"],"picked":"Catalyst","floor":7},{"not_picked":["Dagger Throw","Terror"],"picked":"Prepared","floor":10},{"not_picked":["Predator","Slice"],"picked":"Backflip","floor":12},{"not_picked":["Predator","Dodge and Roll"],"picked":"A Thousand Cuts","floor":14},{"not_picked":["Bane","Expertise"],"picked":"Deadly Poison","floor":15},{"not_picked":["Blade Dance","Underhanded Strike"],"picked":"Leg Sweep","floor":18},{"not_picked":["Leg Sweep","Accuracy"],"picked":"Well Laid Plans","floor":22},{"not_picked":["Eviscerate","Outmaneuver"],"picked":"Dodge and Roll","floor":23},{"not_picked":["Doppelganger","Dagger Spray"],"picked":"PiercingWail+1","floor":24},{"not_picked":["Bouncing Flask","Cloak And Dagger"],"picked":"Accuracy+1","floor":25},{"not_picked":["Dodge and Roll","Dagger Throw"],"picked":"Blur","floor":27},{"not_picked":["Deflect","Setup+1"],"picked":"Dodge and Roll+1","floor":28},{"not_picked":["Outmaneuver","Quick Slash"],"picked":"Dodge and Roll","floor":29},{"not_picked":["Cloak And Dagger+1","Bane"],"picked":"After Image","floor":30},{"not_picked":["Acrobatics+1","Dagger Spray"],"picked":"Tactician+1","floor":31},{"not_picked":["Caltrops+1","Backstab"],"picked":"Heel Hook","floor":32},{"not_picked":["Wraith Form v2","Die Die Die"],"picked":"Night Terror","floor":33}],"player_experience":687992,"relics_obtained":[{"floor":9,"key":"Oddly Smooth Stone"},{"floor":10,"key":"Orichalcum"},{"floor":24,"key":"Letter Opener"},{"floor":26,"key":"Dodecahedron"}],"event_choices":[{"damage_healed":0,"gold_gain":175,"player_choice":"AGREE","damage_taken":0,"max_hp_gain":0,"max_hp_loss":0,"event_name":"Liars Game","floor":3,"gold_loss":0,"cards_obtained":["Doubt"]},{"damage_healed":0,"gold_gain":0,"cards_transformed":["Strike_G"],"player_choice":"Change","damage_taken":0,"max_hp_gain":0,"max_hp_loss":0,"event_name":"Living Wall","floor":11,"gold_loss":0,"cards_obtained":["Bouncing Flask"]},{"damage_healed":0,"gold_gain":0,"player_choice":"1 cards matched","damage_taken":0,"max_hp_gain":0,"max_hp_loss":0,"event_name":"Match and Keep!","floor":13,"gold_loss":0,"cards_obtained":["Night Terror"]},{"damage_healed":0,"gold_gain":0,"player_choice":"Upgraded","damage_taken":0,"max_hp_gain":0,"max_hp_loss":0,"event_name":"Upgrade Shrine","floor":19,"gold_loss":0,"cards_upgraded":["Night Terror"]}],"is_beta":false,"boss_relics":[{"not_picked":["Cursed Key","Orrery"],"picked":"Lizard Tail"},{"not_picked":["Tiny House","Calling Bell"],"picked":"Eternal Feather"}],"items_purged_floors":[4],"is_endless":false,"potions_floor_spawned":[5,10,14,22,29,31],"killed_by":"3 Darklings","ascension_level":5}