{"gold_per_floor":[117,117,28,40,40,74,74,105,105,124,124,124,124,151,151,229,229,247,34,84,103,65,65,76,87,87,97,2,2,15,32,32,110,110,126,126,143,52,52,52],"floor_reached":40,"playtime":1855,"items_purged":["Strike_G","Strike_G","Strike_G"],"score":1013,"play_id":"2dabfe27-7729-46ab-a1af-ee2bf8a47d1c","local_time":"20190712095024","is_ascension_mode":true,"campfire_choices":[{"data":"Catalyst","floor":7.0,"key":"SMITH"},{"data":"Deadly Poison","floor":11.0,"key":"SMITH"},{"data":"Neutralize","floor":13.0,"key":"SMITH"},{"data":"Acrobatics","floor":15.0,"key":"SMITH"},{"floor":23.0,"key":"RECALL"},{"data":"Footwork","floor":29,"key":"SMITH"},{"data":"Noxious Fumes","floor":32,"key":"SMITH"}],"neow_cost":"NONE","seed_source_timestamp":74381940667750,"circlet_count":0,"master_deck":["AscendersBane","Strike_G","Strike_G+1","Defend_G+1","Defend_G","Defend_G","Defend_G","Defend_G","Survivor","Neutralize+1","Deadly Poison+1","Catalyst+1","PiercingWail","Well Laid Plans","Acrobatics+1","Adrenaline","Noxious Fumes+1","Footwork+1","Calculated Gamble","Grand Finale"],"special_seed":0,"relics":["Ring of the Snake","NeowsBlessing","Bag of Marbles","Mango","Oddly Smooth Stone","Pantograph","Odd Mushroom","Runic Pyramid","Membership Card","Coffee Dripper","Question Card"],"potions_floor_usage":[33],"damage_taken":[{"damage":0.0,"enemies":"Cultist","floor":1.0,"turns":1.0},{"damage":0.0,"enemies":"Small Slimes","floor":4.0,"turns":1.0},{"damage":0.0,"enemies":"Gremlin Nob","floor":6.0,"turns":1.0},{"damage":6.0,"enemies":"Lagavulin","floor":8.0,"turns":7.0},{"damage":0.0,"enemies":"Jaw Worm","floor":10.0,"turns":4.0},{"damage":6.0,"enemies":"The Mushroom Lair","floor":14.0,"turns":6.0},{"damage":0.0,"enemies":"The Guardian","floor":16.0,"turns":9.0},{"damage":0.0,"enemies":"Chosen","floor":18.0,"turns":4.0},{"damage":2.0,"enemies":"Spheric Guardian","floor":21.0,"turns":4.0},{"damage":0.0,"enemies":"Centurion and Healer","floor":24.0,"turns":6.0},{"damage":12.0,"enemies":"Sentry and Sphere","floor":25.0,"turns":6.0},{"damage":8,"enemies":"Snake Plant","floor":27,"turns":5},{"damage":13,"enemies":"Shelled Parasite and Fungi","floor":30,"turns":6},{"damage":10,"enemies":"Cultist and Chosen","floor":31,"turns":9},{"damage":46,"enemies":"Automaton","floor":33,"turns":9},{"damage":1,"enemies":"Orb Walker","floor":35,"turns":4},{"damage":35,"enemies":"3 Darklings","floor":37,"turns":4},{"damage":6,"enemies":"Donu and Deca","floor":40,"turns":2}],"seed_played":"1213683409505012463","potions_obtained":[{"floor":8.0,"key":"GamblersBrew"},{"floor":10.0,"key":"Dexterity Potion"},{"floor":30,"key":"Fire Potion"},{"floor":33,"key":"Strength Potion"}],"is_trial":false,"path_per_floor":["M","?","$","M","?","E","R","E","T","M","R","?","R","?","R","B",null,"M","$","?","M","$","R","M","M","T","M","$","R","M","M","R","B",null,"M","?","M","$","?","B"],"character_chosen":"THE_SILENT","items_purchased":["Catalyst","Membership Card","Footwork","Swift Potion"],"campfire_rested":0,"item_purchase_floors":[3,19,28,38],"current_hp_per_floor":[59,64,64,64,38,52,52,46,46,46,46,20,20,14,14,39,74,74,74,74,72,72,72,72,60,60,52,52,52,39,29,29,8,66,65,65,30,30,30,49],"gold":52,"neow_bonus":"THREE_ENEMY_KILL","is_prod":false,"is_daily":false,"chose_seed":false,"campfire_upgraded":6,"win_rate":0,"timestamp":1562896224,"path_taken":["M","?","$","M","?","E","R","E","T","M","R","?","R","?","R","BOSS","M","$","?","?","?","R","M","M","T","?","$","R","M","M","R","BOSS","M","?","?","$","?","BOSS"],"build_version":"2019-07-05","purchased_purges":3,"victory":false,"max_hp_per_floor":[66,71,71,71,71,85,85,85,85,85,85,85,85,85,85,85,85,85,85,85,85,85,85,85,85,85,85,85,85,85,85,85,85,85,85,85,85,85,85,85],"card_choices":[{"not_picked":["Heel Hook","Dagger Spray"],"picked":"Deadly Poison","floor":1.0},{"not_picked":["Backflip","Infinite Blades"],"picked":"PiercingWail","floor":4.0},{"not_picked":["Choke","Slice"],"picked":"Well Laid Plans","floor":6.0},{"not_picked":["Bane","Deadly Poison","Leg Sweep"],"picked":"SKIP","floor":8.0},{"not_picked":["Bane","Choke","Deadly Poison"],"picked":"SKIP","floor":10.0},{"not_picked":["Sucker Punch","Dodge and Roll"],"picked":"Acrobatics","floor":14.0},{"not_picked":["Storm of Steel","Grand Finale"],"picked":"Adrenaline","floor":16.0},{"not_picked":["Heel Hook","Bane","Prepared"],"picked":"SKIP","floor":18.0},{"not_picked":["PiercingWail","Bane","Terror"],"picked":"SKIP","floor":21.0},{"not_picked":["All Out Attack","Well Laid Plans"],"picked":"Noxious Fumes","floor":24.0},{"not_picked":["Riddle With Holes","Masterful Stab+1","Outmaneuver"],"picked":"SKIP","floor":25.0},{"not_picked":["Blur","Deflect+1","Quick Slash"],"picked":"SKIP","floor":27},{"not_picked":["Underhanded Strike+1","Dagger Throw+1","Deadly Poison"],"picked":"SKIP","floor":30},{"not_picked":["Dagger Spray","Poisoned Stab"],"picked":"Calculated Gamble","floor":31},{"not_picked":["A Thousand Cuts","Die Die Die"],"picked":"Grand Finale","floor":33},{"not_picked":["Slice","PiercingWail","Accuracy"],"picked":"SKIP","floor":35},{"not_picked":["Dagger Spray+1","Calculated Gamble","Bane","Flying Knee"],"picked":"SKIP","floor":37}],"player_experience":1104575,"relics_obtained":[{"floor":6.0,"key":"Mango"},{"floor":8.0,"key":"Oddly Smooth Stone"},{"floor":9.0,"key":"Pantograph"},{"floor":14.0,"key":"Odd Mushroom"}],"event_choices":[{"damage_healed":0.0,"max_hp_gain":5.0,"max_hp_loss":0.0,"gold_gain":0.0,"event_name":"Big Fish","player_choice":"Donut","floor":2.0,"gold_loss":0.0,"damage_taken":0.0},{"damage_healed":0.0,"max_hp_gain":0.0,"max_hp_loss":0.0,"gold_gain":0.0,"event_name":"Scrap Ooze","player_choice":"Success","floor":5.0,"gold_loss":0.0,"damage_taken":26.0,"relics_obtained":["Bag of Marbles"]},{"damage_healed":0.0,"max_hp_gain":0.0,"max_hp_loss":0.0,"gold_gain":0.0,"event_name":"Shining Light","player_choice":"Entered Light","floor":12.0,"gold_loss":0.0,"damage_taken":26.0,"cards_upgraded":["Defend_G","Strike_G"]},{"damage_healed":0.0,"max_hp_gain":0.0,"max_hp_loss":0.0,"gold_gain":0.0,"event_name":"Mushrooms","player_choice":"Fought Mushrooms","floor":14.0,"gold_loss":0.0,"damage_taken":0.0},{"damage_healed":0.0,"max_hp_gain":0.0,"max_hp_loss":0.0,"gold_gain":50.0,"event_name":"Golden Shrine","player_choice":"Pray","floor":20.0,"gold_loss":0.0,"damage_taken":0.0},{"damage_healed":0,"gold_gain":0,"player_choice":"Gave Potion","damage_taken":0,"relics_obtained":["Question Card"],"max_hp_gain":0,"max_hp_loss":0,"event_name":"WeMeetAgain","floor":36,"gold_loss":0},{"damage_healed":0,"gold_gain":0,"player_choice":"Took Portal","damage_taken":0,"max_hp_gain":0,"max_hp_loss":0,"event_name":"SecretPortal","floor":39,"gold_loss":0}],"is_beta":false,"boss_relics":[{"not_picked":["Black Star","Runic Dome"],"picked":"Runic Pyramid"},{"not_picked":["Lizard Tail","Velvet Choker"],"picked":"Coffee Dripper"}],"items_purged_floors":[22,28,38],"is_endless":false,"potions_floor_spawned":[8,10,14,25,30,33],"killed_by":"Donu and Deca","ascension_level":20}