{"gold_per_floor":[113,113,188,23,23,56,73,73,97,117,129,54,85,102,102,174,174,174],"floor_reached":18,"playtime":491,"items_purged":[],"score":340,"play_id":"60241a64-bab1-4474-bb2b-d5f7b02a35b2","local_time":"20190511182326","is_ascension_mode":true,"campfire_choices":[{"floor":8.0,"key":"REST"},{"data":"Demon Form","floor":15.0,"key":"SMITH"}],"neow_cost":"CURSE","seed_source_timestamp":1673520880482872,"circlet_count":0,"master_deck":["AscendersBane","Strike_R","Strike_R","Strike_R","Strike_R","Defend_R","Defend_R","Defend_R","Defend_R","Bash","Immolate","Sword Boomerang","Inflame","Demon Form+1","Feed"],"special_seed":0,"relics":["Burning Blood","Du-Vu Doll","Singing Bowl","PreservedInsect","Bag of Preparation","Calling Bell","Blood Vial","Pantograph","Calipers"],"potions_floor_usage":[],"damage_taken":[{"damage":3.0,"enemies":"2 Louse","floor":1.0,"turns":4.0},{"damage":55.0,"enemies":"Lagavulin","floor":6.0,"turns":8.0},{"damage":7.0,"enemies":"Small Slimes","floor":7.0,"turns":3.0},{"damage":7.0,"enemies":"Jaw Worm","floor":10.0,"turns":3.0},{"damage":13.0,"enemies":"Large Slime","floor":11.0,"turns":4.0},{"damage":6.0,"enemies":"Gremlin Nob","floor":13.0,"turns":3.0},{"damage":11.0,"enemies":"Blue Slaver","floor":14.0,"turns":4.0},{"damage":28,"enemies":"Slime Boss","floor":16,"turns":8},{"damage":33,"enemies":"Shell Parasite","floor":18,"turns":4}],"seed_played":"2566968761313455166","potions_obtained":[{"floor":1.0,"key":"Strength Potion"},{"floor":6.0,"key":"LiquidBronze"},{"floor":13.0,"key":"SteroidPotion"}],"is_trial":false,"path_per_floor":["M","?","?","$","?","E","M","R","T","M","M","?","E","M","R","B",null,"M"],"character_chosen":"IRONCLAD","items_purchased":["Immolate"],"campfire_rested":1,"item_purchase_floors":[4],"current_hp_per_floor":[71,71,60,60,65,16,15,39,39,38,33,33,35,32,32,10,67,36],"gold":174,"neow_bonus":"ONE_RARE_RELIC","is_prod":false,"is_daily":false,"chose_seed":false,"campfire_upgraded":1,"win_rate":0,"timestamp":1557570206,"path_taken":["M","?","?","$","?","E","M","R","T","?","M","?","E","M","R","BOSS","M"],"build_version":"2019-01-23","purchased_purges":0,"victory":false,"max_hp_per_floor":[75,75,75,75,80,80,80,80,80,80,82,82,84,86,86,86,86,86],"card_choices":[{"not_picked":["Hemokinesis","Anger","Clash"],"picked":"SKIP","floor":1.0},{"not_picked":["Ghostly Armor","Thunderclap"],"picked":"Sword Boomerang","floor":6.0},{"not_picked":["Anger","Perfected Strike"],"picked":"Inflame","floor":7.0},{"not_picked":["Thunderclap","Shrug It Off"],"picked":"Demon Form","floor":10.0},{"not_picked":["Twin Strike","Pommel Strike","Sentinel"],"picked":"Singing Bowl","floor":11.0},{"not_picked":["Rupture","Clash","Spot Weakness"],"picked":"Singing Bowl","floor":13.0},{"not_picked":["Flex","True Grit","Heavy Blade"],"picked":"Singing Bowl","floor":14.0},{"not_picked":["Barricade","Dark Embrace"],"picked":"Feed","floor":16}],"player_experience":836119,"relics_obtained":[{"floor":6.0,"key":"Singing Bowl"},{"floor":9.0,"key":"PreservedInsect"},{"floor":13.0,"key":"Bag of Preparation"},{"floor":17,"key":"Blood Vial"},{"floor":17,"key":"Pantograph"},{"floor":17,"key":"Calipers"}],"event_choices":[{"cards_removed":["Doubt"],"damage_healed":0.0,"max_hp_gain":0.0,"max_hp_loss":0.0,"gold_gain":0.0,"event_name":"Living Wall","player_choice":"Forget","floor":2.0,"gold_loss":0.0,"damage_taken":0.0},{"damage_healed":0.0,"max_hp_gain":0.0,"max_hp_loss":0.0,"gold_gain":75.0,"event_name":"World of Goop","player_choice":"Gather Gold","floor":3.0,"gold_loss":0.0,"damage_taken":11.0},{"damage_healed":0.0,"max_hp_gain":5.0,"max_hp_loss":0.0,"gold_gain":0.0,"event_name":"Big Fish","player_choice":"Donut","floor":5.0,"gold_loss":0.0,"damage_taken":0.0},{"cards_removed":["Strike_R"],"damage_healed":0.0,"max_hp_gain":0.0,"max_hp_loss":0.0,"gold_gain":0.0,"event_name":"The Cleric","player_choice":"Card Removal","floor":12.0,"gold_loss":75.0,"damage_taken":0.0}],"is_beta":false,"boss_relics":[{"not_picked":["Runic Cube","Runic Pyramid"],"picked":"Calling Bell"}],"items_purged_floors":[],"is_endless":false,"potions_floor_spawned":[1,6,13],"killed_by":"Shell Parasite","ascension_level":20}