{"gold_per_floor":[118,193,343,160,85,85,97,97,122,153,165,206,218,230],"floor_reached":14,"playtime":336,"items_purged":[],"score":226,"play_id":"8d7347b3-c19d-428d-90f4-715d6f8bae52","local_time":"20190306221446","is_ascension_mode":true,"campfire_choices":[{"data":"Apotheosis","floor":6.0,"key":"SMITH"},{"data":"Bash","floor":11,"key":"SMITH"},{"floor":13,"key":"REST"}],"neow_cost":"NONE","seed_source_timestamp":58539878824962,"circlet_count":0,"master_deck":["AscendersBane","Strike_R","Strike_R","Strike_R","Strike_R","Defend_R","Defend_R","Defend_R","Defend_R","Bash+1","True Grit+1","Doubt","Apotheosis+1","Cleave","Heavy Blade","Pommel Strike"],"special_seed":0,"relics":["Burning Blood","NeowsBlessing","Potion Belt","MawBank","Ornamental Fan"],"potions_floor_usage":[],"damage_taken":[{"damage":0.0,"enemies":"2 Louse","floor":1.0,"turns":1.0},{"damage":0.0,"enemies":"Jaw Worm","floor":7.0,"turns":1.0},{"damage":0,"enemies":"Lagavulin","floor":10,"turns":1},{"damage":41,"enemies":"3 Sentries","floor":12,"turns":11},{"damage":64,"enemies":"Gremlin Nob","floor":14,"turns":4}],"seed_played":"2649815352935379039","potions_obtained":[],"is_trial":false,"path_per_floor":["M","?","?","$","?","R","M","?","T","E","R","E","R","E"],"character_chosen":"IRONCLAD","items_purchased":["Apotheosis"],"campfire_rested":1,"item_purchase_floors":[4],"current_hp_per_floor":[74,63,63,63,63,63,69,69,69,75,75,40,62,0],"gold":230,"neow_bonus":"THREE_ENEMY_KILL","is_prod":false,"is_daily":false,"chose_seed":false,"campfire_upgraded":2,"win_rate":0,"timestamp":1551870886,"path_taken":["M","?","?","?","?","R","?","?","T","E","R","E","R","E"],"build_version":"2019-01-23","purchased_purges":0,"victory":false,"max_hp_per_floor":[75,75,75,75,75,75,75,75,75,75,75,75,75,75],"card_choices":[{"not_picked":["Fire Breathing","Rampage"],"picked":"True Grit","floor":1.0},{"not_picked":["Rage","Shrug It Off"],"picked":"Cleave","floor":7.0},{"not_picked":["Spot Weakness","Intimidate"],"picked":"Heavy Blade","floor":10},{"not_picked":["Infernal Blade","Sword Boomerang"],"picked":"Pommel Strike","floor":12}],"player_experience":813323,"relics_obtained":[{"floor":9,"key":"Potion Belt"},{"floor":10,"key":"MawBank"},{"floor":12,"key":"Ornamental Fan"}],"event_choices":[{"damage_healed":0.0,"max_hp_gain":0.0,"max_hp_loss":0.0,"gold_gain":75.0,"event_name":"World of Goop","player_choice":"Gather Gold","floor":2.0,"gold_loss":0.0,"damage_taken":11.0},{"damage_healed":0.0,"max_hp_gain":0.0,"max_hp_loss":0.0,"gold_gain":150.0,"event_name":"Liars Game","player_choice":"AGREE","floor":3.0,"gold_loss":0.0,"damage_taken":0.0,"cards_obtained":["Doubt"]},{"cards_removed":["Strike_R"],"damage_healed":0.0,"max_hp_gain":0.0,"max_hp_loss":0.0,"gold_gain":0.0,"event_name":"The Cleric","player_choice":"Card Removal","floor":5.0,"gold_loss":75.0,"damage_taken":0.0},{"damage_healed":0,"gold_gain":0,"player_choice":"Forge","damage_taken":0,"max_hp_gain":0,"max_hp_loss":0,"event_name":"Accursed Blacksmith","floor":8,"gold_loss":0,"cards_upgraded":["True Grit"]}],"is_beta":false,"boss_relics":[],"items_purged_floors":[],"is_endless":false,"potions_floor_spawned":[],"killed_by":"Gremlin Nob","ascension_level":18}