{"gold_per_floor":[109,109,259,259,284,284,316,75,125,152,152,183,183,199,199,199],"floor_reached":16,"playtime":344,"items_purged":["Doubt"],"score":328,"play_id":"4f1b68af-76a7-45ab-8d1b-e2dd85417683","local_time":"20190705124545","is_ascension_mode":true,"campfire_choices":[{"floor":6.0,"key":"RECALL"},{"data":"Perfected Strike","floor":11.0,"key":"SMITH"},{"data":"True Grit","floor":13.0,"key":"SMITH"},{"data":"Armaments","floor":15.0,"key":"SMITH"}],"neow_cost":"NONE","seed_source_timestamp":138304217482054,"circlet_count":0,"master_deck":["AscendersBane","Strike_R","Strike_R+1","Strike_R","Strike_R+1","Strike_R+1","Defend_R","Defend_R","Defend_R","Defend_R+1","Bash","Perfected Strike+1","True Grit+1","Armaments+1"],"special_seed":0,"relics":["Burning Blood","NeowsBlessing","Pear","Juzu Bracelet","Boot","Bag of Marbles","Whetstone","Lantern","Mummified Hand"],"potions_floor_usage":[16],"damage_taken":[{"damage":0.0,"enemies":"2 Louse","floor":1.0,"turns":1.0},{"damage":0.0,"enemies":"3 Sentries","floor":7.0,"turns":2.0},{"damage":0.0,"enemies":"Lagavulin","floor":10.0,"turns":1.0},{"damage":8.0,"enemies":"Gremlin Nob","floor":12.0,"turns":3.0},{"damage":0.0,"enemies":"Small Slimes","floor":14.0,"turns":2.0},{"damage":55,"enemies":"Slime Boss","floor":16,"turns":9}],"seed_played":"3022125506047548369","potions_obtained":[{"floor":1.0,"key":"Block Potion"}],"is_trial":false,"path_per_floor":["M","?","?","?","T","R","E","$","T","E","R","E","R","M","R","B"],"character_chosen":"IRONCLAD","items_purchased":["Bag of Marbles"],"campfire_rested":0,"item_purchase_floors":[8],"current_hp_per_floor":[74,51,51,43,43,43,49,49,49,55,55,53,53,59,59,4],"gold":199,"neow_bonus":"THREE_ENEMY_KILL","is_prod":false,"is_daily":false,"chose_seed":false,"campfire_upgraded":3,"win_rate":0,"timestamp":1562301945,"path_taken":["M","?","?","?","?","R","E","$","T","E","R","E","R","M","R","BOSS"],"build_version":"2019-07-01","purchased_purges":1,"victory":false,"max_hp_per_floor":[75,75,75,85,85,85,85,85,85,85,85,85,85,85,85,85],"card_choices":[{"not_picked":["Reckless Charge","Cleave","Headbutt"],"picked":"SKIP","floor":1.0},{"not_picked":["Disarm","Clothesline","Juggernaut"],"picked":"SKIP","floor":7.0},{"not_picked":["Sword Boomerang","Blood for Blood"],"picked":"Perfected Strike","floor":10.0},{"not_picked":["Body Slam","Hemokinesis"],"picked":"True Grit","floor":12.0},{"not_picked":["Wild Strike","Clothesline"],"picked":"Armaments","floor":14.0}],"player_experience":1054076,"relics_obtained":[{"floor":5.0,"key":"Juzu Bracelet"},{"floor":7.0,"key":"Boot"},{"floor":9.0,"key":"Whetstone"},{"floor":10.0,"key":"Lantern"},{"floor":12.0,"key":"Mummified Hand"}],"event_choices":[{"damage_healed":0.0,"max_hp_gain":0.0,"max_hp_loss":0.0,"gold_gain":0.0,"event_name":"Shining Light","player_choice":"Entered Light","floor":2.0,"gold_loss":0.0,"damage_taken":23.0,"cards_upgraded":["Strike_R","Defend_R"]},{"damage_healed":0.0,"max_hp_gain":0.0,"max_hp_loss":0.0,"gold_gain":150.0,"event_name":"Liars Game","player_choice":"AGREE","floor":3.0,"gold_loss":0.0,"damage_taken":0.0,"cards_obtained":["Doubt"]},{"damage_healed":0.0,"max_hp_gain":0.0,"max_hp_loss":0.0,"gold_gain":0.0,"event_name":"Scrap Ooze","player_choice":"Success","floor":4.0,"gold_loss":0.0,"damage_taken":18.0,"relics_obtained":["Pear"]}],"is_beta":false,"boss_relics":[],"items_purged_floors":[8],"is_endless":false,"potions_floor_spawned":[1],"killed_by":"Slime Boss","ascension_level":20}