{"gold_per_floor":[215,215,140,315,328,328,359,359,382,396,197,213,213],"floor_reached":13,"playtime":855,"items_purged":["Strike_B"],"score":83,"play_id":"632abf30-7583-4c5d-b5f2-ee4f4dfc54e2","local_time":"20181229183844","is_ascension_mode":false,"campfire_choices":[{"floor":6.0,"key":"REST"}],"neow_cost":"NONE","seed_source_timestamp":0,"circlet_count":0,"master_deck":["Strike_B","Strike_B","Strike_B","Defend_B","Defend_B","Defend_B","Defend_B","Zap","Dualcast","Barrage","Doubt","Beam Cell","Self Repair","Rebound","Multi-Cast","Coolheaded","Leap","Coolheaded"],"special_seed":0,"relics":["Cracked Core","Orichalcum","Bag of Preparation","Lantern"],"potions_floor_usage":[13],"damage_taken":[{"damage":8.0,"enemies":"2 Louse","floor":1.0,"turns":3.0},{"damage":9.0,"enemies":"Jaw Worm","floor":5.0,"turns":5.0},{"damage":45.0,"enemies":"Lagavulin","floor":7.0,"turns":9.0},{"damage":2.0,"enemies":"Small Slimes","floor":10.0,"turns":3.0},{"damage":1,"enemies":"Red Slaver","floor":12,"turns":4},{"damage":41,"enemies":"Exordium Thugs","floor":13,"turns":6}],"seed_played":"59531697738502407","potions_obtained":[{"floor":10.0,"key":"Ancient Potion"},{"floor":12,"key":"Dexterity Potion"}],"is_trial":false,"path_per_floor":["M","?","$","?","M","R","E","?","T","M","$","M","M"],"character_chosen":"DEFECT","items_purchased":["Leap","Lantern"],"campfire_rested":1,"item_purchase_floors":[11,11],"current_hp_per_floor":[67,67,67,67,58,75,30,30,30,35,35,41,0],"gold":213,"neow_bonus":"HUNDRED_GOLD","is_prod":false,"is_daily":false,"chose_seed":false,"campfire_upgraded":0,"win_rate":0,"timestamp":1546069124,"path_taken":["M","?","$","?","M","R","E","?","T","M","$","?","M"],"build_version":"2018-12-20","purchased_purges":1,"victory":false,"max_hp_per_floor":[75,75,75,75,75,75,75,75,75,75,75,75,75],"card_choices":[{"not_picked":["Loop","Compile Driver"],"picked":"Barrage","floor":1.0},{"not_picked":["White Noise","Loop"],"picked":"Beam Cell","floor":5.0},{"not_picked":["FTL","Heatsinks"],"picked":"Self Repair","floor":7.0},{"not_picked":["Streamline","Conserve Battery"],"picked":"Coolheaded","floor":10.0},{"not_picked":["Beam Cell","Recycle"],"picked":"Coolheaded","floor":12}],"player_experience":348420,"relics_obtained":[{"floor":7.0,"key":"Orichalcum"},{"floor":9.0,"key":"Bag of Preparation"}],"event_choices":[{"damage_healed":0.0,"max_hp_gain":0.0,"max_hp_loss":0.0,"gold_gain":0.0,"event_name":"Shining Light","player_choice":"Ignored","floor":2.0,"gold_loss":0.0,"damage_taken":0.0},{"damage_healed":0.0,"max_hp_gain":0.0,"max_hp_loss":0.0,"gold_gain":175.0,"event_name":"Liars Game","player_choice":"AGREE","floor":4.0,"gold_loss":0.0,"damage_taken":0.0,"cards_obtained":["Doubt"]},{"damage_healed":0.0,"max_hp_gain":0.0,"max_hp_loss":0.0,"gold_gain":0.0,"event_name":"Match and Keep!","player_choice":"2 cards matched","floor":8.0,"gold_loss":0.0,"damage_taken":0.0,"cards_obtained":["Rebound","Multi-Cast"]}],"is_beta":false,"boss_relics":[],"items_purged_floors":[3],"is_endless":false,"potions_floor_spawned":[10,12],"killed_by":"Exordium Thugs","ascension_level":0}