{"gold_per_floor":[116,131,89,108,33,33,183,208,268,280,292,321,346,372,384,396],"floor_reached":16,"playtime":354,"items_purged":[],"score":194,"play_id":"9656356a-1cc6-438f-b6be-5ba243bfcfba","local_time":"20190307120733","is_ascension_mode":true,"campfire_choices":[{"data":"Feel No Pain","floor":6.0,"key":"SMITH"},{"floor":11,"key":"REST"},{"floor":15,"key":"REST"}],"neow_cost":"NONE","seed_source_timestamp":84617600266459,"circlet_count":0,"master_deck":["AscendersBane","Strike_R","Strike_R","Strike_R","Strike_R","Defend_R","Defend_R","Defend_R","Defend_R","Bash+1","Flex","Feel No Pain+1","Bloodletting","Headbutt","Doubt","Clothesline","Reckless Charge","Inflame","Whirlwind","Anger","Twin Strike"],"special_seed":0,"relics":["Burning Blood","NeowsBlessing","MawBank","Dream Catcher"],"potions_floor_usage":[13,14],"damage_taken":[{"damage":0.0,"enemies":"Cultist","floor":1.0,"turns":1.0},{"damage":0.0,"enemies":"Small Slimes","floor":2.0,"turns":1.0},{"damage":0.0,"enemies":"Jaw Worm","floor":4.0,"turns":1.0},{"damage":28.0,"enemies":"Gremlin Nob","floor":8.0,"turns":4.0},{"damage":14,"enemies":"Looter","floor":12,"turns":3},{"damage":18,"enemies":"Gremlin Gang","floor":13,"turns":4},{"damage":30,"enemies":"Exordium Thugs","floor":14,"turns":4},{"damage":56,"enemies":"Slime Boss","floor":16,"turns":7}],"seed_played":"1082010113564981219","potions_obtained":[{"floor":8.0,"key":"Swift Potion"},{"floor":13,"key":"Explosive Potion"}],"is_trial":false,"path_per_floor":["M","M","$","M","?","R","?","E","T","?","R","M","M","M","R","B"],"character_chosen":"IRONCLAD","items_purchased":["Bloodletting"],"campfire_rested":2,"item_purchase_floors":[3],"current_hp_per_floor":[74,75,75,75,75,75,75,53,53,53,75,67,55,31,53,0],"gold":396,"neow_bonus":"THREE_ENEMY_KILL","is_prod":false,"is_daily":false,"chose_seed":false,"campfire_upgraded":1,"win_rate":0,"timestamp":1551920853,"path_taken":["M","?","$","M","?","R","?","E","T","?","R","?","M","?","R","BOSS"],"build_version":"2019-01-23","purchased_purges":0,"victory":false,"max_hp_per_floor":[75,75,75,75,75,75,75,75,75,75,75,75,75,75,75,75],"card_choices":[{"not_picked":["Pummel","Headbutt"],"picked":"Flex","floor":1.0},{"not_picked":["Rage","Cleave"],"picked":"Feel No Pain","floor":2.0},{"not_picked":["Pummel","Sword Boomerang"],"picked":"Headbutt","floor":4.0},{"not_picked":["Headbutt","Sever Soul"],"picked":"Clothesline","floor":8.0},{"not_picked":["Intimidate","Warcry"],"picked":"Reckless Charge","floor":11},{"not_picked":["Thunderclap","Brutality"],"picked":"Inflame","floor":12},{"not_picked":["Rage","Inflame"],"picked":"Whirlwind","floor":13},{"not_picked":["Thunderclap","Twin Strike"],"picked":"Anger","floor":14},{"not_picked":["Sword Boomerang","Headbutt"],"picked":"Twin Strike","floor":15}],"player_experience":822531,"relics_obtained":[{"floor":8.0,"key":"MawBank"},{"floor":9.0,"key":"Dream Catcher"}],"event_choices":[{"cards_removed":["Strike_R"],"damage_healed":0.0,"max_hp_gain":0.0,"max_hp_loss":0.0,"gold_gain":0.0,"event_name":"The Cleric","player_choice":"Card Removal","floor":5.0,"gold_loss":75.0,"damage_taken":0.0},{"damage_healed":0.0,"max_hp_gain":0.0,"max_hp_loss":0.0,"gold_gain":150.0,"event_name":"Liars Game","player_choice":"AGREE","floor":7.0,"gold_loss":0.0,"damage_taken":0.0,"cards_obtained":["Doubt"]},{"damage_healed":0.0,"max_hp_gain":0.0,"max_hp_loss":0.0,"gold_gain":0.0,"event_name":"Upgrade Shrine","player_choice":"Upgraded","floor":10.0,"gold_loss":0.0,"damage_taken":0.0,"cards_upgraded":["Bash"]}],"is_beta":false,"boss_relics":[],"items_purged_floors":[],"is_endless":false,"potions_floor_spawned":[8,13],"killed_by":"Slime Boss","ascension_level":18}