{"gold_per_floor":[113,128,128,143,166,33,33,33,82,101,101,120,158,176,176,300,300,313,265,288,288,309,309,330,405,452,452,467,482,497,522,522,522],"floor_reached":33,"playtime":2449,"items_purged":[],"score":255,"play_id":"d4424677-59a0-4253-8136-855e2e087723","local_time":"20190809204335","is_ascension_mode":false,"campfire_choices":[{"data":"Flame Barrier","floor":7.0,"key":"SMITH"},{"data":"Flex","floor":11.0,"key":"SMITH"},{"data":"Heavy Blade","floor":15.0,"key":"SMITH"},{"data":"Infernal Blade","floor":23.0,"key":"SMITH"},{"floor":27.0,"key":"REST"},{"floor":32,"key":"REST"}],"neow_cost":"NONE","seed_source_timestamp":0,"circlet_count":0,"master_deck":["Strike_R","Strike_R","Strike_R","Strike_R","Strike_R","Defend_R+1","Defend_R","Defend_R","Defend_R","Bash","Flex+1","Headbutt","Perfected Strike+1","Shrug It Off","Cleave","Flame Barrier+1","Heavy Blade+1","Infernal Blade+1","Inflame","Armaments","Seeing Red","Shrug It Off+1","Flex+1","Ghostly Armor"],"special_seed":0,"relics":["Burning Blood","NeowsBlessing","Golden Idol","Centennial Puzzle","Strawberry","Runic Cube","Oddly Smooth Stone"],"potions_floor_usage":[33],"damage_taken":[{"damage":0.0,"enemies":"2 Louse","floor":1.0,"turns":2.0},{"damage":0.0,"enemies":"Small Slimes","floor":2.0,"turns":2.0},{"damage":0.0,"enemies":"Cultist","floor":4.0,"turns":1.0},{"damage":22.0,"enemies":"Lots of Slimes","floor":5.0,"turns":4.0},{"damage":0.0,"enemies":"Blue Slaver","floor":10.0,"turns":3.0},{"damage":0.0,"enemies":"Large Slime","floor":12.0,"turns":3.0},{"damage":18.0,"enemies":"Lagavulin","floor":13.0,"turns":5.0},{"damage":0.0,"enemies":"Exordium Thugs","floor":14.0,"turns":4.0},{"damage":28.0,"enemies":"Slime Boss","floor":16.0,"turns":9.0},{"damage":5.0,"enemies":"Chosen","floor":18.0,"turns":4.0},{"damage":15.0,"enemies":"3 Byrds","floor":20.0,"turns":4.0},{"damage":23.0,"enemies":"Centurion and Healer","floor":22.0,"turns":6.0},{"damage":48.0,"enemies":"Shelled Parasite and Fungi","floor":24.0,"turns":6.0},{"damage":10.0,"enemies":"Cultist and Chosen","floor":28.0,"turns":7.0},{"damage":4.0,"enemies":"Centurion and Healer","floor":29.0,"turns":5.0},{"damage":21.0,"enemies":"Shelled Parasite and Fungi","floor":30.0,"turns":3.0},{"damage":20.0,"enemies":"Snake Plant","floor":31.0,"turns":7.0},{"damage":54,"enemies":"Collector","floor":33,"turns":6}],"seed_played":"8984395194173861412","potions_obtained":[{"floor":4.0,"key":"BloodPotion"},{"floor":5.0,"key":"EntropicBrew"},{"floor":14.0,"key":"Fire Potion"},{"floor":16.0,"key":"LiquidBronze"},{"floor":30.0,"key":"LiquidBronze"}],"is_trial":false,"path_per_floor":["M","M","?","M","M","$","R","?","T","M","R","M","E","M","R","B",null,"M","$","M","?","M","R","M","?","T","R","M","M","M","M","R","B"],"character_chosen":"IRONCLAD","items_purchased":["Cleave","Flame Barrier","Armaments"],"campfire_rested":2,"item_purchase_floors":[6,6,19],"current_hp_per_floor":[80,80,60,66,50,50,50,34,34,40,40,46,41,47,47,25,87,87,87,78,78,61,61,40,32,32,58,54,56,41,27,53,0],"gold":522,"neow_bonus":"THREE_ENEMY_KILL","is_prod":false,"is_daily":false,"chose_seed":false,"campfire_upgraded":4,"win_rate":0,"timestamp":1565354615,"path_taken":["M","M","?","M","M","$","R","?","T","M","R","M","E","M","R","BOSS","M","$","M","?","M","R","M","?","T","R","M","?","M","M","R","BOSS"],"build_version":"2019-07-17","purchased_purges":0,"victory":false,"max_hp_per_floor":[80,80,80,80,80,80,80,80,80,80,80,80,87,87,87,87,87,87,87,87,87,87,87,87,87,87,87,87,87,87,87,87,87],"card_choices":[{"not_picked":["Heavy Blade","Clothesline"],"picked":"Flex","floor":1.0},{"not_picked":["Entrench","Reckless Charge"],"picked":"Headbutt","floor":2.0},{"not_picked":["Clash","Cleave"],"picked":"Perfected Strike","floor":4.0},{"not_picked":["Armaments","Brutality"],"picked":"Shrug It Off","floor":5.0},{"not_picked":["Searing Blow","Thunderclap"],"picked":"Heavy Blade","floor":10.0},{"not_picked":["Body Slam","True Grit"],"picked":"Infernal Blade","floor":12.0},{"not_picked":["Headbutt","Clothesline","Exhume"],"picked":"SKIP","floor":13.0},{"not_picked":["Clothesline","Heavy Blade"],"picked":"Inflame","floor":14.0},{"not_picked":["Heavy Blade","Disarm","Flex"],"picked":"SKIP","floor":18.0},{"not_picked":["Shockwave","Iron Wave","Fire Breathing+1"],"picked":"SKIP","floor":20.0},{"not_picked":["Brutality","Headbutt"],"picked":"Seeing Red","floor":22.0},{"not_picked":["Perfected Strike","Evolve"],"picked":"Shrug It Off+1","floor":24.0},{"not_picked":["Iron Wave","Thunderclap"],"picked":"Flex+1","floor":28.0},{"not_picked":["Spot Weakness+1","Rupture","Combust"],"picked":"SKIP","floor":29.0},{"not_picked":["Clash","Heavy Blade"],"picked":"Ghostly Armor","floor":30.0},{"not_picked":["Clothesline","Havoc","Cleave"],"picked":"SKIP","floor":31.0}],"player_experience":92859,"relics_obtained":[{"floor":9.0,"key":"Centennial Puzzle"},{"floor":13.0,"key":"Strawberry"},{"floor":26.0,"key":"Oddly Smooth Stone"}],"event_choices":[{"damage_healed":0.0,"max_hp_gain":0.0,"max_hp_loss":0.0,"gold_gain":0.0,"event_name":"Golden Idol","player_choice":"Take Damage","floor":3.0,"gold_loss":0.0,"damage_taken":20.0,"relics_obtained":["Golden Idol"]},{"damage_healed":0.0,"max_hp_gain":0.0,"max_hp_loss":0.0,"gold_gain":0.0,"event_name":"Shining Light","player_choice":"Entered Light","floor":8.0,"gold_loss":0.0,"damage_taken":16.0,"cards_upgraded":["Defend_R","Perfected Strike"]},{"damage_healed":0.0,"max_hp_gain":0.0,"max_hp_loss":0.0,"gold_gain":0.0,"event_name":"Beggar","player_choice":"Ignored","floor":21.0,"gold_loss":0.0,"damage_taken":0.0},{"damage_healed":0.0,"max_hp_gain":0.0,"max_hp_loss":0.0,"gold_gain":75.0,"event_name":"FaceTrader","player_choice":"Touch","floor":25.0,"gold_loss":0.0,"damage_taken":8.0}],"is_beta":false,"boss_relics":[{"not_picked":["Runic Dome","Calling Bell"],"picked":"Runic Cube"}],"items_purged_floors":[],"is_endless":false,"potions_floor_spawned":[4,5,14,16,18,22,30],"killed_by":"Collector","ascension_level":0}