{"gold_per_floor":[117,117,132,97,112,112,155,181,181,181],"floor_reached":10,"playtime":205,"items_purged":[],"score":125,"play_id":"0987603e-05db-4df3-847e-b382d8bfe4d6","local_time":"20190307154628","is_ascension_mode":true,"campfire_choices":[{"data":"Cleave","floor":6,"key":"SMITH"}],"neow_cost":"NONE","seed_source_timestamp":97922324403876,"circlet_count":0,"master_deck":["AscendersBane","Strike_R","Strike_R","Strike_R","Strike_R","Strike_R","Defend_R","Defend_R","Defend_R","Defend_R","Bash","Cleave+1","Headbutt","Headbutt","Infernal Blade","Cleave"],"relics":["Burning Blood","NeowsBlessing","Golden Idol","Mercury Hourglass","Odd Mushroom","Bag of Preparation"],"potions_floor_usage":[8,10],"damage_taken":[{"damage":0,"enemies":"Jaw Worm","floor":1,"turns":1},{"damage":0,"enemies":"2 Louse","floor":3,"turns":1},{"damage":0,"enemies":"Small Slimes","floor":5,"turns":1},{"damage":60,"enemies":"Lagavulin","floor":7,"turns":6},{"damage":12,"enemies":"The Mushroom Lair","floor":8,"turns":2},{"damage":20,"enemies":"3 Sentries","floor":10,"turns":2}],"seed_played":"-5489231751298254457","potions_obtained":[{"floor":1,"key":"SpeedPotion"},{"floor":3,"key":"Strength Potion"},{"floor":5,"key":"SkillPotion"}],"is_trial":false,"path_per_floor":["M","?","M","?","M","R","E","?","T","E"],"character_chosen":"IRONCLAD","items_purchased":[],"campfire_rested":0,"item_purchase_floors":[],"current_hp_per_floor":[74,48,54,72,75,75,21,15,15,0],"gold":181,"neow_bonus":"THREE_ENEMY_KILL","is_prod":false,"is_daily":false,"chose_seed":false,"campfire_upgraded":1,"win_rate":0,"timestamp":1551933988,"path_taken":["M","?","M","?","M","R","E","?","T","E"],"build_version":"2019-01-23","purchased_purges":0,"victory":false,"max_hp_per_floor":[75,75,75,75,75,75,75,75,75,75],"card_choices":[{"not_picked":["Infernal Blade","Disarm"],"picked":"Cleave","floor":1},{"not_picked":["Wild Strike","Sword Boomerang"],"picked":"Headbutt","floor":3},{"not_picked":["Brutality","Sword Boomerang"],"picked":"Headbutt","floor":5},{"not_picked":["Armaments","Clothesline"],"picked":"Infernal Blade","floor":7},{"not_picked":["Reckless Charge","Headbutt"],"picked":"Cleave","floor":8}],"player_experience":823451,"relics_obtained":[{"floor":7,"key":"Mercury Hourglass"},{"floor":8,"key":"Odd Mushroom"},{"floor":9,"key":"Bag of Preparation"}],"event_choices":[{"damage_healed":0,"gold_gain":0,"player_choice":"Take Damage","damage_taken":26,"relics_obtained":["Golden Idol"],"max_hp_gain":0,"max_hp_loss":0,"event_name":"Golden Idol","floor":2,"gold_loss":0},{"damage_healed":18,"gold_gain":0,"player_choice":"Healed","damage_taken":0,"max_hp_gain":0,"max_hp_loss":0,"event_name":"The Cleric","floor":4,"gold_loss":35},{"damage_healed":0,"gold_gain":0,"player_choice":"Fought Mushrooms","damage_taken":0,"max_hp_gain":0,"max_hp_loss":0,"event_name":"Mushrooms","floor":8,"gold_loss":0}],"is_beta":false,"boss_relics":[],"items_purged_floors":[],"is_endless":false,"potions_floor_spawned":[1,3,5],"killed_by":"3 Sentries","ascension_level":18}