{"gold_per_floor":[114,132,156,174,174,174,199,234,234,257,257,276,294,312,312,408,408,408],"floor_reached":18,"playtime":867,"items_purged":[],"score":307,"play_id":"8fbe0a4f-ffe6-41a8-92bf-45332311ed10","local_time":"20190302235038","is_ascension_mode":true,"campfire_choices":[{"data":"Rampage","floor":6,"key":"SMITH"},{"data":"Armaments","floor":11,"key":"SMITH"},{"floor":15,"key":"REST"}],"neow_cost":"NONE","seed_source_timestamp":637971593857081,"circlet_count":0,"master_deck":["AscendersBane","Strike_R+1","Strike_R","Strike_R","Strike_R","Strike_R","Defend_R","Defend_R","Defend_R","Defend_R","Bash+1","Rampage+1","Flex","Shrug It Off","Injury","Twin Strike","Armaments+1","Burning Pact","True Grit","Iron Wave+1","Rage","Impervious"],"relics":["Black Blood","Whetstone","Golden Idol","Omamori","Molten Egg 2"],"potions_floor_usage":[7,8,10,13,16],"damage_taken":[{"damage":7,"enemies":"Cultist","floor":1,"turns":4},{"damage":11,"enemies":"Small Slimes","floor":2,"turns":4},{"damage":12,"enemies":"Jaw Worm","floor":4,"turns":3},{"damage":8,"enemies":"Blue Slaver","floor":7,"turns":4},{"damage":17,"enemies":"Gremlin Nob","floor":8,"turns":4},{"damage":4,"enemies":"2 Fungi Beasts","floor":10,"turns":5},{"damage":17,"enemies":"Looter","floor":12,"turns":3},{"damage":4,"enemies":"Red Slaver","floor":13,"turns":4},{"damage":9,"enemies":"Blue Slaver","floor":14,"turns":4},{"damage":56,"enemies":"Slime Boss","floor":16,"turns":12},{"damage":70,"enemies":"Spheric Guardian","floor":18,"turns":11}],"seed_played":"436458104385582686","potions_obtained":[{"floor":1,"key":"Poison Potion"},{"floor":2,"key":"Regen Potion"},{"floor":7,"key":"Weak Potion"},{"floor":8,"key":"Weak Potion"},{"floor":13,"key":"SkillPotion"}],"is_trial":false,"path_per_floor":["M","M","T","M","?","R","M","E","T","M","R","M","M","M","R","B",null,"M"],"character_chosen":"IRONCLAD","items_purchased":[],"campfire_rested":1,"item_purchase_floors":[],"current_hp_per_floor":[74,69,69,63,63,63,73,62,62,64,64,53,55,52,76,26,68,0],"gold":408,"neow_bonus":"TEN_PERCENT_HP_BONUS","is_prod":false,"is_daily":false,"chose_seed":false,"campfire_upgraded":2,"win_rate":0,"timestamp":1551531038,"path_taken":["M","?","?","?","?","R","M","E","T","M","R","M","M","M","R","BOSS","M"],"build_version":"2019-01-23","purchased_purges":0,"victory":false,"max_hp_per_floor":[82,82,82,82,82,82,82,82,82,82,82,82,82,82,82,82,82,82],"card_choices":[{"not_picked":["Iron Wave","Anger"],"picked":"Rampage","floor":1},{"not_picked":["Twin Strike","Sever Soul"],"picked":"Flex","floor":2},{"not_picked":["Fire Breathing","Dropkick"],"picked":"Shrug It Off","floor":4},{"not_picked":["Perfected Strike","Clash","Twin Strike"],"picked":"SKIP","floor":7},{"not_picked":["Perfected Strike","Clash"],"picked":"Twin Strike","floor":7},{"not_picked":["Dropkick","Flame Barrier"],"picked":"Armaments","floor":8},{"not_picked":["Sword Boomerang+1","Intimidate"],"picked":"Burning Pact","floor":10},{"not_picked":["Armaments","Combust"],"picked":"True Grit","floor":12},{"not_picked":["Sword Boomerang+1","Shrug It Off"],"picked":"Iron Wave+1","floor":13},{"not_picked":["Brutality","Dropkick+1"],"picked":"Rage","floor":14},{"not_picked":["Dark Embrace","Double Tap"],"picked":"Impervious","floor":16}],"player_experience":792766,"relics_obtained":[{"floor":3,"key":"Whetstone"},{"floor":8,"key":"Omamori"},{"floor":9,"key":"Molten Egg 2"}],"event_choices":[{"damage_healed":0,"gold_gain":0,"player_choice":"Take Wound","damage_taken":0,"relics_obtained":["Golden Idol"],"max_hp_gain":0,"max_hp_loss":0,"event_name":"Golden Idol","floor":5,"gold_loss":0,"cards_obtained":["Injury"]}],"is_beta":false,"boss_relics":[{"not_picked":["Philosopher\u0027s Stone","Empty Cage"],"picked":"Black Blood"}],"items_purged_floors":[],"is_endless":false,"potions_floor_spawned":[1,2,7,8,13],"killed_by":"Spheric Guardian","ascension_level":17}