{"gold_per_floor":[110,110,185,203,63,90,90,117,117,117,117,130,145,145,145,249,249,267,124,152,152,164,164,164,164],"floor_reached":25,"playtime":1168,"items_purged":[],"score":259,"play_id":"32cf562a-ed8a-405a-ac12-273934a605aa","local_time":"20190713231002","is_ascension_mode":true,"campfire_choices":[{"data":"Demon Form","floor":7,"key":"SMITH"},{"floor":10,"key":"REST"},{"floor":15,"key":"REST"},{"data":"Rage","floor":23,"key":"SMITH"},{"data":"Feel No Pain","floor":24,"key":"SMITH"}],"neow_cost":"NONE","seed_source_timestamp":2429640363425600,"circlet_count":0,"master_deck":["Strike_R","Strike_R","Strike_R","Strike_R","Strike_R","Defend_R","Defend_R","Defend_R","Bash","Rage+1","Demon Form+1","Intimidate+1","Rage+1","Reaper","Double Tap+1","Feel No Pain+1","Dual Wield+1"],"relics":["Burning Blood","Pen Nib","Toxic Egg 2","WingedGreaves","Self Forming Clay","Busted Crown","Anchor","Red Mask"],"potions_floor_usage":[6,16,20,20,22],"damage_taken":[{"damage":7,"enemies":"Small Slimes","floor":1,"turns":3},{"damage":1,"enemies":"Jaw Worm","floor":4,"turns":3},{"damage":24,"enemies":"Gremlin Nob","floor":6,"turns":4},{"damage":52,"enemies":"3 Sentries","floor":8,"turns":7},{"damage":0,"enemies":"Cultist","floor":12,"turns":4},{"damage":32,"enemies":"Exordium Thugs","floor":13,"turns":5},{"damage":22,"enemies":"Hexaghost","floor":16,"turns":8},{"damage":8,"enemies":"Chosen","floor":18,"turns":5},{"damage":31,"enemies":"Masked Bandits","floor":20,"turns":7},{"damage":4,"enemies":"Shell Parasite","floor":22,"turns":3},{"damage":91,"enemies":"Slavers","floor":25,"turns":6}],"seed_played":"2599800236857707750","potions_obtained":[{"floor":1,"key":"BloodPotion"},{"floor":6,"key":"FearPotion"},{"floor":8,"key":"GamblersBrew"},{"floor":13,"key":"Fire Potion"},{"floor":18,"key":"Energy Potion"}],"is_trial":false,"path_per_floor":["M","?","?","M","$","E","R","E","T","R","?","M","M","$","R","B",null,"M","$","?","?","M","R","R","E"],"character_chosen":"IRONCLAD","items_purchased":["Demon Form","Anchor"],"campfire_rested":2,"item_purchase_floors":[5,19],"current_hp_per_floor":[79,72,61,66,66,68,68,22,22,46,46,52,34,34,58,68,77,75,75,55,80,80,80,80,0],"gold":164,"neow_bonus":"RANDOM_COMMON_RELIC","is_prod":false,"is_daily":false,"chose_seed":false,"campfire_upgraded":3,"win_rate":0,"timestamp":1563084602,"path_taken":["M","?","?","M","$","E","R","E","T","R","?","?","M","$","R","BOSS","M","$","?","?","?","R","R","E"],"build_version":"2019-07-05","purchased_purges":0,"victory":false,"max_hp_per_floor":[80,80,80,80,80,80,80,80,80,80,80,80,80,80,80,80,80,80,80,80,80,80,80,80,80],"card_choices":[{"not_picked":["Headbutt","Flex"],"picked":"Rage","floor":1},{"not_picked":["Warcry","Wild Strike","Blood for Blood"],"picked":"SKIP","floor":4},{"not_picked":["Warcry","Disarm"],"picked":"Intimidate","floor":6},{"not_picked":["Heavy Blade","Twin Strike"],"picked":"Rage+1","floor":8},{"not_picked":["Rage+1","Battle Trance+1"],"picked":"Reaper","floor":12},{"not_picked":["Bloodletting+1","Flex+1","Havoc+1"],"picked":"SKIP","floor":13},{"not_picked":["Exhume+1","Fiend Fire"],"picked":"Double Tap+1","floor":16},{"not_picked":[],"picked":"Feel No Pain","floor":18},{"not_picked":[],"picked":"Dual Wield+1","floor":22}],"player_experience":661498,"relics_obtained":[{"floor":6,"key":"Toxic Egg 2"},{"floor":8,"key":"WingedGreaves"},{"floor":9,"key":"Self Forming Clay"},{"floor":20,"key":"Red Mask"}],"event_choices":[{"cards_removed":["Defend_R"],"damage_healed":0,"gold_gain":0,"player_choice":"Card Removal","damage_taken":7,"max_hp_gain":0,"max_hp_loss":0,"event_name":"Golden Wing","floor":2,"gold_loss":0},{"damage_healed":0,"gold_gain":75,"player_choice":"Gather Gold","damage_taken":11,"max_hp_gain":0,"max_hp_loss":0,"event_name":"World of Goop","floor":3,"gold_loss":0},{"damage_healed":0,"gold_gain":0,"player_choice":"Bought 0 Potions","damage_taken":0,"max_hp_gain":0,"max_hp_loss":0,"event_name":"The Woman in Blue","floor":11,"gold_loss":0},{"damage_healed":0,"gold_gain":0,"player_choice":"Fought Bandits","damage_taken":0,"max_hp_gain":0,"max_hp_loss":0,"event_name":"Masked Bandits","floor":20,"gold_loss":0},{"damage_healed":25,"gold_gain":0,"player_choice":"Full Heal","damage_taken":0,"max_hp_gain":0,"max_hp_loss":0,"event_name":"Wheel of Change","floor":21,"gold_loss":0}],"is_beta":false,"boss_relics":[{"not_picked":["Calling Bell","Runic Cube"],"picked":"Busted Crown"}],"items_purged_floors":[],"is_endless":false,"potions_floor_spawned":[1,6,8,13,18],"killed_by":"Slavers","ascension_level":5}