{"gold_per_floor":[211,211,227,402,415,515,327,345,345,360,376,708,720,228,228,323,323,341,351,369,387,312,312,327,327,327,346,346,356,7,19,19,120,120],"floor_reached":34,"playtime":1173,"items_purged":["Doubt","Strike_R","Strike_R"],"score":385,"play_id":"1b794ef9-f477-4a10-8437-205ecd455799","local_time":"20190520124113","is_ascension_mode":false,"campfire_choices":[{"data":"Flex","floor":15.0,"key":"SMITH"},{"data":"Demon Form","floor":23.0,"key":"SMITH"},{"data":"Whirlwind","floor":25.0,"key":"SMITH"},{"data":"Evolve","floor":28.0,"key":"SMITH"},{"data":"Entrench","floor":32.0,"key":"SMITH"}],"neow_cost":"NONE","seed_source_timestamp":0,"circlet_count":0,"master_deck":["Bash","Armaments+1","Flex+1","Rampage","Deep Breath+1","Pommel Strike","Immolate","Power Through","Evolve+1","Sword Boomerang","Demon Form+1","Second Wind","Whirlwind+1","True Grit","Body Slam","Entrench+1","Shrug It Off","Reaper"],"special_seed":0,"relics":["Burning Blood","Ginger","Old Coin","Medical Kit","War Paint","Coffee Dripper","Paper Frog","Membership Card","Pandora\u0027s Box"],"potions_floor_usage":[],"damage_taken":[{"damage":1.0,"enemies":"Cultist","floor":1.0,"turns":3.0},{"damage":4.0,"enemies":"Jaw Worm","floor":3.0,"turns":4.0},{"damage":9.0,"enemies":"Small Slimes","floor":5.0,"turns":5.0},{"damage":13.0,"enemies":"Gremlin Gang","floor":8.0,"turns":5.0},{"damage":17.0,"enemies":"Looter","floor":10.0,"turns":4.0},{"damage":0.0,"enemies":"Exordium Wildlife","floor":11.0,"turns":2.0},{"damage":14.0,"enemies":"Gremlin Nob","floor":12.0,"turns":3.0},{"damage":0.0,"enemies":"Gremlin Gang","floor":13.0,"turns":1.0},{"damage":31.0,"enemies":"Slime Boss","floor":16.0,"turns":6.0},{"damage":15.0,"enemies":"2 Thieves","floor":18.0,"turns":3.0},{"damage":19.0,"enemies":"3 Byrds","floor":19.0,"turns":4.0},{"damage":25.0,"enemies":"Shelled Parasite and Fungi","floor":20.0,"turns":6.0},{"damage":10.0,"enemies":"Cultist and Chosen","floor":21.0,"turns":5.0},{"damage":8.0,"enemies":"3 Cultists","floor":24.0,"turns":4.0},{"damage":15.0,"enemies":"Shelled Parasite and Fungi","floor":27.0,"turns":4.0},{"damage":17.0,"enemies":"Snake Plant","floor":29.0,"turns":4.0},{"damage":0.0,"enemies":"Centurion and Healer","floor":31.0,"turns":6.0},{"damage":14.0,"enemies":"Automaton","floor":33.0,"turns":10.0}],"seed_played":"929750767539141594","potions_obtained":[{"floor":5.0,"key":"GamblersBrew"},{"floor":10.0,"key":"Explosive Potion"},{"floor":12.0,"key":"SteroidPotion"},{"floor":19.0,"key":"SpeedPotion"},{"floor":21.0,"key":"AttackPotion"},{"floor":24.0,"key":"AttackPotion"},{"floor":33.0,"key":"Regen Potion"}],"is_trial":false,"path_per_floor":["M","?","M","?","M","?","$","M","T","M","M","E","M","$","R","B",null,"M","M","M","M","?","R","M","R","T","M","R","M","$","M","R","B",null],"character_chosen":"IRONCLAD","items_purchased":["Deep Breath","Pommel Strike","Medical Kit","War Paint","Sword Boomerang","Membership Card","Body Slam","Entrench","Shrug It Off","Strength Potion"],"campfire_rested":0,"item_purchase_floors":[7,7,14,14,14,30,30,30,30,30],"current_hp_per_floor":[80,80,80,80,77,77,77,70,70,59,65,57,63,63,63,38,80,71,58,39,35,35,35,33,33,33,24,24,13,13,19,19,11,80],"gold":120,"neow_bonus":"HUNDRED_GOLD","is_prod":false,"is_daily":false,"chose_seed":false,"campfire_upgraded":5,"win_rate":0,"timestamp":1558327273,"path_taken":["M","?","?","?","M","?","$","M","T","M","M","E","?","$","R","BOSS","M","M","M","M","?","R","M","R","T","M","R","M","$","M","R","BOSS"],"build_version":"2019-01-23","purchased_purges":3,"victory":false,"max_hp_per_floor":[80,80,80,80,80,80,80,80,80,80,80,80,80,80,80,80,80,80,80,80,80,80,80,80,80,80,80,80,80,80,80,80,80,80],"card_choices":[{"not_picked":["Havoc","Headbutt"],"picked":"Armaments","floor":1.0},{"not_picked":["Infernal Blade","Pummel"],"picked":"Flex","floor":3.0},{"not_picked":["Thunderclap","Pummel"],"picked":"Rampage","floor":5.0},{"not_picked":["Havoc","Infernal Blade","Perfected Strike"],"picked":"SKIP","floor":8.0},{"not_picked":["Cleave","Uppercut"],"picked":"Immolate","floor":10.0},{"not_picked":["Twin Strike","Thunderclap","Disarm"],"picked":"SKIP","floor":11.0},{"not_picked":["Immolate","Cleave"],"picked":"Power Through","floor":12.0},{"not_picked":["Cleave","True Grit"],"picked":"Evolve","floor":13.0},{"not_picked":["Berserk","Exhume"],"picked":"Demon Form","floor":16.0},{"not_picked":["Shrug It Off+1","Thunderclap"],"picked":"Second Wind","floor":18.0},{"not_picked":["Reckless Charge","Metallicize","Anger"],"picked":"SKIP","floor":19.0},{"not_picked":["Iron Wave","Reckless Charge","Anger"],"picked":"SKIP","floor":20.0},{"not_picked":["Headbutt+1","Searing Blow","Perfected Strike"],"picked":"SKIP","floor":21.0},{"not_picked":["Combust","Wild Strike"],"picked":"Whirlwind","floor":24.0},{"not_picked":["Cleave","Fiend Fire","Pommel Strike+1"],"picked":"SKIP","floor":27.0},{"not_picked":["Disarm+1","Headbutt"],"picked":"True Grit","floor":29.0},{"not_picked":["Wild Strike","Headbutt","Clash"],"picked":"SKIP","floor":31.0},{"not_picked":["Fiend Fire","Exhume"],"picked":"Reaper","floor":33.0}],"player_experience":887477,"relics_obtained":[{"floor":9.0,"key":"Ginger"},{"floor":12.0,"key":"Old Coin"},{"floor":26.0,"key":"Paper Frog"}],"event_choices":[{"damage_healed":0.0,"max_hp_gain":0.0,"max_hp_loss":0.0,"gold_gain":0.0,"event_name":"The Woman in Blue","player_choice":"Bought 0 Potions","floor":2.0,"gold_loss":0.0,"damage_taken":0.0},{"damage_healed":0.0,"max_hp_gain":0.0,"max_hp_loss":0.0,"gold_gain":175.0,"event_name":"Liars Game","player_choice":"AGREE","floor":4.0,"gold_loss":0.0,"damage_taken":0.0,"cards_obtained":["Doubt"]},{"damage_healed":0.0,"max_hp_gain":0.0,"max_hp_loss":0.0,"gold_gain":100.0,"event_name":"Golden Shrine","player_choice":"Pray","floor":6.0,"gold_loss":0.0,"damage_taken":0.0},{"cards_removed":["Strike_R"],"damage_healed":0.0,"max_hp_gain":0.0,"max_hp_loss":0.0,"gold_gain":0.0,"event_name":"Beggar","player_choice":"Gave Gold","floor":22.0,"gold_loss":75.0,"damage_taken":0.0}],"is_beta":false,"boss_relics":[{"not_picked":["Black Blood","Orrery"],"picked":"Coffee Dripper"},{"not_picked":["Empty Cage","Lizard Tail"],"picked":"Pandora\u0027s Box"}],"items_purged_floors":[7,14,30],"is_endless":false,"potions_floor_spawned":[5,10,12,19,21,24,33],"ascension_level":0}