{"gold_per_floor":[109,59,69,69,89,117,117,131,131,143,68,68,68],"floor_reached":13,"playtime":296,"items_purged":["Strike_B"],"score":132,"play_id":"0bb5cbc4-1eb0-404a-82ee-c4a41da485bf","local_time":"20190521162458","is_ascension_mode":true,"campfire_choices":[{"floor":7,"key":"REST"}],"neow_cost":"NONE","seed_source_timestamp":1397030910909993,"circlet_count":0,"master_deck":["AscendersBane","Defend_B","Defend_B","Defend_B","Defend_B","Zap","Dualcast","Sweeping Beam","Static Discharge","Cold Snap","Steam","Ball Lightning","Stack"],"relics":["Cracked Core","NeowsBlessing","Pen Nib","Matryoshka"],"potions_floor_usage":[8],"damage_taken":[{"damage":0,"enemies":"Jaw Worm","floor":1,"turns":1},{"damage":0,"enemies":"Small Slimes","floor":3,"turns":1},{"damage":0,"enemies":"2 Louse","floor":5,"turns":1},{"damage":29,"enemies":"3 Sentries","floor":6,"turns":6},{"damage":38,"enemies":"Gremlin Gang","floor":8,"turns":4},{"damage":15,"enemies":"2 Fungi Beasts","floor":10,"turns":2},{"damage":6,"enemies":"Lots of Slimes","floor":13,"turns":1}],"seed_played":"-1722358172771581675","potions_obtained":[{"floor":6,"key":"Strength Potion"},{"floor":10,"key":"Block Potion"}],"is_trial":false,"path_per_floor":["M","?","M","?","M","E","R","M","T","M","$","?","M"],"character_chosen":"DEFECT","items_purchased":[],"campfire_rested":1,"item_purchase_floors":[],"current_hp_per_floor":[68,68,68,61,61,32,54,16,16,1,1,1,0],"gold":68,"neow_bonus":"THREE_ENEMY_KILL","is_prod":false,"is_daily":false,"chose_seed":false,"campfire_upgraded":0,"win_rate":0,"timestamp":1558419898,"path_taken":["M","?","M","?","M","E","R","M","T","M","$","?","?"],"build_version":"2019-01-23","purchased_purges":1,"victory":false,"max_hp_per_floor":[75,75,75,75,75,75,75,75,75,75,75,75,75],"card_choices":[{"not_picked":["Go for the Eyes","White Noise"],"picked":"Sweeping Beam","floor":1},{"not_picked":["Stack","Melter"],"picked":"Static Discharge","floor":3},{"not_picked":["Consume","Compile Driver"],"picked":"Cold Snap","floor":5},{"not_picked":["Rebound","Fusion"],"picked":"Steam","floor":6},{"not_picked":["Beam Cell","Loop"],"picked":"Ball Lightning","floor":8},{"not_picked":["Conserve Battery","Amplify"],"picked":"Stack","floor":10}],"player_experience":899465,"relics_obtained":[{"floor":6,"key":"Pen Nib"},{"floor":9,"key":"Matryoshka"}],"event_choices":[{"cards_removed":["Strike_B"],"damage_healed":0,"gold_gain":0,"player_choice":"Card Removal","damage_taken":0,"max_hp_gain":0,"max_hp_loss":0,"event_name":"The Cleric","floor":2,"gold_loss":50},{"cards_removed":["Strike_B"],"damage_healed":0,"gold_gain":0,"player_choice":"Card Removal","damage_taken":7,"max_hp_gain":0,"max_hp_loss":0,"event_name":"Golden Wing","floor":4,"gold_loss":0},{"cards_removed":["Strike_B"],"damage_healed":0,"gold_gain":0,"player_choice":"Purged","damage_taken":0,"max_hp_gain":0,"max_hp_loss":0,"event_name":"Purifier","floor":12,"gold_loss":0}],"is_beta":false,"boss_relics":[],"items_purged_floors":[11],"is_endless":false,"potions_floor_spawned":[6,10],"killed_by":"Lots of Slimes","ascension_level":11}