{"gold_per_floor":[119,119,131,150,164,164,181,209,209,225,225,240,86,86,86,86],"floor_reached":16,"playtime":474,"items_purged":["Strike_G"],"score":208,"play_id":"60603ab2-f0ae-41f2-88d1-be2228c152c5","local_time":"20190702104651","is_ascension_mode":true,"campfire_choices":[{"data":"Noxious Fumes","floor":6,"key":"SMITH"},{"floor":11,"key":"REST"},{"floor":15,"key":"REST"}],"neow_cost":"NONE","seed_source_timestamp":65664161433077,"circlet_count":0,"master_deck":["AscendersBane","Strike_G","Strike_G","Strike_G","Strike_G","Defend_G","Defend_G","Defend_G","Defend_G","Defend_G","Survivor","Neutralize","Deadly Poison","Noxious Fumes+1","Acrobatics","Noxious Fumes"],"relics":["Ring of the Snake","NeowsBlessing","Pocketwatch","Sundial","Golden Idol"],"potions_floor_usage":[7,16,16],"damage_taken":[{"damage":0,"enemies":"Cultist","floor":1,"turns":1},{"damage":0,"enemies":"2 Louse","floor":3,"turns":1},{"damage":0,"enemies":"Small Slimes","floor":4,"turns":1},{"damage":1,"enemies":"Looter","floor":5,"turns":4},{"damage":10,"enemies":"Large Slime","floor":7,"turns":7},{"damage":37,"enemies":"3 Sentries","floor":8,"turns":8},{"damage":16,"enemies":"Blue Slaver","floor":10,"turns":6},{"damage":15,"enemies":"3 Louse","floor":12,"turns":3},{"damage":18,"enemies":"Slime Boss","floor":16,"turns":6}],"seed_played":"297284724021564378","potions_obtained":[{"floor":5,"key":"Regen Potion"},{"floor":12,"key":"SkillPotion"}],"is_trial":false,"path_per_floor":["M","?","M","M","M","R","M","E","T","M","R","M","$","?","R","B"],"character_chosen":"THE_SILENT","items_purchased":["Regen Potion"],"campfire_rested":2,"item_purchase_floors":[13],"current_hp_per_floor":[59,55,55,55,54,54,59,22,22,6,25,10,10,10,28,25],"gold":86,"neow_bonus":"THREE_ENEMY_KILL","is_prod":false,"is_daily":false,"chose_seed":false,"campfire_upgraded":1,"win_rate":0,"timestamp":1562035611,"path_taken":["M","?","M","?","M","R","M","E","T","M","R","?","$","?","R","BOSS"],"build_version":"2019-07-01","purchased_purges":1,"victory":false,"max_hp_per_floor":[66,66,66,66,66,66,66,66,66,66,66,66,66,60,60,60],"card_choices":[{"not_picked":["Quick Slash","Flying Knee"],"picked":"Deadly Poison","floor":1},{"not_picked":["Prepared","Quick Slash","Deadly Poison"],"picked":"SKIP","floor":3},{"not_picked":["Deflect","Slice","Unload"],"picked":"SKIP","floor":4},{"not_picked":["Acrobatics","Dagger Spray"],"picked":"Noxious Fumes","floor":5},{"not_picked":["Dagger Spray","Outmaneuver"],"picked":"Acrobatics","floor":7},{"not_picked":["Finisher","Flying Knee"],"picked":"Noxious Fumes","floor":8},{"not_picked":["Choke","Deadly Poison","Leg Sweep"],"picked":"SKIP","floor":10},{"not_picked":["Deadly Poison","Quick Slash","Caltrops"],"picked":"SKIP","floor":12}],"player_experience":1038544,"relics_obtained":[{"floor":8,"key":"Pocketwatch"},{"floor":9,"key":"Sundial"}],"event_choices":[{"damage_healed":0,"gold_gain":0,"player_choice":"Bought 0 Potions","damage_taken":0,"max_hp_gain":0,"max_hp_loss":0,"event_name":"The Woman in Blue","floor":2,"gold_loss":0},{"damage_healed":0,"gold_gain":0,"player_choice":"Lose Max HP","damage_taken":0,"relics_obtained":["Golden Idol"],"max_hp_gain":0,"max_hp_loss":6,"event_name":"Golden Idol","floor":14,"gold_loss":0}],"is_beta":false,"boss_relics":[],"items_purged_floors":[13],"is_endless":false,"potions_floor_spawned":[5,12],"killed_by":"Slime Boss","ascension_level":20}