{"gold_per_floor":[114,114,114,127,127,162,162,17,17,17,36,36,36,64,64,166,166,186,198,198,41,41,41],"floor_reached":23,"playtime":867,"items_purged":[],"score":298,"play_id":"819d9678-0b0c-4ff4-b406-77682dbd2362","local_time":"20190204151754","is_ascension_mode":true,"campfire_choices":[{"floor":7,"key":"REST"},{"data":"Sunder","floor":12,"key":"SMITH"},{"floor":15,"key":"REST"}],"neow_cost":"NONE","seed_source_timestamp":94440060604626,"circlet_count":0,"master_deck":["Strike_B","Strike_B","Strike_B","Strike_B","Defend_B","Defend_B","Defend_B","Defend_B","Zap","Dualcast","Sunder+1","Conserve Battery","Hologram","Turbo","Consume","Buffer","Leap+1"],"relics":["Cracked Core","Bronze Scales","Regal Pillow","Singing Bowl","Matryoshka","Black Star","Anchor"],"potions_floor_usage":[6,16,16],"damage_taken":[{"damage":4,"enemies":"Jaw Worm","floor":1,"turns":4},{"damage":3,"enemies":"Small Slimes","floor":4,"turns":3},{"damage":28,"enemies":"Lagavulin","floor":6,"turns":6},{"damage":1,"enemies":"Cultist","floor":11,"turns":3},{"damage":20,"enemies":"3 Sentries","floor":14,"turns":7},{"damage":65,"enemies":"Hexaghost","floor":16,"turns":9},{"damage":22,"enemies":"Chosen","floor":18,"turns":7},{"damage":9,"enemies":"Shell Parasite","floor":19,"turns":7},{"damage":56,"enemies":"Book of Stabbing","floor":23,"turns":4}],"seed_played":"3287231853618310516","potions_obtained":[{"floor":1,"key":"Strength Potion"},{"floor":4,"key":"Fire Potion"},{"floor":14,"key":"PowerPotion"}],"is_trial":false,"path_per_floor":["M","$","?","M","?","E","R","$","T","?","M","R","$","E","R","B",null,"M","M","?","$","?","E"],"character_chosen":"DEFECT","items_purchased":["Regal Pillow","Anchor"],"campfire_rested":2,"item_purchase_floors":[8,21],"current_hp_per_floor":[71,71,71,68,73,45,71,71,71,87,86,86,86,66,87,22,71,49,42,71,71,54,0],"gold":41,"neow_bonus":"TEN_PERCENT_HP_BONUS","is_prod":false,"is_daily":false,"chose_seed":false,"campfire_upgraded":1,"win_rate":0,"timestamp":1549264674,"path_taken":["M","$","?","M","?","E","R","$","T","?","M","R","$","E","R","BOSS","M","?","?","$","?","E"],"build_version":"2019-01-23","purchased_purges":0,"victory":false,"max_hp_per_floor":[82,82,82,82,87,87,87,87,87,87,87,87,87,87,87,87,87,87,89,89,89,94,94],"card_choices":[{"not_picked":["Defragment","Barrage"],"picked":"Sunder","floor":1},{"not_picked":["FTL","Consume"],"picked":"Conserve Battery","floor":4},{"not_picked":["Go for the Eyes","Redo"],"picked":"Hologram","floor":6},{"not_picked":["Loop","Ball Lightning"],"picked":"Turbo","floor":11},{"not_picked":["Reboot","Doom and Gloom"],"picked":"Consume","floor":14},{"not_picked":["Hyperbeam","Biased Cognition"],"picked":"Buffer","floor":16},{"not_picked":["Redo","Chaos"],"picked":"Leap+1","floor":18},{"not_picked":["Skim","Consume","Steam"],"picked":"Singing Bowl","floor":19}],"player_experience":637212,"relics_obtained":[{"floor":6,"key":"Bronze Scales"},{"floor":9,"key":"Singing Bowl"},{"floor":14,"key":"Matryoshka"}],"event_choices":[{"damage_healed":0,"gold_gain":0,"player_choice":"Ignored","damage_taken":0,"max_hp_gain":0,"max_hp_loss":0,"event_name":"Shining Light","floor":3,"gold_loss":0},{"damage_healed":0,"gold_gain":0,"player_choice":"Donut","damage_taken":0,"max_hp_gain":5,"max_hp_loss":0,"event_name":"Big Fish","floor":5,"gold_loss":0},{"damage_healed":16,"gold_gain":0,"player_choice":"Full Heal","damage_taken":0,"max_hp_gain":0,"max_hp_loss":0,"event_name":"Wheel of Change","floor":10,"gold_loss":0},{"damage_healed":29,"gold_gain":0,"player_choice":"Heal","damage_taken":0,"max_hp_gain":0,"max_hp_loss":0,"event_name":"The Library","floor":20,"gold_loss":0},{"damage_healed":0,"gold_gain":0,"player_choice":"Shed Blood","damage_taken":22,"max_hp_gain":5,"max_hp_loss":0,"event_name":"Forgotten Altar","floor":22,"gold_loss":0}],"is_beta":false,"boss_relics":[{"not_picked":["Astrolabe","Nuclear Battery"],"picked":"Black Star"}],"items_purged_floors":[],"is_endless":false,"potions_floor_spawned":[1,4,14],"killed_by":"Book of Stabbing","ascension_level":8}