{"gold_per_floor":[114,133,62,77,77,111,111,144,144,144,160,160,180,198,198,293,293,309,322,322,43,43,43,43],"floor_reached":24,"playtime":2175,"items_purged":[],"score":262,"play_id":"224dee10-ead3-4f76-8423-b2a3c7a45257","local_time":"20190125114409","is_ascension_mode":true,"campfire_choices":[{"floor":7.0,"key":"REST"},{"floor":12.0,"key":"REST"},{"floor":15.0,"key":"REST"},{"floor":23.0,"key":"REST"}],"neow_cost":"NONE","seed_source_timestamp":192676839537770,"circlet_count":0,"master_deck":["Defend_B","Defend_B","Defend_B","Defend_B","Zap","Dualcast","Auto Shields","Turbo","Defragment","Steam","Gash","Sweeping Beam","Auto Shields","Doom and Gloom","Double Energy","Machine Learning","Conserve Battery","Hologram","Bite","Bite","Bite","Bite","Bite","Self Repair","Streamline","Good Instincts"],"special_seed":0,"relics":["Cracked Core","Mercury Hourglass","Peace Pipe","Incense Burner","Black Star","Frozen Egg 2"],"potions_floor_usage":[24],"damage_taken":[{"damage":1.0,"enemies":"Cultist","floor":1.0,"turns":3.0},{"damage":0.0,"enemies":"Jaw Worm","floor":2.0,"turns":3.0},{"damage":14.0,"enemies":"2 Louse","floor":4.0,"turns":3.0},{"damage":40.0,"enemies":"3 Sentries","floor":6.0,"turns":9.0},{"damage":40.0,"enemies":"Lagavulin","floor":8.0,"turns":8.0},{"damage":16.0,"enemies":"Large Slime","floor":11.0,"turns":5.0},{"damage":0.0,"enemies":"Exordium Thugs","floor":13.0,"turns":4.0},{"damage":0.0,"enemies":"2 Fungi Beasts","floor":14.0,"turns":2.0},{"damage":45.0,"enemies":"Hexaghost","floor":16.0,"turns":10.0},{"damage":14.0,"enemies":"3 Byrds","floor":18.0,"turns":5.0},{"damage":28.0,"enemies":"2 Thieves","floor":19.0,"turns":4.0},{"damage":72,"enemies":"Book of Stabbing","floor":24,"turns":7}],"seed_played":"5502263248007594851","potions_obtained":[{"floor":1.0,"key":"PowerPotion"},{"floor":2.0,"key":"Weak Potion"},{"floor":4.0,"key":"Strength Potion"},{"floor":19.0,"key":"GamblersBrew"}],"is_trial":false,"path_per_floor":["M","M","$","M","?","E","R","E","T","?","M","R","M","M","R","B",null,"M","M","?","$","?","R","E"],"character_chosen":"DEFECT","items_purchased":["Defragment","Self Repair","Frozen Egg 2"],"campfire_rested":4,"item_purchase_floors":[3,21,21],"current_hp_per_floor":[81,81,81,67,72,32,58,18,18,18,2,28,28,28,54,9,87,73,45,45,45,45,60,0],"gold":43,"neow_bonus":"TEN_PERCENT_HP_BONUS","is_prod":false,"is_daily":false,"chose_seed":false,"campfire_upgraded":0,"win_rate":0,"timestamp":1548377049,"path_taken":["M","M","$","M","?","E","R","E","T","?","M","R","M","M","R","BOSS","M","M","?","$","?","R","E"],"build_version":"2019-01-23","purchased_purges":0,"victory":false,"max_hp_per_floor":[82,82,82,82,87,87,87,87,87,87,87,87,87,87,87,87,87,87,87,60,60,60,60,60],"card_choices":[{"not_picked":["Aggregate","Barrage"],"picked":"Auto Shields","floor":1.0},{"not_picked":["Stack","BootSequence"],"picked":"Turbo","floor":2.0},{"not_picked":["Hologram","Compile Driver"],"picked":"Steam","floor":4.0},{"not_picked":["Scrape","Steam"],"picked":"Gash","floor":6.0},{"not_picked":["Darkness","Stack"],"picked":"Sweeping Beam","floor":8.0},{"not_picked":["Reinforced Body","Redo"],"picked":"Auto Shields","floor":11.0},{"not_picked":["Ball Lightning","Sweeping Beam"],"picked":"Doom and Gloom","floor":13.0},{"not_picked":["Gash","Static Discharge"],"picked":"Double Energy","floor":14.0},{"not_picked":["Reboot","Seek"],"picked":"Machine Learning","floor":16.0},{"not_picked":["Sweeping Beam","Beam Cell"],"picked":"Conserve Battery","floor":18.0},{"not_picked":["Reinforced Body+1","Leap"],"picked":"Hologram","floor":19.0}],"player_experience":547616,"relics_obtained":[{"floor":6.0,"key":"Mercury Hourglass"},{"floor":8.0,"key":"Peace Pipe"},{"floor":9.0,"key":"Incense Burner"}],"event_choices":[{"damage_healed":0.0,"max_hp_gain":5.0,"max_hp_loss":0.0,"gold_gain":0.0,"event_name":"Big Fish","player_choice":"Donut","floor":5.0,"gold_loss":0.0,"damage_taken":0.0},{"damage_healed":0.0,"max_hp_gain":0.0,"max_hp_loss":0.0,"gold_gain":0.0,"event_name":"Golden Wing","player_choice":"Ignored","floor":10.0,"gold_loss":0.0,"damage_taken":0.0},{"damage_healed":0.0,"max_hp_gain":0.0,"max_hp_loss":27.0,"gold_gain":0.0,"event_name":"Vampires","player_choice":"Became a vampire","floor":20.0,"gold_loss":0.0,"damage_taken":0.0,"cards_obtained":["Bite","Bite","Bite","Bite","Bite"]},{"damage_healed":0.0,"max_hp_gain":0.0,"max_hp_loss":0.0,"gold_gain":0.0,"event_name":"Match and Keep!","player_choice":"2 cards matched","floor":22.0,"gold_loss":0.0,"damage_taken":0.0,"cards_obtained":["Streamline","Good Instincts"]}],"is_beta":false,"boss_relics":[{"not_picked":["Runic Dome","Calling Bell"],"picked":"Black Star"}],"items_purged_floors":[],"is_endless":false,"potions_floor_spawned":[1,2,4,19],"killed_by":"Book of Stabbing","ascension_level":3}