{"gold_per_floor":[112,112,387,194,208,235,250,265,291,291,309,309,325,341,341,445,445,457,475,475,278,289,289,303,303,379,395,395],"floor_reached":28,"playtime":2386,"items_purged":[],"score":249,"play_id":"b61fac3c-f15c-49d8-a577-bd25af8cd1fc","local_time":"20190728225409","is_ascension_mode":false,"campfire_choices":[{"data":"Bludgeon","floor":10,"key":"SMITH"},{"floor":12,"key":"REST"},{"data":"Inflame","floor":15,"key":"SMITH"},{"floor":23,"key":"REST"}],"neow_cost":"NONE","seed_source_timestamp":1464065404913239,"circlet_count":0,"master_deck":["Strike_R","Strike_R","Strike_R","Strike_R","Strike_R+1","Defend_R","Defend_R","Defend_R","Defend_R","Bash+1","Clothesline","Regret","Bludgeon+1","Armaments","Dual Wield","Dual Wield","Uppercut","Shrug It Off","Flex","Offering","Pommel Strike","Inflame+1","Impervious","Inflame","Pommel Strike","Warcry","Headbutt","Headbutt","Heavy Blade"],"relics":["Burning Blood","NeowsBlessing","Happy Flower","Regal Pillow","Philosopher\u0027s Stone","Red Skull","Ornamental Fan"],"potions_floor_usage":[16,22,27],"damage_taken":[{"damage":0,"enemies":"Small Slimes","floor":1,"turns":2},{"damage":0,"enemies":"Jaw Worm","floor":5,"turns":1},{"damage":0,"enemies":"Lagavulin","floor":6,"turns":1},{"damage":2,"enemies":"Cultist","floor":7,"turns":3},{"damage":20,"enemies":"Looter","floor":8,"turns":3},{"damage":19,"enemies":"Gremlin Gang","floor":11,"turns":6},{"damage":12,"enemies":"Large Slime","floor":13,"turns":3},{"damage":22,"enemies":"2 Fungi Beasts","floor":14,"turns":3},{"damage":39,"enemies":"Slime Boss","floor":16,"turns":11},{"damage":35,"enemies":"3 Byrds","floor":18,"turns":6},{"damage":19,"enemies":"Spheric Guardian","floor":19,"turns":4},{"damage":19,"enemies":"Centurion and Healer","floor":22,"turns":5},{"damage":30,"enemies":"Snake Plant","floor":24,"turns":3},{"damage":23,"enemies":"3 Cultists","floor":27,"turns":4},{"damage":0,"enemies":"Centurion and Healer","floor":28,"turns":1}],"seed_played":"-5799267104099967642","potions_obtained":[{"floor":6,"key":"Explosive Potion"},{"floor":7,"key":"Weak Potion"},{"floor":8,"key":"Block Potion"},{"floor":14,"key":"Regen Potion"},{"floor":19,"key":"PowerPotion"},{"floor":24,"key":"Poison Potion"},{"floor":27,"key":"AttackPotion"}],"is_trial":false,"path_per_floor":["M","?","?","$","M","E","M","M","T","R","M","R","M","M","R","B",null,"M","M","?","$","M","R","M","?","T","M","M"],"character_chosen":"IRONCLAD","items_purchased":["Bludgeon","Armaments","Dual Wield","Red Skull","Warcry"],"campfire_rested":2,"item_purchase_floors":[4,4,4,21,21],"current_hp_per_floor":[80,80,80,80,80,80,80,66,66,66,53,80,74,58,58,40,80,51,38,38,38,25,64,40,25,25,8,8],"gold":395,"neow_bonus":"THREE_ENEMY_KILL","is_prod":false,"is_daily":false,"chose_seed":false,"campfire_upgraded":2,"win_rate":0.0,"timestamp":1564325649,"path_taken":["M","?","?","$","M","E","M","M","T","R","?","R","M","M","R","BOSS","M","M","?","$","?","R","M","?","T","M","M"],"build_version":"2019-07-17","purchased_purges":0,"victory":false,"max_hp_per_floor":[80,80,80,80,80,80,80,80,80,80,80,80,80,80,80,80,80,80,80,80,80,80,80,80,85,85,85,85],"card_choices":[{"not_picked":["Pommel Strike","Body Slam"],"picked":"Clothesline","floor":1},{"not_picked":["Combust","Shrug It Off"],"picked":"Dual Wield","floor":5},{"not_picked":["Pommel Strike","Headbutt"],"picked":"Uppercut","floor":6},{"not_picked":["Sword Boomerang","Iron Wave"],"picked":"Shrug It Off","floor":7},{"not_picked":["Disarm","Reckless Charge"],"picked":"Flex","floor":8},{"not_picked":["Perfected Strike","Seeing Red"],"picked":"Offering","floor":11},{"not_picked":["Iron Wave","True Grit"],"picked":"Pommel Strike","floor":13},{"not_picked":["Twin Strike","Clash"],"picked":"Inflame","floor":14},{"not_picked":["Reaper","Fiend Fire"],"picked":"Impervious","floor":16},{"not_picked":["Clothesline","True Grit+1"],"picked":"Inflame","floor":18},{"not_picked":["Armaments+1","Anger"],"picked":"Pommel Strike","floor":19},{"not_picked":["Blood for Blood","Seeing Red"],"picked":"Headbutt","floor":22},{"not_picked":["Iron Wave","Shrug It Off"],"picked":"Headbutt","floor":24},{"not_picked":["Twin Strike","Anger"],"picked":"Heavy Blade","floor":27}],"player_experience":28246,"relics_obtained":[{"floor":6,"key":"Happy Flower"},{"floor":9,"key":"Regal Pillow"},{"floor":26,"key":"Ornamental Fan"}],"event_choices":[{"damage_healed":0,"gold_gain":0,"player_choice":"Grow","damage_taken":0,"max_hp_gain":0,"max_hp_loss":0,"event_name":"Living Wall","floor":2,"gold_loss":0,"cards_upgraded":["Bash"]},{"damage_healed":0,"gold_gain":275,"player_choice":"Desecrate","damage_taken":0,"max_hp_gain":0,"max_hp_loss":0,"event_name":"Golden Shrine","floor":3,"gold_loss":0,"cards_obtained":["Regret"]},{"damage_healed":0,"gold_gain":0,"player_choice":"Upgraded","damage_taken":0,"max_hp_gain":0,"max_hp_loss":0,"event_name":"Upgrade Shrine","floor":20,"gold_loss":0,"cards_upgraded":["Strike_R"]},{"damage_healed":0,"gold_gain":0,"player_choice":"Shed Blood","damage_taken":20,"max_hp_gain":5,"max_hp_loss":0,"event_name":"Forgotten Altar","floor":25,"gold_loss":0}],"is_beta":false,"boss_relics":[{"not_picked":["Eternal Feather","Snecko Eye"],"picked":"Philosopher\u0027s Stone"}],"items_purged_floors":[],"is_endless":false,"potions_floor_spawned":[6,7,8,11,14,19,24,27],"killed_by":"Centurion and Healer","ascension_level":0}