{"gold_per_floor":[116,133,308,318,243,243,256,256,256,236,236,267,283,302,302,402,402,419,434,93,93,93,93,124,124,124,124,135,135,135,152,152,255,255,273,291,201,216,234,234,252,270,295,313,114,134,146,0,0,0],"floor_reached":51,"playtime":1607,"items_purged":["Doubt","Defend_R"],"score":748,"play_id":"9ff28aa6-d40b-487f-928c-1afe8712dec2","local_time":"20190619091043","is_ascension_mode":false,"campfire_choices":[{"data":"Perfected Strike","floor":6.0,"key":"SMITH"},{"data":"Bash","floor":8.0,"key":"SMITH"},{"data":"Shrug It Off","floor":11.0,"key":"SMITH"},{"data":"Warcry","floor":15.0,"key":"SMITH"},{"data":"Twin Strike","floor":23.0,"key":"SMITH"},{"data":"Perfected Strike","floor":30.0,"key":"SMITH"},{"floor":32.0,"key":"REST"},{"data":"Twin Strike","floor":40.0,"key":"SMITH"},{"data":"Perfected Strike","floor":49,"key":"SMITH"}],"neow_cost":"NONE","seed_source_timestamp":77537963154214,"circlet_count":0,"master_deck":["Strike_R","Strike_R","Strike_R","Strike_R","Strike_R","Defend_R+1","Defend_R","Bash+1","Perfected Strike+1","Shrug It Off+1","Warcry+1","Twin Strike+1","Perfected Strike+1","Perfected Strike+1","Twin Strike+1","Twin Strike","Perfected Strike+1","Shrug It Off"],"special_seed":0,"relics":["Burning Blood","Regal Pillow","Letter Opener","Pocketwatch","Snecko Eye","Paper Frog","Blue Candle","Potion Belt","Matryoshka","Velvet Choker","Mummified Hand","Bag of Marbles","Centennial Puzzle","Red Mask"],"potions_floor_usage":[],"damage_taken":[{"damage":5.0,"enemies":"Small Slimes","floor":1.0,"turns":4.0},{"damage":0.0,"enemies":"2 Louse","floor":2.0,"turns":3.0},{"damage":1.0,"enemies":"Cultist","floor":4.0,"turns":3.0},{"damage":14.0,"enemies":"Blue Slaver","floor":7.0,"turns":3.0},{"damage":25.0,"enemies":"3 Sentries","floor":12.0,"turns":9.0},{"damage":10.0,"enemies":"3 Louse","floor":13.0,"turns":5.0},{"damage":3.0,"enemies":"2 Fungi Beasts","floor":14.0,"turns":3.0},{"damage":38.0,"enemies":"The Guardian","floor":16.0,"turns":11.0},{"damage":0.0,"enemies":"Chosen","floor":18.0,"turns":3.0},{"damage":17.0,"enemies":"3 Byrds","floor":19.0,"turns":3.0},{"damage":51.0,"enemies":"Gremlin Leader","floor":24.0,"turns":8.0},{"damage":12.0,"enemies":"Snake Plant","floor":28.0,"turns":3.0},{"damage":2.0,"enemies":"Colosseum Slavers","floor":29.0,"turns":3.0},{"damage":0.0,"enemies":"Centurion and Healer","floor":31.0,"turns":3.0},{"damage":21.0,"enemies":"Collector","floor":33.0,"turns":5.0},{"damage":0.0,"enemies":"Orb Walker","floor":35.0,"turns":2.0},{"damage":19.0,"enemies":"3 Darklings","floor":36.0,"turns":3.0},{"damage":6.0,"enemies":"4 Shapes","floor":38.0,"turns":3.0},{"damage":21.0,"enemies":"Spire Growth","floor":39.0,"turns":3.0},{"damage":0.0,"enemies":"Transient","floor":41.0,"turns":5.0},{"damage":4.0,"enemies":"4 Shapes","floor":42.0,"turns":3.0},{"damage":6.0,"enemies":"3 Darklings","floor":44.0,"turns":4.0},{"damage":8.0,"enemies":"Spire Growth","floor":46.0,"turns":2.0},{"damage":10,"enemies":"Writhing Mass","floor":47,"turns":2},{"damage":27,"enemies":"Time Eater","floor":50,"turns":3}],"seed_played":"6086689887923594765","potions_obtained":[{"floor":1.0,"key":"LiquidBronze"},{"floor":2.0,"key":"PowerPotion"},{"floor":10.0,"key":"FearPotion"},{"floor":24.0,"key":"BloodPotion"},{"floor":31.0,"key":"Weak Potion"},{"floor":38.0,"key":"SpeedPotion"},{"floor":39.0,"key":"SpeedPotion"},{"floor":42.0,"key":"SkillPotion"},{"floor":44.0,"key":"Energy Potion"}],"is_trial":false,"path_per_floor":["M","M","?","M","$","R","M","R","T","?","R","E","M","M","R","B",null,"M","M","$","?","?","R","E","?","T","?","M","?","R","M","R","B",null,"M","M","?","M","M","R","M","M","T","M","$","M","M","?","R","B",null],"character_chosen":"IRONCLAD","items_purchased":["Paper Frog","Shrug It Off","Centennial Puzzle"],"campfire_rested":1,"item_purchase_floors":[20,45,45],"current_hp_per_floor":[80,80,80,80,80,80,72,72,72,72,72,53,49,52,52,20,80,80,69,69,69,69,69,24,9,9,9,11,15,15,21,61,46,85,85,72,72,72,57,57,63,65,65,65,65,63,59,59,59,38],"gold":0,"neow_bonus":"RANDOM_COMMON_RELIC","is_prod":false,"is_daily":false,"chose_seed":false,"campfire_upgraded":8,"win_rate":0,"timestamp":1560906643,"path_taken":["M","M","?","M","$","R","M","R","T","?","R","E","M","M","R","BOSS","M","?","$","?","?","R","E","?","T","?","M","?","R","M","R","BOSS","M","M","?","M","M","R","?","M","T","?","$","?","M","?","R","BOSS"],"build_version":"2019-01-23","purchased_purges":2,"victory":true,"max_hp_per_floor":[80,80,80,80,80,80,80,80,80,80,80,80,80,80,80,80,80,80,80,80,80,80,80,80,85,85,85,85,85,85,85,85,85,85,85,85,85,85,85,85,85,85,85,85,85,85,85,85,85,85],"card_choices":[{"not_picked":["Metallicize","True Grit","Dual Wield"],"picked":"SKIP","floor":1.0},{"not_picked":["Anger","Pommel Strike"],"picked":"Perfected Strike","floor":2.0},{"not_picked":["Body Slam","Iron Wave","Bloodletting"],"picked":"SKIP","floor":4.0},{"not_picked":["Sword Boomerang","Anger"],"picked":"Shrug It Off","floor":7.0},{"not_picked":["Warcry","Evolve","Blood for Blood"],"picked":"SKIP","floor":12.0},{"not_picked":["Blood for Blood","Entrench","Seeing Red"],"picked":"SKIP","floor":13.0},{"not_picked":["Pummel","Thunderclap"],"picked":"Warcry","floor":14.0},{"not_picked":["Thunderclap+1","Rampage"],"picked":"Twin Strike","floor":18.0},{"not_picked":["Pummel","Fire Breathing","Wild Strike"],"picked":"SKIP","floor":19.0},{"not_picked":["Havoc","Bloodletting","Rupture"],"picked":"SKIP","floor":24.0},{"not_picked":["Cleave","Body Slam"],"picked":"Perfected Strike","floor":28.0},{"not_picked":["Carnage","Havoc"],"picked":"Perfected Strike+1","floor":31.0},{"not_picked":["True Grit+1","Searing Blow+1","Intimidate"],"picked":"SKIP","floor":35.0},{"not_picked":["Flex+1","Anger+1","Flame Barrier+1"],"picked":"SKIP","floor":36.0},{"not_picked":["Intimidate+1","Shockwave"],"picked":"Twin Strike","floor":38.0},{"not_picked":["Heavy Blade+1","Wild Strike","Disarm+1"],"picked":"SKIP","floor":39.0},{"not_picked":["Brutality","Entrench+1"],"picked":"Twin Strike","floor":41.0},{"not_picked":["Fire Breathing","Clash+1"],"picked":"Perfected Strike","floor":42.0},{"not_picked":["Burning Pact+1","Heavy Blade","Rampage+1"],"picked":"SKIP","floor":44.0},{"not_picked":["Rampage+1","Shockwave","Dropkick"],"picked":"SKIP","floor":46.0},{"not_picked":["Infernal Blade","Second Wind","Havoc+1"],"picked":"SKIP","floor":47}],"player_experience":974585,"relics_obtained":[{"floor":9.0,"key":"Letter Opener"},{"floor":12.0,"key":"Pocketwatch"},{"floor":24.0,"key":"Potion Belt"},{"floor":26.0,"key":"Matryoshka"},{"floor":43.0,"key":"Mummified Hand"},{"floor":43.0,"key":"Bag of Marbles"}],"event_choices":[{"damage_healed":0.0,"max_hp_gain":0.0,"max_hp_loss":0.0,"gold_gain":175.0,"event_name":"Liars Game","player_choice":"AGREE","floor":3.0,"gold_loss":0.0,"damage_taken":0.0,"cards_obtained":["Doubt"]},{"damage_healed":0.0,"max_hp_gain":0.0,"max_hp_loss":0.0,"gold_gain":0.0,"event_name":"The Woman in Blue","player_choice":"Bought 1 Potion","floor":10.0,"gold_loss":0.0,"damage_taken":0.0},{"damage_healed":0.0,"max_hp_gain":0.0,"max_hp_loss":0.0,"gold_gain":0.0,"event_name":"Vampires","player_choice":"Ignored","floor":21.0,"gold_loss":0.0,"damage_taken":0.0},{"damage_healed":0.0,"max_hp_gain":0.0,"max_hp_loss":0.0,"gold_gain":0.0,"event_name":"The Mausoleum","player_choice":"Opened","floor":22.0,"gold_loss":0.0,"damage_taken":0.0,"relics_obtained":["Blue Candle"]},{"damage_healed":0.0,"max_hp_gain":5.0,"max_hp_loss":0.0,"gold_gain":0.0,"event_name":"Forgotten Altar","player_choice":"Shed Blood","floor":25.0,"gold_loss":0.0,"damage_taken":20.0},{"damage_healed":0.0,"max_hp_gain":0.0,"max_hp_loss":0.0,"gold_gain":0.0,"event_name":"Cursed Tome","player_choice":"Ignored","floor":27.0,"gold_loss":0.0,"damage_taken":0.0},{"damage_healed":0.0,"max_hp_gain":0.0,"max_hp_loss":0.0,"gold_gain":0.0,"event_name":"Colosseum","player_choice":"Fight","floor":29.0,"gold_loss":0.0,"damage_taken":0.0},{"damage_healed":0.0,"max_hp_gain":0.0,"max_hp_loss":0.0,"gold_gain":0.0,"event_name":"Colosseum","player_choice":"Fled From Nobs","floor":29.0,"gold_loss":0.0,"damage_taken":0.0},{"cards_removed":["Defend_R"],"damage_healed":0.0,"max_hp_gain":0.0,"max_hp_loss":0.0,"gold_gain":0.0,"event_name":"Designer","player_choice":"Upgrade and Remove","floor":37.0,"gold_loss":90.0,"damage_taken":0.0,"cards_upgraded":["Defend_R"]},{"damage_healed":0,"gold_gain":0,"player_choice":"Paid","damage_taken":0,"relics_obtained":["Red Mask"],"max_hp_gain":0,"max_hp_loss":0,"event_name":"Tomb of Lord Red Mask","floor":48,"gold_loss":146}],"is_beta":false,"boss_relics":[{"not_picked":["Runic Dome","Pandora\u0027s Box"],"picked":"Snecko Eye"},{"not_picked":["Philosopher\u0027s Stone","Runic Pyramid"],"picked":"Velvet Choker"}],"items_purged_floors":[5,20],"is_endless":false,"potions_floor_spawned":[1,2,13,16,18,24,31,38,39,42,44],"ascension_level":0}