{"gold_per_floor":[118,118,130,143,113,138,29,29,29,29,55,74,85,85,85,183,183,201,216,229,34,34,68,68,84,166,178,205,205,221,241,241,342,342,356,356,356,125,140,158,174,174,174,174,204,220,232,127,127,127,127,127,16,50,50],"floor_reached":56,"playtime":3794,"items_purged":["Strike_R"],"score":1333,"play_id":"235347cc-612b-4539-87b7-751b8bc47507","local_time":"20181219203607","is_ascension_mode":true,"campfire_choices":[{"floor":8.0,"key":"RECALL"},{"data":"Bash","floor":10.0,"key":"SMITH"},{"floor":15,"key":"REST"},{"data":"Armaments","floor":24,"key":"SMITH"},{"floor":32,"key":"REST"},{"floor":44,"key":"REST"},{"floor":49,"key":"REST"},{"data":"Barricade","floor":52,"key":"SMITH"}],"neow_cost":"TEN_PERCENT_HP_LOSS","seed_source_timestamp":0,"circlet_count":0,"master_deck":["Strike_R","Strike_R","Strike_R","Strike_R","Defend_R","Defend_R","Defend_R","Defend_R","Bash+1","Dropkick","Corruption+1","Deep Breath","Headbutt","Evolve","Spot Weakness","Shockwave","Armaments+1","Whirlwind","Heavy Blade","Bludgeon","Juggernaut","Rage","Body Slam+1","Burning Pact+1","Anger","Exhume","Shrug It Off","Barricade+1","Rage+1","Madness","Madness","Feel No Pain","Body Slam","Enlightenment","Sentinel","Inflame","Iron Wave+1"],"special_seed":0,"relics":["Burning Blood","Pocketwatch","Mango","Singing Bowl","Charon\u0027s Ashes","Mummified Hand","Orrery","Unceasing Top","Bag of Marbles","Nloth\u0027s Gift","Busted Crown","Happy Flower","Paper Frog","Bag of Preparation","Nunchaku"],"potions_floor_usage":[25,33,55,55],"damage_taken":[{"damage":13.0,"enemies":"Jaw Worm","floor":1.0,"turns":3.0},{"damage":5.0,"enemies":"Cultist","floor":3.0,"turns":4.0},{"damage":0.0,"enemies":"2 Louse","floor":4.0,"turns":4.0},{"damage":16.0,"enemies":"Lagavulin","floor":6.0,"turns":6.0},{"damage":15.0,"enemies":"Gremlin Nob","floor":11.0,"turns":4.0},{"damage":11.0,"enemies":"Lots of Slimes","floor":12.0,"turns":2.0},{"damage":16,"enemies":"2 Fungi Beasts","floor":13,"turns":3},{"damage":46,"enemies":"Slime Boss","floor":16,"turns":10},{"damage":7,"enemies":"Chosen","floor":18,"turns":5},{"damage":20,"enemies":"2 Thieves","floor":19,"turns":3},{"damage":7,"enemies":"3 Cultists","floor":20,"turns":4},{"damage":26,"enemies":"Gremlin Leader","floor":23,"turns":5},{"damage":12,"enemies":"Snake Plant","floor":25,"turns":3},{"damage":7,"enemies":"Centurion and Healer","floor":27,"turns":5},{"damage":27,"enemies":"Book of Stabbing","floor":28,"turns":5},{"damage":0,"enemies":"Snecko","floor":30,"turns":4},{"damage":13,"enemies":"Chosen and Byrds","floor":31,"turns":5},{"damage":25,"enemies":"Champ","floor":33,"turns":8},{"damage":10,"enemies":"Orb Walker","floor":35,"turns":3},{"damage":0,"enemies":"3 Shapes","floor":39,"turns":3},{"damage":0,"enemies":"Transient","floor":40,"turns":5},{"damage":35,"enemies":"Spire Growth","floor":41,"turns":4},{"damage":5,"enemies":"Nemesis","floor":45,"turns":5},{"damage":0,"enemies":"Maw","floor":46,"turns":5},{"damage":20,"enemies":"Jaw Worm Horde","floor":47,"turns":4},{"damage":98,"enemies":"Awakened One","floor":50,"turns":7},{"damage":8,"enemies":"Shield and Spear","floor":54,"turns":4},{"damage":97,"enemies":"The Heart","floor":55,"turns":8}],"seed_played":"8637956271703959343","potions_obtained":[{"floor":4.0,"key":"FairyPotion"},{"floor":5.0,"key":"SmokeBomb"},{"floor":5.0,"key":"AttackPotion"},{"floor":12.0,"key":"SneckoOil"},{"floor":16,"key":"Weak Potion"},{"floor":23,"key":"AttackPotion"},{"floor":27,"key":"Dexterity Potion"},{"floor":33,"key":"Ancient Potion"},{"floor":40,"key":"FearPotion"},{"floor":54,"key":"PowerPotion"}],"is_trial":false,"path_per_floor":["M","?","M","M","?","E","$","R","T","R","E","M","M","?","R","B",null,"M","M","M","$","?","E","R","M","T","M","E","?","M","M","R","B",null,"M","?","?","$","M","M","M","$","T","R","E","M","M","$","R","B",null,"R","$","E","B",null],"character_chosen":"IRONCLAD","items_purchased":["Shockwave","Strange Spoon","Feel No Pain","Happy Flower","Body Slam","Enlightenment","Sentinel","Inflame"],"campfire_rested":4,"item_purchase_floors":[7,21,38,38,48,48,53,53],"current_hp_per_floor":[65,65,66,72,72,76,76,76,76,76,67,62,52,34,59,19,92,93,79,78,78,78,58,58,52,52,51,30,30,38,33,62,45,100,96,96,83,83,91,99,72,72,72,103,106,110,98,98,112,20,112,112,112,110,19],"gold":50,"neow_bonus":"ONE_RARE_RELIC","is_prod":false,"is_daily":false,"chose_seed":false,"campfire_upgraded":3,"win_rate":0,"timestamp":1545212167,"path_taken":["M","?","M","?","?","E","$","R","T","R","E","?","?","?","R","BOSS","M","M","M","$","?","E","R","M","T","?","E","?","M","?","R","BOSS","M","?","?","?","?","M","M","$","T","R","E","M","?","$","R","BOSS","R","$","E","BOSS"],"build_version":"2018-12-13","purchased_purges":1,"victory":true,"max_hp_per_floor":[72,72,72,72,72,86,86,86,86,86,86,86,86,86,86,86,92,94,94,94,94,94,94,94,94,94,94,94,94,96,98,98,100,100,100,100,100,100,102,104,106,106,106,106,108,110,112,112,112,112,112,112,112,112,112],"card_choices":[{"not_picked":["Iron Wave","Flex"],"picked":"Dropkick","floor":1.0},{"not_picked":["Twin Strike","Reckless Charge"],"picked":"Headbutt","floor":3.0},{"not_picked":["Havoc","Headbutt"],"picked":"Evolve","floor":4.0},{"not_picked":["Anger","Pommel Strike"],"picked":"Spot Weakness","floor":6.0},{"not_picked":["Clash","Body Slam"],"picked":"Armaments","floor":11.0},{"not_picked":["Wild Strike","Iron Wave"],"picked":"Whirlwind","floor":12.0},{"not_picked":["Disarm","Warcry"],"picked":"Heavy Blade","floor":13},{"not_picked":["Exhume","Brutality"],"picked":"Bludgeon","floor":16},{"not_picked":["Iron Wave","Havoc","Clothesline"],"picked":"Singing Bowl","floor":17},{"not_picked":["Pommel Strike","Spot Weakness"],"picked":"Juggernaut","floor":17},{"not_picked":["Sword Boomerang","Clash"],"picked":"Rage","floor":17},{"not_picked":["Headbutt","Heavy Blade","Wild Strike"],"picked":"Singing Bowl","floor":17},{"not_picked":["Hemokinesis","Havoc","Sword Boomerang"],"picked":"Singing Bowl","floor":17},{"not_picked":["Flex","Pommel Strike+1","Dropkick"],"picked":"Singing Bowl","floor":18},{"not_picked":["Intimidate","Wild Strike"],"picked":"Body Slam+1","floor":19},{"not_picked":["Fire Breathing+1","Inflame+1"],"picked":"Burning Pact+1","floor":20},{"not_picked":["Cleave","Perfected Strike"],"picked":"Anger","floor":23},{"not_picked":["Body Slam","Warcry"],"picked":"Exhume","floor":25},{"not_picked":["Carnage","Sever Soul"],"picked":"Shrug It Off","floor":27},{"not_picked":["Intimidate","Perfected Strike"],"picked":"Barricade","floor":28},{"not_picked":["Rampage","Headbutt","Armaments"],"picked":"Singing Bowl","floor":30},{"not_picked":["Headbutt","Wild Strike","Sword Boomerang"],"picked":"Singing Bowl","floor":31},{"not_picked":["Immolate","Berserk","Barricade"],"picked":"Singing Bowl","floor":33},{"not_picked":[],"picked":"Rage+1","floor":35},{"not_picked":["Rage"],"picked":"Singing Bowl","floor":39},{"not_picked":["Cleave"],"picked":"Singing Bowl","floor":40},{"not_picked":["Headbutt+1"],"picked":"Singing Bowl","floor":41},{"not_picked":["Sword Boomerang"],"picked":"Singing Bowl","floor":45},{"not_picked":["Flex"],"picked":"Singing Bowl","floor":46},{"not_picked":["True Grit"],"picked":"Singing Bowl","floor":47},{"not_picked":[],"picked":"Iron Wave+1","floor":54}],"player_experience":278724,"relics_obtained":[{"floor":6.0,"key":"Mango"},{"floor":9.0,"key":"Singing Bowl"},{"floor":11.0,"key":"Charon\u0027s Ashes"},{"floor":23,"key":"Unceasing Top"},{"floor":28,"key":"Bag of Marbles"},{"floor":43,"key":"Paper Frog"},{"floor":45,"key":"Bag of Preparation"},{"floor":54,"key":"Nunchaku"}],"event_choices":[{"damage_healed":0.0,"max_hp_gain":0.0,"max_hp_loss":0.0,"gold_gain":0.0,"event_name":"Match and Keep!","player_choice":"2 cards matched","floor":2.0,"gold_loss":0.0,"damage_taken":0.0,"cards_obtained":["Corruption","Deep Breath"]},{"damage_healed":0.0,"max_hp_gain":0.0,"max_hp_loss":0.0,"gold_gain":0.0,"event_name":"Match and Keep!","player_choice":"2 cards matched","floor":2.0,"gold_loss":0.0,"damage_taken":0.0,"cards_obtained":["Corruption","Deep Breath"]},{"damage_healed":0.0,"max_hp_gain":0.0,"max_hp_loss":0.0,"gold_gain":0.0,"event_name":"The Woman in Blue","player_choice":"Bought 2 Potions","floor":5.0,"gold_loss":0.0,"damage_taken":0.0},{"damage_healed":0,"gold_gain":0,"player_choice":"Success","damage_taken":18,"relics_obtained":["Mummified Hand"],"max_hp_gain":0,"max_hp_loss":0,"event_name":"Scrap Ooze","floor":14,"gold_loss":0},{"damage_healed":0,"gold_gain":0,"player_choice":"Upgraded","damage_taken":0,"max_hp_gain":0,"max_hp_loss":0,"event_name":"Upgrade Shrine","floor":22,"gold_loss":0,"cards_upgraded":["Corruption"]},{"damage_healed":0,"gold_gain":0,"player_choice":"Traded Relic","damage_taken":0,"relics_obtained":["Nloth\u0027s Gift"],"max_hp_gain":0,"max_hp_loss":0,"event_name":"N\u0027loth","floor":29,"relics_lost":["Strange Spoon"],"gold_loss":0},{"damage_healed":0,"gold_gain":0,"player_choice":"Ignored","damage_taken":0,"max_hp_gain":0,"max_hp_loss":0,"event_name":"Tomb of Lord Red Mask","floor":36,"gold_loss":0},{"damage_healed":0,"gold_gain":0,"player_choice":"Embrace Madness","damage_taken":13,"max_hp_gain":0,"max_hp_loss":0,"event_name":"Winding Halls","floor":37,"gold_loss":0,"cards_obtained":["Madness","Madness"]}],"is_beta":false,"boss_relics":[{"not_picked":["Calling Bell","Eternal Feather"],"picked":"Orrery"},{"not_picked":["Astrolabe","Sozu"],"picked":"Busted Crown"}],"items_purged_floors":[7],"is_endless":false,"potions_floor_spawned":[4,12,16,23,27,31,33,40,46,47,54],"ascension_level":1}