{"gold_per_floor":[112,127,302,302,313,313,333,366,366,366,382,382],"floor_reached":12,"playtime":613,"items_purged":[],"score":125,"play_id":"039db88f-331a-40fb-8d83-4939a2e67b71","local_time":"20190715174514","is_ascension_mode":true,"campfire_choices":[{"data":"Corruption","floor":6,"key":"SMITH"}],"neow_cost":"CURSE","seed_source_timestamp":2583502909779400,"circlet_count":0,"master_deck":["Strike_R","Strike_R","Strike_R","Strike_R","Strike_R","Defend_R","Defend_R","Defend_R","Defend_R","Bash","Parasite","Power Through","Corruption+1","Doubt","Bloodletting","Battle Trance","Rupture","Armaments"],"relics":["Burning Blood","The Courier","Pantograph","Sundial"],"potions_floor_usage":[11,11,11],"damage_taken":[{"damage":11,"enemies":"Jaw Worm","floor":1,"turns":4},{"damage":11,"enemies":"2 Louse","floor":2,"turns":3},{"damage":1,"enemies":"Cultist","floor":5,"turns":5},{"damage":8,"enemies":"2 Fungi Beasts","floor":7,"turns":4},{"damage":81,"enemies":"Gremlin Nob","floor":8,"turns":7},{"damage":13,"enemies":"Lots of Slimes","floor":11,"turns":7},{"damage":0,"enemies":"Exordium Thugs","floor":12,"turns":1}],"seed_played":"-3458915267915859666","potions_obtained":[{"floor":1,"key":"Regen Potion"},{"floor":7,"key":"Energy Potion"},{"floor":10,"key":"EssenceOfSteel"},{"floor":10,"key":"Weak Potion"},{"floor":11,"key":"SteroidPotion"}],"is_trial":false,"path_per_floor":["M","M","?","?","M","R","M","E","T","?","M","M"],"character_chosen":"IRONCLAD","items_purchased":[],"campfire_rested":0,"item_purchase_floors":[],"current_hp_per_floor":[91,86,86,86,91,91,89,14,14,14,7,7],"gold":382,"neow_bonus":"TWENTY_PERCENT_HP_BONUS","is_prod":false,"is_daily":false,"chose_seed":false,"campfire_upgraded":1,"win_rate":0,"timestamp":1563237914,"path_taken":["M","M","?","?","M","R","?","E","T","?","?","M"],"build_version":"2019-07-05","purchased_purges":0,"victory":false,"max_hp_per_floor":[96,96,96,96,96,96,96,96,96,96,96,96],"card_choices":[{"not_picked":["Havoc","Clash"],"picked":"Power Through","floor":1},{"not_picked":["Clothesline","Whirlwind"],"picked":"Corruption","floor":2},{"not_picked":["Combust","Thunderclap"],"picked":"Bloodletting","floor":5},{"not_picked":["Ghostly Armor","Flex"],"picked":"Battle Trance","floor":7},{"not_picked":["Thunderclap","Spot Weakness"],"picked":"Rupture","floor":8},{"not_picked":["Clash","Body Slam"],"picked":"Armaments","floor":11}],"player_experience":668564,"relics_obtained":[{"floor":8,"key":"Pantograph"},{"floor":9,"key":"Sundial"}],"event_choices":[{"damage_healed":0,"gold_gain":175,"player_choice":"AGREE","damage_taken":0,"max_hp_gain":0,"max_hp_loss":0,"event_name":"Liars Game","floor":3,"gold_loss":0,"cards_obtained":["Doubt"]},{"damage_healed":0,"gold_gain":0,"player_choice":"Gave Potion","damage_taken":0,"relics_obtained":["The Courier"],"max_hp_gain":0,"max_hp_loss":0,"event_name":"WeMeetAgain","floor":4,"gold_loss":0},{"damage_healed":0,"gold_gain":0,"player_choice":"Got Potions","damage_taken":0,"max_hp_gain":0,"max_hp_loss":0,"event_name":"Lab","floor":10,"gold_loss":0}],"is_beta":false,"boss_relics":[],"items_purged_floors":[],"is_endless":false,"potions_floor_spawned":[1,7,11],"killed_by":"Exordium Thugs","ascension_level":5}