{"gold_per_floor":[119,130,80,80,97,97,108,108,108,169,192,223,223,235,235,334,334,353,73,73,88,98,98,98,98,173,173,173,88,102,102,102,203,203,215,234,234,0,54,54,54,154,207,50,50,66,66,92,92,92],"floor_reached":51,"playtime":3444,"items_purged":["Defend_B"],"score":874,"play_id":"87575c11-49c8-475e-85e6-cac36ac30748","local_time":"20190804223553","is_ascension_mode":true,"campfire_choices":[{"data":"Defragment","floor":6.0,"key":"SMITH"},{"data":"Beam Cell","floor":8.0,"key":"SMITH"},{"data":"1","floor":13.0,"key":"LIFT"},{"data":"2","floor":15.0,"key":"LIFT"},{"floor":23.0,"key":"REST"},{"data":"3","floor":24.0,"key":"LIFT"},{"data":"Capacitor","floor":27.0,"key":"SMITH"},{"data":"Barrage","floor":32.0,"key":"SMITH"},{"data":"Defragment","floor":40.0,"key":"SMITH"},{"data":"Biased Cognition","floor":41.0,"key":"SMITH"},{"data":"Seek","floor":47.0,"key":"SMITH"},{"data":"Zap","floor":49.0,"key":"SMITH"}],"neow_cost":"NONE","seed_source_timestamp":2162583052999100,"circlet_count":0,"master_deck":["Strike_B","Strike_B","Strike_B","Defend_B","Defend_B","Zap+1","Dualcast","Seek+1","Leap","Melter","Defragment+1","Beam Cell+1","Leap","Cold Snap","Echo Form","Cold Snap","Electrodynamics","Coolheaded+1","Capacitor+1","Barrage+1","Ghostly","Ghostly","Ghostly","Ghostly","Ghostly","Biased Cognition+1","Violence","Defragment+1","Skim+1","Ghostly"],"special_seed":0,"relics":["Cracked Core","WingedGreaves","Girya","Odd Mushroom","Emotion Chip","Busted Crown","Juzu Bracelet","Nilry\u0027s Codex","Dodecahedron","Lantern","Eternal Feather","Tiny Chest","Mango","Ginger","Ancient Tea Set","DataDisk","Centennial Puzzle"],"potions_floor_usage":[50],"damage_taken":[{"damage":2.0,"enemies":"Jaw Worm","floor":1.0,"turns":3.0},{"damage":0.0,"enemies":"Small Slimes","floor":2.0,"turns":3.0},{"damage":0.0,"enemies":"Cultist","floor":5.0,"turns":3.0},{"damage":8.0,"enemies":"Blue Slaver","floor":7.0,"turns":4.0},{"damage":11.0,"enemies":"3 Sentries","floor":10.0,"turns":6.0},{"damage":7.0,"enemies":"The Mushroom Lair","floor":11.0,"turns":5.0},{"damage":14.0,"enemies":"3 Sentries","floor":12.0,"turns":7.0},{"damage":0.0,"enemies":"Looter","floor":14.0,"turns":2.0},{"damage":13.0,"enemies":"The Guardian","floor":16.0,"turns":8.0},{"damage":1.0,"enemies":"Shell Parasite","floor":18.0,"turns":3.0},{"damage":0.0,"enemies":"3 Byrds","floor":21.0,"turns":2.0},{"damage":20.0,"enemies":"Shelled Parasite and Fungi","floor":22.0,"turns":4.0},{"damage":0.0,"enemies":"Snecko","floor":30.0,"turns":5.0},{"damage":0.0,"enemies":"Collector","floor":33.0,"turns":8.0},{"damage":0.0,"enemies":"3 Shapes","floor":35.0,"turns":2.0},{"damage":1.0,"enemies":"Orb Walker","floor":36.0,"turns":3.0},{"damage":0.0,"enemies":"2 Orb Walkers","floor":39.0,"turns":5.0},{"damage":0.0,"enemies":"Mind Bloom Boss Battle","floor":42.0,"turns":6.0},{"damage":1.0,"enemies":"3 Darklings","floor":46.0,"turns":3.0},{"damage":16,"enemies":"Awakened One","floor":50,"turns":14}],"seed_played":"8539347802244003359","potions_obtained":[{"floor":2.0,"key":"Fire Potion"},{"floor":4.0,"key":"Dexterity Potion"},{"floor":4.0,"key":"FocusPotion"},{"floor":14.0,"key":"SteroidPotion"},{"floor":16.0,"key":"PowerPotion"},{"floor":30.0,"key":"AttackPotion"},{"floor":33.0,"key":"SteroidPotion"},{"floor":42.0,"key":"PowerPotion"}],"is_trial":false,"path_per_floor":["M","M","?","?","M","R","M","R","T","?","?","E","R","M","R","B",null,"M","$","?","M","M","R","R","?","T","R","?","?","M","?","R","B",null,"M","M","?","$","?","R","R","?","T","$","?","M","R","T","R","B",null],"character_chosen":"DEFECT","items_purchased":["Capacitor","Barrage","Juzu Bracelet","Tiny Chest","Defragment","DataDisk"],"campfire_rested":1,"item_purchase_floors":[19,19,19,38,38,44],"current_hp_per_floor":[73,73,73,73,73,73,65,65,65,54,47,33,33,33,33,20,61,60,60,44,44,24,46,46,46,46,46,32,32,32,32,32,32,38,38,37,27,27,41,54,54,54,54,54,54,53,54,54,54,38],"gold":92,"neow_bonus":"ONE_RANDOM_RARE_CARD","is_prod":false,"is_daily":false,"chose_seed":false,"campfire_upgraded":8,"win_rate":0,"timestamp":1564979753,"path_taken":["M","M","?","?","M","R","?","R","T","?","?","E","R","M","R","BOSS","M","$","?","M","M","R","R","?","T","R","?","?","M","?","R","BOSS","M","M","?","$","?","R","R","?","T","?","?","M","R","?","R","BOSS"],"build_version":"2019-07-18","purchased_purges":1,"victory":true,"max_hp_per_floor":[75,75,75,75,75,75,75,75,75,75,75,75,75,75,75,75,75,75,75,75,75,75,75,75,75,75,75,80,80,80,40,40,40,40,40,40,40,40,54,54,54,54,54,54,54,54,54,54,54,54],"card_choices":[{"not_picked":["Compile Driver","Blizzard"],"picked":"Leap","floor":1.0},{"not_picked":["Redo","Ball Lightning"],"picked":"Melter","floor":2.0},{"not_picked":["Hologram","Tempest"],"picked":"Defragment","floor":5.0},{"not_picked":["Stack","Recycle"],"picked":"Beam Cell","floor":7.0},{"not_picked":["Rebound","Steam"],"picked":"Leap","floor":10.0},{"not_picked":["Gash","Melter"],"picked":"Cold Snap","floor":11.0},{"not_picked":["BootSequence","Leap"],"picked":"Echo Form","floor":12.0},{"not_picked":["Hologram","Coolheaded"],"picked":"Cold Snap","floor":14.0},{"not_picked":["Fission","Biased Cognition"],"picked":"Electrodynamics","floor":16.0},{"not_picked":[],"picked":"Coolheaded+1","floor":18.0},{"not_picked":["Streamline+1"],"picked":"SKIP","floor":21.0},{"not_picked":["Streamline"],"picked":"SKIP","floor":22.0},{"not_picked":["Sweeping Beam+1"],"picked":"SKIP","floor":30.0},{"not_picked":[],"picked":"Biased Cognition","floor":33.0},{"not_picked":["Stack"],"picked":"SKIP","floor":35.0},{"not_picked":["Compile Driver+1"],"picked":"SKIP","floor":36.0},{"not_picked":[],"picked":"Violence","floor":37.0},{"not_picked":[],"picked":"Skim+1","floor":42.0},{"not_picked":["Coolheaded"],"picked":"SKIP","floor":46.0}],"player_experience":108114,"relics_obtained":[{"floor":9.0,"key":"WingedGreaves"},{"floor":10.0,"key":"Girya"},{"floor":11.0,"key":"Odd Mushroom"},{"floor":12.0,"key":"Emotion Chip"},{"floor":20.0,"key":"Nilry\u0027s Codex"},{"floor":26.0,"key":"Dodecahedron"},{"floor":39.0,"key":"Mango"},{"floor":42.0,"key":"Ginger"},{"floor":43.0,"key":"Ancient Tea Set"},{"floor":48.0,"key":"Centennial Puzzle"}],"event_choices":[{"cards_removed":["Strike_B"],"damage_healed":0.0,"max_hp_gain":0.0,"max_hp_loss":0.0,"gold_gain":0.0,"event_name":"The Cleric","player_choice":"Card Removal","floor":3.0,"gold_loss":50.0,"damage_taken":0.0},{"damage_healed":0.0,"max_hp_gain":0.0,"max_hp_loss":0.0,"gold_gain":0.0,"event_name":"Lab","player_choice":"Got Potions","floor":4.0,"gold_loss":0.0,"damage_taken":0.0},{"damage_healed":0.0,"max_hp_gain":0.0,"max_hp_loss":0.0,"gold_gain":0.0,"event_name":"Dead Adventurer","player_choice":"Searched \u00272\u0027 times","floor":10.0,"gold_loss":0.0,"damage_taken":0.0},{"damage_healed":0.0,"max_hp_gain":0.0,"max_hp_loss":0.0,"gold_gain":0.0,"event_name":"Mushrooms","player_choice":"Fought Mushrooms","floor":11.0,"gold_loss":0.0,"damage_taken":0.0},{"damage_healed":0.0,"max_hp_gain":0.0,"max_hp_loss":0.0,"gold_gain":0.0,"event_name":"Cursed Tome","player_choice":"Obtained Book","floor":20.0,"gold_loss":0.0,"damage_taken":16.0},{"cards_removed":["Defend_B"],"damage_healed":0.0,"max_hp_gain":0.0,"max_hp_loss":0.0,"gold_gain":0.0,"event_name":"Bonfire Elementals","player_choice":"Offered Basic","floor":25.0,"gold_loss":0.0,"damage_taken":0.0},{"damage_healed":0.0,"max_hp_gain":5.0,"max_hp_loss":0.0,"gold_gain":0.0,"event_name":"Forgotten Altar","player_choice":"Shed Blood","floor":28.0,"gold_loss":0.0,"damage_taken":19.0},{"damage_healed":0.0,"max_hp_gain":0.0,"max_hp_loss":0.0,"gold_gain":0.0,"event_name":"Addict","player_choice":"Obtained Relic","floor":29.0,"gold_loss":85.0,"damage_taken":0.0,"relics_obtained":["Lantern"]},{"damage_healed":0.0,"max_hp_gain":0.0,"max_hp_loss":40.0,"gold_gain":0.0,"event_name":"Ghosts","player_choice":"Became a Ghost","floor":31.0,"gold_loss":0.0,"damage_taken":0.0,"cards_obtained":["Ghostly","Ghostly","Ghostly","Ghostly","Ghostly"]},{"damage_healed":0.0,"max_hp_gain":0.0,"max_hp_loss":0.0,"gold_gain":0.0,"event_name":"SensoryStone","player_choice":"Memory 3","floor":37.0,"gold_loss":0.0,"damage_taken":10.0},{"damage_healed":0.0,"max_hp_gain":0.0,"max_hp_loss":0.0,"gold_gain":0.0,"event_name":"Mysterious Sphere","player_choice":"Fight","floor":39.0,"gold_loss":0.0,"damage_taken":0.0},{"damage_healed":0.0,"max_hp_gain":0.0,"max_hp_loss":0.0,"gold_gain":0.0,"event_name":"MindBloom","player_choice":"Fight","floor":42.0,"gold_loss":0.0,"damage_taken":0.0},{"damage_healed":0.0,"max_hp_gain":0.0,"max_hp_loss":0.0,"gold_gain":0.0,"event_name":"Duplicator","player_choice":"Copied","floor":45.0,"gold_loss":0.0,"damage_taken":0.0,"cards_obtained":["Ghostly"]}],"is_beta":true,"boss_relics":[{"not_picked":["Runic Pyramid","Fusion Hammer"],"picked":"Busted Crown"},{"not_picked":["Calling Bell","Philosopher\u0027s Stone"],"picked":"Eternal Feather"}],"items_purged_floors":[38],"is_endless":false,"potions_floor_spawned":[2,5,14,16,21,30,33,42,46],"ascension_level":5}