{"gold_per_floor":[110,110,110,285,285,310,13,13,13,27,46,46,46,56,56,159,159,173,173,188,188,205,205],"floor_reached":23,"playtime":808,"items_purged":[],"score":189,"play_id":"f5ec391b-9d3b-41ee-8004-5cea332d1638","local_time":"20190520201757","is_ascension_mode":false,"campfire_choices":[{"data":"Defragment","floor":8.0,"key":"SMITH"},{"data":"Skim","floor":13.0,"key":"SMITH"},{"data":"Coolheaded","floor":15.0,"key":"SMITH"}],"neow_cost":"NONE","seed_source_timestamp":334505674654627,"circlet_count":0,"master_deck":["Strike_B+1","Strike_B","Defend_B","Defend_B","Defend_B","Defend_B+1","Zap","Dualcast","Doubt","Cold Snap","Defragment+1","Turbo","Skim+1","Coolheaded+1","Creative AI","Core Surge"],"special_seed":0,"relics":["Busted Crown","Blue Candle","Ginger","Membership Card","Eternal Feather","FaceOfCleric"],"potions_floor_usage":[],"damage_taken":[{"damage":7.0,"enemies":"2 Louse","floor":1.0,"turns":3.0},{"damage":27.0,"enemies":"Lagavulin","floor":6.0,"turns":8.0},{"damage":0.0,"enemies":"Jaw Worm","floor":10.0,"turns":2.0},{"damage":1.0,"enemies":"Cultist","floor":11.0,"turns":4.0},{"damage":6.0,"enemies":"Exordium Thugs","floor":14.0,"turns":6.0},{"damage":6.0,"enemies":"Slime Boss","floor":16.0,"turns":9.0},{"damage":8.0,"enemies":"Chosen","floor":18.0,"turns":8.0},{"damage":19.0,"enemies":"Shell Parasite","floor":20.0,"turns":7.0},{"damage":15,"enemies":"Sentry and Sphere","floor":22,"turns":7},{"damage":36,"enemies":"Gremlin Leader","floor":23,"turns":5}],"seed_played":"-6465529384205224043","potions_obtained":[{"floor":10.0,"key":"AttackPotion"},{"floor":11.0,"key":"FocusPotion"}],"is_trial":false,"path_per_floor":["M","?","?","?","T","E","$","R","T","M","M","?","R","M","R","B",null,"M","?","M","?","M","E"],"character_chosen":"DEFECT","items_purchased":["Membership Card","Defragment","Turbo","Skim"],"campfire_rested":0,"item_purchase_floors":[7,7,7,7],"current_hp_per_floor":[68,68,53,53,53,26,26,26,26,26,25,25,25,19,19,13,75,67,67,49,49,35,0],"gold":205,"neow_bonus":"BOSS_RELIC","is_prod":false,"is_daily":false,"chose_seed":false,"campfire_upgraded":3,"win_rate":0,"timestamp":1558354677,"path_taken":["M","?","?","?","?","E","?","R","T","?","M","?","R","M","R","BOSS","M","?","?","?","?","E"],"build_version":"2019-01-23","purchased_purges":0,"victory":false,"max_hp_per_floor":[75,75,75,75,75,75,75,75,75,75,75,75,75,75,75,75,75,75,75,76,76,77,77],"card_choices":[{"not_picked":["Steam"],"picked":"SKIP","floor":1.0},{"not_picked":[],"picked":"Cold Snap","floor":6.0},{"not_picked":["Go for the Eyes"],"picked":"SKIP","floor":10.0},{"not_picked":["Compile Driver"],"picked":"SKIP","floor":11.0},{"not_picked":[],"picked":"Coolheaded","floor":14.0},{"not_picked":[],"picked":"Creative AI","floor":16.0},{"not_picked":["BootSequence"],"picked":"SKIP","floor":18.0},{"not_picked":["Rebound"],"picked":"SKIP","floor":20.0},{"not_picked":["Go for the Eyes+1"],"picked":"SKIP","floor":22}],"player_experience":908896,"relics_obtained":[{"floor":5.0,"key":"Blue Candle"},{"floor":6.0,"key":"Ginger"}],"event_choices":[{"cards_removed":["Strike_B"],"damage_healed":0.0,"max_hp_gain":0.0,"max_hp_loss":0.0,"gold_gain":0.0,"event_name":"Living Wall","player_choice":"Forget","floor":2.0,"gold_loss":0.0,"damage_taken":0.0},{"damage_healed":0.0,"max_hp_gain":0.0,"max_hp_loss":0.0,"gold_gain":0.0,"event_name":"Shining Light","player_choice":"Entered Light","floor":3.0,"gold_loss":0.0,"damage_taken":15.0,"cards_upgraded":["Strike_B","Defend_B"]},{"damage_healed":0.0,"max_hp_gain":0.0,"max_hp_loss":0.0,"gold_gain":175.0,"event_name":"Liars Game","player_choice":"AGREE","floor":4.0,"gold_loss":0.0,"damage_taken":0.0,"cards_obtained":["Doubt"]},{"cards_removed":["Strike_B"],"damage_healed":0.0,"max_hp_gain":0.0,"max_hp_loss":0.0,"gold_gain":0.0,"event_name":"Bonfire Elementals","player_choice":"Offered Basic","floor":12.0,"gold_loss":0.0,"damage_taken":0.0},{"damage_healed":0.0,"max_hp_gain":0.0,"max_hp_loss":0.0,"gold_gain":0.0,"event_name":"FaceTrader","player_choice":"Trade","floor":19.0,"gold_loss":0.0,"damage_taken":0.0,"relics_obtained":["FaceOfCleric"]},{"damage_healed":0,"gold_gain":0,"player_choice":"1 cards matched","damage_taken":0,"max_hp_gain":0,"max_hp_loss":0,"event_name":"Match and Keep!","floor":21,"gold_loss":0,"cards_obtained":["Core Surge"]}],"is_beta":false,"boss_relics":[{"not_picked":["Fusion Hammer","White Beast Statue"],"picked":"Eternal Feather"}],"items_purged_floors":[],"is_endless":false,"potions_floor_spawned":[10,11],"killed_by":"Gremlin Leader","ascension_level":0}