{"gold_per_floor":[119,119,119,63,75,110,110,139,139,157,169,187,221,237,237,313,313,323,248,248],"floor_reached":20,"playtime":590,"items_purged":["Strike_R"],"score":418,"play_id":"ec5083b2-8613-447e-a499-3c8deba140af","local_time":"20190519181419","is_ascension_mode":true,"campfire_choices":[{"data":"Armaments","floor":7.0,"key":"SMITH"},{"data":"Sword Boomerang","floor":15.0,"key":"SMITH"}],"neow_cost":"NONE","seed_source_timestamp":240877457984699,"circlet_count":0,"master_deck":["AscendersBane","Strike_R","Strike_R","Strike_R","Strike_R","Defend_R","Defend_R+1","Defend_R","Defend_R+1","Bash","Armaments+1","Spot Weakness","Clothesline","Sword Boomerang+1","Cleave","Limit Break","True Grit"],"special_seed":0,"relics":["Burning Blood","NeowsBlessing","Nunchaku","War Paint","Mummified Hand","Odd Mushroom","Oddly Smooth Stone","Calling Bell","Regal Pillow","Darkstone Periapt","Torii"],"potions_floor_usage":[],"damage_taken":[{"damage":0.0,"enemies":"Jaw Worm","floor":1.0,"turns":1.0},{"damage":0.0,"enemies":"Small Slimes","floor":5.0,"turns":1.0},{"damage":0.0,"enemies":"3 Sentries","floor":6.0,"turns":2.0},{"damage":20.0,"enemies":"The Mushroom Lair","floor":8.0,"turns":6.0},{"damage":1.0,"enemies":"2 Louse","floor":10.0,"turns":3.0},{"damage":4.0,"enemies":"Gremlin Gang","floor":11.0,"turns":5.0},{"damage":26.0,"enemies":"Exordium Thugs","floor":12.0,"turns":6.0},{"damage":23.0,"enemies":"Gremlin Nob","floor":13.0,"turns":4.0},{"damage":8.0,"enemies":"2 Fungi Beasts","floor":14.0,"turns":4.0},{"damage":13.0,"enemies":"Slime Boss","floor":16.0,"turns":7.0},{"damage":40.0,"enemies":"Spheric Guardian","floor":18.0,"turns":6.0},{"damage":10,"enemies":"Chosen","floor":20,"turns":5}],"seed_played":"2985895476722288167","potions_obtained":[{"floor":1.0,"key":"Fire Potion"},{"floor":6.0,"key":"Dexterity Potion"},{"floor":11.0,"key":"Strength Potion"},{"floor":12.0,"key":"SpeedPotion"}],"is_trial":false,"path_per_floor":["M","?","T","$","M","E","R","?","T","M","M","M","E","M","R","B",null,"M","$","M"],"character_chosen":"IRONCLAD","items_purchased":["Armaments"],"campfire_rested":0,"item_purchase_floors":[4],"current_hp_per_floor":[74,63,63,63,69,75,75,61,61,66,68,48,31,29,29,22,62,28,28,18],"gold":248,"neow_bonus":"THREE_ENEMY_KILL","is_prod":false,"is_daily":false,"chose_seed":false,"campfire_upgraded":2,"win_rate":0,"timestamp":1558260859,"path_taken":["M","?","?","$","M","E","R","?","T","M","M","M","E","M","R","BOSS","M","$","M"],"build_version":"2019-01-23","purchased_purges":1,"victory":false,"max_hp_per_floor":[75,75,75,75,75,75,75,75,75,75,75,75,75,75,75,75,75,75,75,75],"card_choices":[{"not_picked":["Hemokinesis","Headbutt","Flex"],"picked":"SKIP","floor":1.0},{"not_picked":["Pummel","Entrench","True Grit"],"picked":"SKIP","floor":5.0},{"not_picked":["Dropkick","Warcry","Iron Wave"],"picked":"SKIP","floor":6.0},{"not_picked":["Sword Boomerang","Body Slam"],"picked":"Spot Weakness","floor":8.0},{"not_picked":["Iron Wave","Infernal Blade","Body Slam"],"picked":"SKIP","floor":10.0},{"not_picked":["Havoc","Searing Blow","Perfected Strike"],"picked":"SKIP","floor":11.0},{"not_picked":["Iron Wave","Warcry"],"picked":"Clothesline","floor":12.0},{"not_picked":["Anger","Havoc"],"picked":"Sword Boomerang","floor":13.0},{"not_picked":["Hemokinesis","Twin Strike"],"picked":"Cleave","floor":14.0},{"not_picked":["Barricade","Exhume"],"picked":"Limit Break","floor":16.0},{"not_picked":["Body Slam","Uppercut"],"picked":"True Grit","floor":18.0}],"player_experience":884013,"relics_obtained":[{"floor":3.0,"key":"War Paint"},{"floor":6.0,"key":"Mummified Hand"},{"floor":8.0,"key":"Odd Mushroom"},{"floor":13.0,"key":"Oddly Smooth Stone"},{"floor":17.0,"key":"Regal Pillow"},{"floor":17.0,"key":"Darkstone Periapt"},{"floor":17.0,"key":"Torii"}],"event_choices":[{"damage_healed":0.0,"max_hp_gain":0.0,"max_hp_loss":0.0,"gold_gain":0.0,"event_name":"Scrap Ooze","player_choice":"Success","floor":2.0,"gold_loss":0.0,"damage_taken":11.0,"relics_obtained":["Nunchaku"]},{"damage_healed":0.0,"max_hp_gain":0.0,"max_hp_loss":0.0,"gold_gain":0.0,"event_name":"Mushrooms","player_choice":"Fought Mushrooms","floor":8.0,"gold_loss":0.0,"damage_taken":0.0}],"is_beta":false,"boss_relics":[{"not_picked":["White Beast Statue","Black Star"],"picked":"Calling Bell"}],"items_purged_floors":[19],"is_endless":false,"potions_floor_spawned":[1,6,11,12],"killed_by":"Chosen","ascension_level":20}