{"gold_per_floor":[116,191,191,209,209,236,248,276,311,343,355,367,399,426,438,450],"floor_reached":16,"playtime":979,"items_purged":[],"score":127,"play_id":"ed6b4825-f717-4632-a4bf-6ed7cb7fbeae","local_time":"20190806231751","is_ascension_mode":false,"campfire_choices":[{"floor":7,"key":"RECALL"},{"data":"Envenom","floor":15,"key":"SMITH"}],"neow_cost":"NONE","seed_source_timestamp":80273302481482,"circlet_count":0,"master_deck":["Strike_G","Strike_G","Strike_G","Strike_G","Strike_G","Defend_G","Defend_G","Defend_G","Defend_G+1","Defend_G+1","Survivor","Neutralize+1","Backflip","Quick Slash","Envenom+1"],"relics":["Ring of the Snake","NeowsBlessing","War Paint","MawBank"],"potions_floor_usage":[],"damage_taken":[{"damage":0,"enemies":"2 Louse","floor":1,"turns":1},{"damage":0,"enemies":"Small Slimes","floor":4,"turns":1},{"damage":0,"enemies":"Gremlin Nob","floor":6,"turns":1},{"damage":1,"enemies":"Cultist","floor":8,"turns":5},{"damage":0,"enemies":"2 Fungi Beasts","floor":10,"turns":5},{"damage":11,"enemies":"Gremlin Gang","floor":13,"turns":10},{"damage":0,"enemies":"Exordium Wildlife","floor":14,"turns":4},{"damage":40,"enemies":"Slime Boss","floor":16,"turns":11}],"seed_played":"5749742035469389471","potions_obtained":[{"floor":1,"key":"Energy Potion"},{"floor":4,"key":"Explosive Potion"},{"floor":10,"key":"Strength Potion"}],"is_trial":false,"path_per_floor":["M","?","?","M","?","E","R","M","T","M","$","?","M","M","R","B"],"character_chosen":"THE_SILENT","items_purchased":[],"campfire_rested":0,"item_purchase_floors":[],"current_hp_per_floor":[70,59,59,59,59,59,59,58,58,58,58,58,47,47,47,7],"gold":450,"neow_bonus":"THREE_ENEMY_KILL","is_prod":false,"is_daily":false,"chose_seed":false,"campfire_upgraded":1,"win_rate":0,"timestamp":1565147871,"path_taken":["M","?","?","?","?","E","R","?","T","M","$","?","M","M","R","BOSS"],"build_version":"2019-07-17","purchased_purges":0,"victory":false,"max_hp_per_floor":[70,70,70,70,70,70,70,70,70,70,70,70,70,70,70,70],"card_choices":[{"not_picked":["All Out Attack","PiercingWail","Masterful Stab"],"picked":"SKIP","floor":1},{"not_picked":["Blade Dance","Outmaneuver","Endless Agony"],"picked":"SKIP","floor":4},{"not_picked":["Quick Slash","Dodge and Roll"],"picked":"Backflip","floor":6},{"not_picked":["Dagger Spray","Acrobatics"],"picked":"Quick Slash","floor":8},{"not_picked":["Sucker Punch","Deadly Poison","Dodge and Roll"],"picked":"SKIP","floor":10},{"not_picked":["Flying Knee","Calculated Gamble","Heel Hook"],"picked":"SKIP","floor":13},{"not_picked":["Flying Knee","Infinite Blades"],"picked":"Envenom","floor":14}],"player_experience":38106,"relics_obtained":[{"floor":6,"key":"MawBank"}],"event_choices":[{"damage_healed":0,"gold_gain":75,"player_choice":"Gather Gold","damage_taken":11,"max_hp_gain":0,"max_hp_loss":0,"event_name":"World of Goop","floor":2,"gold_loss":0},{"damage_healed":0,"gold_gain":0,"player_choice":"Upgraded","damage_taken":0,"max_hp_gain":0,"max_hp_loss":0,"event_name":"Upgrade Shrine","floor":3,"gold_loss":0,"cards_upgraded":["Neutralize"]},{"damage_healed":0,"gold_gain":0,"player_choice":"Gave Potion","damage_taken":0,"relics_obtained":["War Paint"],"max_hp_gain":0,"max_hp_loss":0,"event_name":"WeMeetAgain","floor":5,"gold_loss":0},{"damage_healed":0,"gold_gain":0,"player_choice":"Bought 0 Potions","damage_taken":0,"max_hp_gain":0,"max_hp_loss":0,"event_name":"The Woman in Blue","floor":12,"gold_loss":0}],"is_beta":false,"boss_relics":[],"items_purged_floors":[],"is_endless":false,"potions_floor_spawned":[1,4,10],"killed_by":"Slime Boss","ascension_level":0}