{"gold_per_floor":[119,294,369,384,384,409,409,232,232,232,252,269,299,317,317,421,421,405,405,405,29,42,71,71,81,81,81,112,112,112,126,126,231,231,251,264,264,91,107,107,107],"floor_reached":41,"playtime":3514,"items_purged":["Strike_R","Shame"],"score":559,"play_id":"ecd160fa-5467-46ea-bfa9-19b3642419bd","local_time":"20190117153536","is_ascension_mode":true,"campfire_choices":[{"floor":7.0,"key":"REST"},{"data":"Armaments","floor":15.0,"key":"SMITH"},{"floor":24,"key":"REST"},{"floor":27,"key":"REST"},{"floor":32,"key":"REST"},{"data":"Apotheosis","floor":40,"key":"SMITH"}],"neow_cost":"NONE","seed_source_timestamp":0,"circlet_count":0,"master_deck":["Strike_R","Defend_R","Defend_R","Defend_R","Bash","Shrug It Off","Flame Barrier","True Grit","Armaments+1","Whirlwind","Anger","Headbutt","Reaper","Barricade","Armaments","Body Slam","Apotheosis+1","Double Tap","Warcry","Spot Weakness","Metallicize","Sentinel+1","Rampage","Necronomicurse","Battle Trance","Entrench+1","Juggernaut","True Grit+1","Metallicize","Dramatic Entrance","Shrug It Off","Heavy Blade"],"special_seed":0,"relics":["Burning Blood","Centennial Puzzle","Lantern","Pear","Empty Cage","Regal Pillow","Thread and Needle","Gremlin Horn","Necronomicon","Eternal Feather"],"potions_floor_usage":[22,23,23,31,36,39,41],"damage_taken":[{"damage":14.0,"enemies":"Jaw Worm","floor":1.0,"turns":3.0},{"damage":8.0,"enemies":"2 Louse","floor":4.0,"turns":3.0},{"damage":55.0,"enemies":"3 Sentries","floor":6.0,"turns":15.0},{"damage":2.0,"enemies":"Small Slimes","floor":11.0,"turns":6.0},{"damage":8.0,"enemies":"Gremlin Gang","floor":12.0,"turns":2.0},{"damage":7.0,"enemies":"Gremlin Nob","floor":13.0,"turns":3.0},{"damage":0.0,"enemies":"2 Fungi Beasts","floor":14.0,"turns":2.0},{"damage":59,"enemies":"Slime Boss","floor":16,"turns":16},{"damage":4,"enemies":"2 Thieves","floor":18,"turns":5},{"damage":8,"enemies":"Shell Parasite","floor":22,"turns":8},{"damage":92,"enemies":"Book of Stabbing","floor":23,"turns":8},{"damage":36,"enemies":"Shelled Parasite and Fungi","floor":25,"turns":8},{"damage":59,"enemies":"Slavers","floor":28,"turns":5},{"damage":30,"enemies":"Snake Plant","floor":31,"turns":6},{"damage":16,"enemies":"Champ","floor":33,"turns":12},{"damage":32,"enemies":"3 Darklings","floor":35,"turns":6},{"damage":34,"enemies":"Orb Walker","floor":36,"turns":7},{"damage":41,"enemies":"Spire Growth","floor":39,"turns":9},{"damage":101,"enemies":"Giant Head","floor":41,"turns":8}],"seed_played":"-5080887564363583140","potions_obtained":[{"floor":6.0,"key":"SkillPotion"},{"floor":11.0,"key":"Energy Potion"},{"floor":13.0,"key":"SteroidPotion"},{"floor":18,"key":"Weak Potion"},{"floor":22,"key":"Poison Potion"},{"floor":28,"key":"AttackPotion"},{"floor":35,"key":"Block Potion"},{"floor":36,"key":"Regen Potion"},{"floor":39,"key":"AttackPotion"}],"is_trial":false,"path_per_floor":["M","?","?","M","?","E","R","$","T","?","M","M","E","M","R","B",null,"M","?","?","$","M","E","R","M","T","R","E","?","?","M","R","B",null,"M","M","?","$","M","R","E"],"character_chosen":"IRONCLAD","items_purchased":["Armaments","Whirlwind","Apotheosis","Double Tap","Warcry","Shrug It Off","Heavy Blade"],"campfire_rested":4,"item_purchase_floors":[8,8,21,21,21,38,38],"current_hp_per_floor":[80,80,69,67,72,23,50,50,50,93,93,91,100,103,103,50,103,103,103,103,103,103,26,71,50,50,95,60,44,44,20,65,55,103,103,75,75,75,55,73,0],"gold":107,"neow_bonus":"TEN_PERCENT_HP_BONUS","is_prod":false,"is_daily":false,"chose_seed":false,"campfire_upgraded":2,"win_rate":0,"timestamp":1547699736,"path_taken":["M","?","?","M","?","E","R","?","T","?","?","M","E","M","R","BOSS","M","?","?","$","M","E","R","M","T","R","E","?","?","M","R","BOSS","M","M","?","$","M","R","E"],"build_version":"2019-01-10","purchased_purges":2,"victory":false,"max_hp_per_floor":[88,88,88,88,93,93,93,93,93,93,93,93,103,103,103,103,103,103,103,103,103,103,103,103,103,103,103,103,103,103,103,103,103,103,103,103,103,103,103,103,103],"card_choices":[{"not_picked":["Feel No Pain","Iron Wave"],"picked":"Shrug It Off","floor":1.0},{"not_picked":["Second Wind","Heavy Blade"],"picked":"Flame Barrier","floor":4.0},{"not_picked":["Infernal Blade","Heavy Blade"],"picked":"True Grit","floor":6.0},{"not_picked":["Hemokinesis","Havoc"],"picked":"Anger","floor":11.0},{"not_picked":["Pommel Strike","Dark Embrace"],"picked":"Headbutt","floor":12.0},{"not_picked":["Armaments","Heavy Blade"],"picked":"Reaper","floor":13.0},{"not_picked":["Pommel Strike","Dual Wield","Havoc"],"picked":"SKIP","floor":14.0},{"not_picked":["Brutality","Double Tap"],"picked":"Barricade","floor":16},{"not_picked":["Iron Wave","Sword Boomerang"],"picked":"Armaments","floor":18},{"not_picked":["Anger","Hemokinesis"],"picked":"Spot Weakness","floor":22},{"not_picked":["Iron Wave","Clothesline+1"],"picked":"Metallicize","floor":23},{"not_picked":["Twin Strike+1","Dual Wield"],"picked":"Sentinel+1","floor":25},{"not_picked":["Havoc","Wild Strike+1"],"picked":"Rampage","floor":28},{"not_picked":["Armaments","Clothesline"],"picked":"Entrench+1","floor":31},{"not_picked":["Dark Embrace","Offering"],"picked":"Juggernaut","floor":33},{"not_picked":["Shrug It Off+1","Heavy Blade+1"],"picked":"True Grit+1","floor":35},{"not_picked":["Dual Wield","Corruption"],"picked":"Metallicize","floor":36},{"not_picked":["PanicButton","Impatience"],"picked":"Dramatic Entrance","floor":37},{"not_picked":["Anger","Heavy Blade","Rampage+1"],"picked":"SKIP","floor":39}],"player_experience":459122,"relics_obtained":[{"floor":6.0,"key":"Centennial Puzzle"},{"floor":9.0,"key":"Lantern"},{"floor":13.0,"key":"Pear"},{"floor":23,"key":"Regal Pillow"},{"floor":26,"key":"Thread and Needle"},{"floor":28,"key":"Gremlin Horn"},{"floor":29,"key":"Necronomicon"}],"event_choices":[{"damage_healed":0.0,"max_hp_gain":0.0,"max_hp_loss":0.0,"gold_gain":175.0,"event_name":"Liars Game","player_choice":"AGREE","floor":2.0,"gold_loss":0.0,"damage_taken":0.0,"cards_obtained":["Doubt"]},{"damage_healed":0.0,"max_hp_gain":0.0,"max_hp_loss":0.0,"gold_gain":75.0,"event_name":"World of Goop","player_choice":"Gather Gold","floor":3.0,"gold_loss":0.0,"damage_taken":11.0},{"damage_healed":0.0,"max_hp_gain":5.0,"max_hp_loss":0.0,"gold_gain":0.0,"event_name":"Big Fish","player_choice":"Donut","floor":5.0,"gold_loss":0.0,"damage_taken":0.0},{"damage_healed":43.0,"max_hp_gain":0.0,"max_hp_loss":0.0,"gold_gain":0.0,"event_name":"Wheel of Change","player_choice":"Full Heal","floor":10.0,"gold_loss":0.0,"damage_taken":0.0},{"cards_removed":["Defend_R"],"damage_healed":0,"gold_gain":0,"player_choice":"Elegance","damage_taken":0,"max_hp_gain":0,"max_hp_loss":0,"event_name":"Back to Basics","floor":19,"gold_loss":0},{"damage_healed":0,"gold_gain":0,"player_choice":"Read","damage_taken":0,"max_hp_gain":0,"max_hp_loss":0,"event_name":"The Library","floor":20,"gold_loss":0,"cards_obtained":["Body Slam"]},{"damage_healed":0,"gold_gain":0,"player_choice":"Obtained Book","damage_taken":16,"max_hp_gain":0,"max_hp_loss":0,"event_name":"Cursed Tome","floor":29,"gold_loss":0},{"damage_healed":0,"gold_gain":0,"cards_transformed":["Doubt","Strike_R"],"player_choice":"Became Test Subject","damage_taken":0,"max_hp_gain":0,"max_hp_loss":0,"event_name":"Drug Dealer","floor":30,"gold_loss":0,"cards_obtained":["Shame","Battle Trance"]},{"damage_healed":0,"gold_gain":0,"player_choice":"Memory 1","damage_taken":0,"max_hp_gain":0,"max_hp_loss":0,"event_name":"SensoryStone","floor":37,"gold_loss":0}],"is_beta":false,"boss_relics":[{"not_picked":["Snecko Eye","Black Blood"],"picked":"Empty Cage"},{"not_picked":["Sozu","Fusion Hammer"],"picked":"Eternal Feather"}],"items_purged_floors":[8,38],"is_endless":false,"potions_floor_spawned":[6,11,13,18,22,28,35,36,39],"killed_by":"Giant Head","ascension_level":3}