{"gold_per_floor":[119,119,135,135,155,155,5,31,54,89,103,173,198,208,208,309,309,321,321,321,333,346,376,376,402,426,441,441,90,141,156,156,156],"floor_reached":33,"playtime":1837,"items_purged":["Strike_B"],"score":431,"play_id":"4c0e355c-3d09-4fdf-a478-8e0e8ef9fa59","local_time":"20190711225746","is_ascension_mode":true,"campfire_choices":[{"floor":6.0,"key":"REST"},{"floor":15.0,"key":"REST"},{"floor":24,"key":"REST"},{"floor":28,"key":"REST"},{"floor":32,"key":"REST"}],"neow_cost":"CURSE","seed_source_timestamp":0,"circlet_count":0,"master_deck":["Strike_B","Defend_B","Defend_B","Defend_B","Zap","Dualcast","Shame","Genetic Algorithm","Leap+1","Sweeping Beam","Defragment","Rebound","Lockon","Sunder+1","Coolheaded","Barrage+1","Rip and Tear+1","Capacitor","Coolheaded","Core Surge+1","Clumsy","Injury","Doubt","Ball Lightning+1","Cold Snap+1","Sweeping Beam+1","Leap+1","Turbo+1","Buffer","Streamline+1","Beam Cell+1","Self Repair","Undo","Armaments+1","Prepared"],"special_seed":0,"relics":["Cracked Core","Emotion Chip","Dream Catcher","Molten Egg 2","Happy Flower","Bronze Scales","Darkstone Periapt","Calling Bell","Oddly Smooth Stone","Ornamental Fan","Incense Burner","Question Card","Blue Candle","PrismaticShard","War Paint"],"potions_floor_usage":[16,16,16,22,23,31,33,33,33],"damage_taken":[{"damage":4.0,"enemies":"2 Louse","floor":1.0,"turns":3.0},{"damage":11.0,"enemies":"Small Slimes","floor":3.0,"turns":4.0},{"damage":14.0,"enemies":"Jaw Worm","floor":5.0,"turns":4.0},{"damage":10.0,"enemies":"3 Sentries","floor":8.0,"turns":5.0},{"damage":17.0,"enemies":"Lagavulin","floor":10.0,"turns":5.0},{"damage":0.0,"enemies":"3 Louse","floor":11.0,"turns":2.0},{"damage":10.0,"enemies":"3 Sentries","floor":13.0,"turns":5.0},{"damage":0.0,"enemies":"2 Fungi Beasts","floor":14.0,"turns":1.0},{"damage":7,"enemies":"Hexaghost","floor":16,"turns":6},{"damage":9,"enemies":"3 Byrds","floor":18,"turns":3},{"damage":20,"enemies":"2 Thieves","floor":21,"turns":4},{"damage":14,"enemies":"Shelled Parasite and Fungi","floor":22,"turns":3},{"damage":12,"enemies":"Book of Stabbing","floor":23,"turns":5},{"damage":37,"enemies":"Gremlin Leader","floor":25,"turns":7},{"damage":7,"enemies":"Chosen and Byrds","floor":27,"turns":5},{"damage":9,"enemies":"Centurion and Healer","floor":31,"turns":7},{"damage":64,"enemies":"Automaton","floor":33,"turns":10}],"seed_played":"-409580718409142010","potions_obtained":[{"floor":3.0,"key":"Dexterity Potion"},{"floor":5.0,"key":"Block Potion"},{"floor":11.0,"key":"Poison Potion"},{"floor":13.0,"key":"LiquidBronze"},{"floor":14.0,"key":"AttackPotion"},{"floor":21,"key":"FearPotion"},{"floor":22,"key":"SkillPotion"},{"floor":27,"key":"Block Potion"},{"floor":31,"key":"EntropicBrew"}],"is_trial":false,"path_per_floor":["M","?","M","?","M","R","$","E","T","E","M","?","E","M","R","B",null,"M","?","?","M","M","E","R","E","T","M","R","$","T","M","R","B"],"character_chosen":"DEFECT","items_purchased":["Lockon","PrismaticShard","Self Repair","Undo"],"campfire_rested":5,"item_purchase_floors":[7,29,29,29],"current_hp_per_floor":[71,53,42,42,28,50,50,40,40,23,23,23,13,13,35,28,81,72,72,72,52,38,26,53,16,16,9,36,36,36,34,61,0],"gold":156,"neow_bonus":"ONE_RARE_RELIC","is_prod":false,"is_daily":false,"chose_seed":false,"campfire_upgraded":0,"win_rate":0,"timestamp":1562900266,"path_taken":["M","?","M","?","?","R","$","E","T","E","M","?","E","M","R","BOSS","M","?","?","?","?","E","R","E","T","M","R","$","?","M","R","BOSS"],"build_version":"2019-07-05","purchased_purges":1,"victory":false,"max_hp_per_floor":[75,75,75,75,75,75,75,75,75,75,75,75,75,75,75,75,93,93,93,93,93,93,93,93,93,93,93,93,93,93,93,93,93],"card_choices":[{"not_picked":["Cold Snap","Stack"],"picked":"Genetic Algorithm","floor":1.0},{"not_picked":["Steam","BootSequence"],"picked":"Leap","floor":3.0},{"not_picked":["Genetic Algorithm","Turbo"],"picked":"Defragment","floor":5.0},{"not_picked":["Darkness","Redo"],"picked":"Rebound","floor":6.0},{"not_picked":["Hello World","Meteor Strike"],"picked":"Sunder","floor":8.0},{"not_picked":["Ball Lightning+1","Fission"],"picked":"Coolheaded","floor":10.0},{"not_picked":["Reprogram","Steam Power"],"picked":"Barrage+1","floor":11.0},{"not_picked":["Beam Cell+1","Scrape+1"],"picked":"Rip and Tear+1","floor":13.0},{"not_picked":["Stack","Leap"],"picked":"Capacitor","floor":14.0},{"not_picked":["Rebound+1","Tempest"],"picked":"Coolheaded","floor":15.0},{"not_picked":["Echo Form","Multi-Cast"],"picked":"Core Surge+1","floor":16},{"not_picked":["Barrage+1","Go for the Eyes+1"],"picked":"Ball Lightning+1","floor":18},{"not_picked":["Stack","Compile Driver+1"],"picked":"Cold Snap+1","floor":21},{"not_picked":["Ball Lightning+1","Reboot"],"picked":"Sweeping Beam+1","floor":22},{"not_picked":["Hologram","Cold Snap+1"],"picked":"Leap","floor":23},{"not_picked":["Auto Shields+1","Rebound+1","Gash+1"],"picked":"Turbo+1","floor":24},{"not_picked":["Redo","Leap+1","Cold Snap+1"],"picked":"Buffer","floor":25},{"not_picked":["Go for the Eyes+1","Consume","Storm"],"picked":"Streamline+1","floor":27},{"not_picked":["Rebound+1","Steam","Gash+1"],"picked":"Beam Cell+1","floor":28},{"not_picked":["Barrage+1","Sweeping Beam+1","Turbo"],"picked":"Armaments+1","floor":31},{"not_picked":["Sweeping Beam+1","Heavy Blade+1","Mayhem"],"picked":"Prepared","floor":32}],"player_experience":371335,"relics_obtained":[{"floor":8.0,"key":"Molten Egg 2"},{"floor":9.0,"key":"Happy Flower"},{"floor":10.0,"key":"Bronze Scales"},{"floor":13.0,"key":"Darkstone Periapt"},{"floor":17,"key":"Oddly Smooth Stone"},{"floor":17,"key":"Ornamental Fan"},{"floor":17,"key":"Incense Burner"},{"floor":23,"key":"Question Card"},{"floor":25,"key":"Blue Candle"},{"floor":30,"key":"War Paint"}],"event_choices":[{"damage_healed":0.0,"max_hp_gain":0.0,"max_hp_loss":0.0,"gold_gain":0.0,"event_name":"Scrap Ooze","player_choice":"Success","floor":2.0,"gold_loss":0.0,"damage_taken":18.0,"relics_obtained":["Dream Catcher"]},{"damage_healed":0.0,"max_hp_gain":0.0,"max_hp_loss":0.0,"gold_gain":0.0,"cards_transformed":["Strike_B"],"event_name":"Living Wall","player_choice":"Change","floor":4.0,"gold_loss":0.0,"damage_taken":0.0,"cards_obtained":["Sweeping Beam"]},{"damage_healed":0.0,"max_hp_gain":0.0,"max_hp_loss":0.0,"gold_gain":70.0,"event_name":"Golden Wing","player_choice":"Gained Gold","floor":12.0,"gold_loss":0.0,"damage_taken":0.0},{"cards_removed":["Strike_B"],"damage_healed":0,"gold_gain":0,"player_choice":"Elegance","damage_taken":0,"max_hp_gain":0,"max_hp_loss":0,"event_name":"Back to Basics","floor":19,"gold_loss":0},{"cards_removed":["Defend_B"],"damage_healed":0,"gold_gain":0,"player_choice":"Purged","damage_taken":0,"max_hp_gain":0,"max_hp_loss":0,"event_name":"Purifier","floor":20,"gold_loss":0}],"is_beta":false,"boss_relics":[{"not_picked":["Velvet Choker","Philosopher\u0027s Stone"],"picked":"Calling Bell"}],"items_purged_floors":[7],"is_endless":false,"potions_floor_spawned":[3,5,11,13,14,21,22,27,31],"killed_by":"Automaton","ascension_level":5}