{"gold_per_floor":[213,223,243,260,68,97,115,150,162,174,219,231,261,287,299,311],"floor_reached":16,"playtime":822,"items_purged":["Defend_R"],"score":211,"play_id":"99371437-69db-49cc-b274-ceb3da8f739e","local_time":"20190806040224","is_ascension_mode":true,"campfire_choices":[{"floor":15,"key":"REST"}],"neow_cost":"NONE","seed_source_timestamp":2271271349531200,"circlet_count":0,"master_deck":["AscendersBane","Strike_R","Strike_R","Strike_R","Strike_R","Strike_R","Defend_R","Defend_R","Defend_R","Bash","Perfected Strike","Pommel Strike","Perfected Strike","Metallicize","Feed+1","Wild Strike","Flame Barrier"],"special_seed":0,"relics":["Burning Blood","Boot","MawBank","Strawberry","Bronze Scales","The Courier"],"potions_floor_usage":[7,14,14],"damage_taken":[{"damage":6.0,"enemies":"Cultist","floor":1.0,"turns":4.0},{"damage":3.0,"enemies":"2 Louse","floor":2.0,"turns":3.0},{"damage":7.0,"enemies":"Jaw Worm","floor":3.0,"turns":3.0},{"damage":7.0,"enemies":"Exordium Thugs","floor":4.0,"turns":6.0},{"damage":23.0,"enemies":"Lagavulin","floor":6.0,"turns":5.0},{"damage":2,"enemies":"Gremlin Gang","floor":7,"turns":4},{"damage":27,"enemies":"3 Sentries","floor":8,"turns":8},{"damage":35,"enemies":"Lagavulin","floor":11,"turns":5},{"damage":12,"enemies":"Looter","floor":13,"turns":4},{"damage":16,"enemies":"Large Slime","floor":14,"turns":5},{"damage":38,"enemies":"The Guardian","floor":16,"turns":9}],"seed_played":"-2880520886816327078","potions_obtained":[{"floor":2.0,"key":"Strength Potion"},{"floor":3.0,"key":"AttackPotion"},{"floor":11,"key":"Explosive Potion"},{"floor":13,"key":"LiquidBronze"}],"is_trial":false,"path_per_floor":["M","M","M","M","$","E","M","E","T","?","E","T","M","M","R","B"],"character_chosen":"IRONCLAD","items_purchased":["Metallicize","PowerPotion"],"campfire_rested":1,"item_purchase_floors":[5,5],"current_hp_per_floor":[72,75,74,73,73,56,60,39,46,46,17,17,15,9,37,0],"gold":311,"neow_bonus":"HUNDRED_GOLD","is_prod":false,"is_daily":false,"chose_seed":false,"campfire_upgraded":0,"win_rate":0,"timestamp":1565085744,"path_taken":["M","M","?","M","$","E","M","E","T","?","E","?","M","M","R","BOSS"],"build_version":"2019-07-18","purchased_purges":1,"victory":false,"max_hp_per_floor":[80,80,80,80,80,80,80,80,87,87,87,87,91,95,95,95],"card_choices":[{"not_picked":["Sword Boomerang","Pommel Strike"],"picked":"Perfected Strike","floor":1.0},{"not_picked":["Twin Strike","Flex"],"picked":"Pommel Strike","floor":2.0},{"not_picked":["Infernal Blade","Clothesline","Bloodletting"],"picked":"SKIP","floor":3.0},{"not_picked":["Combust","Warcry"],"picked":"Perfected Strike","floor":4.0},{"not_picked":["Cleave","Anger","Havoc"],"picked":"SKIP","floor":6.0},{"not_picked":["Havoc","Intimidate"],"picked":"Feed","floor":7},{"not_picked":["Infernal Blade","Intimidate"],"picked":"Wild Strike","floor":8},{"not_picked":["True Grit","Body Slam"],"picked":"Flame Barrier","floor":11},{"not_picked":["Heavy Blade","Twin Strike","Wild Strike"],"picked":"SKIP","floor":13},{"not_picked":["Blood for Blood","Burning Pact","Cleave"],"picked":"SKIP","floor":14}],"player_experience":194079,"relics_obtained":[{"floor":6.0,"key":"Boot"},{"floor":8,"key":"MawBank"},{"floor":9,"key":"Strawberry"},{"floor":11,"key":"Bronze Scales"},{"floor":12,"key":"The Courier"}],"event_choices":[{"damage_healed":0,"gold_gain":0,"player_choice":"Grow","damage_taken":0,"max_hp_gain":0,"max_hp_loss":0,"event_name":"Living Wall","floor":10,"gold_loss":0,"cards_upgraded":["Feed"]}],"is_beta":true,"boss_relics":[],"items_purged_floors":[5],"is_endless":false,"potions_floor_spawned":[2,3,11,13],"killed_by":"The Guardian","ascension_level":10}