{"gold_per_floor":[114,88,101,251,251,292,308,324,350,381,381,404,130,154,154,154],"floor_reached":16,"playtime":582,"items_purged":[],"score":241,"play_id":"3d3646c7-0986-4669-a696-45c83f839fbf","local_time":"20190306205554","is_ascension_mode":true,"campfire_choices":[{"floor":11,"key":"REST"},{"floor":15,"key":"REST"}],"neow_cost":"NONE","seed_source_timestamp":53581397028901,"circlet_count":0,"master_deck":["AscendersBane","Strike_R","Strike_R","Strike_R","Strike_R","Strike_R","Defend_R","Defend_R","Defend_R","Defend_R","Bash","Pommel Strike","Armaments","True Grit","Doubt","Dropkick","Body Slam","Cleave","Shrug It Off","Anger","Feel No Pain","Flex","Feel No Pain"],"relics":["Burning Blood","NeowsBlessing","Golden Idol","Smiling Mask","PreservedInsect","Odd Mushroom","Membership Card"],"potions_floor_usage":[8,10,14],"damage_taken":[{"damage":0,"enemies":"2 Louse","floor":1,"turns":1},{"damage":0,"enemies":"Jaw Worm","floor":3,"turns":1},{"damage":0,"enemies":"3 Sentries","floor":6,"turns":2},{"damage":17,"enemies":"Cultist","floor":7,"turns":4},{"damage":15,"enemies":"Large Slime","floor":8,"turns":7},{"damage":24,"enemies":"The Mushroom Lair","floor":10,"turns":5},{"damage":11,"enemies":"Red Slaver","floor":12,"turns":5},{"damage":14,"enemies":"Exordium Thugs","floor":14,"turns":7},{"damage":71,"enemies":"The Guardian","floor":16,"turns":9}],"seed_played":"5589251738556256044","potions_obtained":[{"floor":1,"key":"FearPotion"},{"floor":8,"key":"FearPotion"},{"floor":12,"key":"BloodPotion"}],"is_trial":false,"path_per_floor":["M","$","M","?","?","E","M","M","T","?","R","M","$","M","R","B"],"character_chosen":"IRONCLAD","items_purchased":["Armaments","Membership Card","Feel No Pain","Flex"],"campfire_rested":2,"item_purchase_floors":[2,13,13,13],"current_hp_per_floor":[74,74,75,75,49,55,44,35,35,17,39,34,34,33,55,0],"gold":154,"neow_bonus":"THREE_ENEMY_KILL","is_prod":false,"is_daily":false,"chose_seed":false,"campfire_upgraded":0,"win_rate":0,"timestamp":1551866154,"path_taken":["M","$","M","?","?","E","M","M","T","?","R","M","?","?","R","BOSS"],"build_version":"2019-01-23","purchased_purges":0,"victory":false,"max_hp_per_floor":[75,75,75,75,75,75,75,75,75,75,75,75,75,75,75,75],"card_choices":[{"not_picked":["Combust","Wild Strike"],"picked":"Pommel Strike","floor":1},{"not_picked":["Second Wind","Clash"],"picked":"True Grit","floor":3},{"not_picked":["Shockwave","Twin Strike"],"picked":"Dropkick","floor":6},{"not_picked":["Hemokinesis","Berserk"],"picked":"Body Slam","floor":7},{"not_picked":["Pommel Strike","Armaments"],"picked":"Cleave","floor":8},{"not_picked":["Flex","Havoc"],"picked":"Shrug It Off","floor":10},{"not_picked":["Twin Strike","Shockwave"],"picked":"Anger","floor":12},{"not_picked":["Clothesline","Clash"],"picked":"Feel No Pain","floor":14}],"player_experience":810199,"relics_obtained":[{"floor":6,"key":"Smiling Mask"},{"floor":9,"key":"PreservedInsect"},{"floor":10,"key":"Odd Mushroom"}],"event_choices":[{"damage_healed":0,"gold_gain":150,"player_choice":"AGREE","damage_taken":0,"max_hp_gain":0,"max_hp_loss":0,"event_name":"Liars Game","floor":4,"gold_loss":0,"cards_obtained":["Doubt"]},{"damage_healed":0,"gold_gain":0,"player_choice":"Take Damage","damage_taken":26,"relics_obtained":["Golden Idol"],"max_hp_gain":0,"max_hp_loss":0,"event_name":"Golden Idol","floor":5,"gold_loss":0},{"damage_healed":0,"gold_gain":0,"player_choice":"Fought Mushrooms","damage_taken":0,"max_hp_gain":0,"max_hp_loss":0,"event_name":"Mushrooms","floor":10,"gold_loss":0}],"is_beta":false,"boss_relics":[],"items_purged_floors":[],"is_endless":false,"potions_floor_spawned":[1,8,12],"killed_by":"The Guardian","ascension_level":18}