{"gold_per_floor":[110,185,185,185,11,11,11,45,45,58,58,71,104,114,114,114],"floor_reached":16,"playtime":383,"items_purged":[],"score":266,"play_id":"854a1cfb-5fd2-4bd0-8d31-c58ce14d5b03","local_time":"20190702101119","is_ascension_mode":true,"campfire_choices":[{"floor":6,"key":"REST"},{"data":"Neutralize","floor":11,"key":"SMITH"},{"data":"Flechettes","floor":15,"key":"SMITH"}],"neow_cost":"NONE","seed_source_timestamp":63624270177356,"circlet_count":0,"master_deck":["AscendersBane","Strike_G","Strike_G","Strike_G","Strike_G","Defend_G","Defend_G+1","Defend_G+1","Defend_G","Survivor","Neutralize+1","Reflex","Grand Finale","Acrobatics","Flechettes+1","Backflip"],"relics":["Ring of the Snake","NeowsBlessing","Snake Skull","Ornamental Fan","FossilizedHelix"],"potions_floor_usage":[13,13],"damage_taken":[{"damage":0,"enemies":"2 Louse","floor":1,"turns":1},{"damage":0,"enemies":"3 Sentries","floor":8,"turns":2},{"damage":0,"enemies":"Small Slimes","floor":10,"turns":1},{"damage":0,"enemies":"Cultist","floor":12,"turns":3},{"damage":11,"enemies":"Gremlin Nob","floor":13,"turns":5},{"damage":0,"enemies":"Large Slime","floor":14,"turns":2},{"damage":19,"enemies":"Slime Boss","floor":16,"turns":8}],"seed_played":"673484375350025481","potions_obtained":[{"floor":1,"key":"Energy Potion"},{"floor":8,"key":"LiquidBronze"},{"floor":12,"key":"PowerPotion"}],"is_trial":false,"path_per_floor":["M","?","?","?","$","R","?","E","T","M","R","M","E","M","R","B"],"character_chosen":"THE_SILENT","items_purchased":["Grand Finale"],"campfire_rested":1,"item_purchase_floors":[5],"current_hp_per_floor":[59,48,28,21,21,40,40,40,40,40,40,40,29,29,29,10],"gold":114,"neow_bonus":"THREE_ENEMY_KILL","is_prod":false,"is_daily":false,"chose_seed":false,"campfire_upgraded":2,"win_rate":0,"timestamp":1562033479,"path_taken":["M","?","?","?","$","R","?","E","T","M","R","?","E","M","R","BOSS"],"build_version":"2019-07-01","purchased_purges":0,"victory":false,"max_hp_per_floor":[66,66,66,66,66,66,66,66,66,66,66,66,66,66,66,66],"card_choices":[{"not_picked":["Dodge and Roll","Deflect"],"picked":"Reflex","floor":1},{"not_picked":["Poisoned Stab","Skewer"],"picked":"Acrobatics","floor":8},{"not_picked":["Choke","Setup","Reflex"],"picked":"SKIP","floor":10},{"not_picked":["Sucker Punch","Infinite Blades"],"picked":"Flechettes","floor":12},{"not_picked":["Dagger Spray","Underhanded Strike"],"picked":"Backflip","floor":13},{"not_picked":["Acrobatics","Deflect","Leg Sweep"],"picked":"SKIP","floor":14}],"player_experience":1036560,"relics_obtained":[{"floor":8,"key":"Snake Skull"},{"floor":9,"key":"Ornamental Fan"},{"floor":13,"key":"FossilizedHelix"}],"event_choices":[{"damage_healed":0,"gold_gain":75,"player_choice":"Gather Gold","damage_taken":11,"max_hp_gain":0,"max_hp_loss":0,"event_name":"World of Goop","floor":2,"gold_loss":0},{"damage_healed":0,"gold_gain":0,"player_choice":"Entered Light","damage_taken":20,"max_hp_gain":0,"max_hp_loss":0,"event_name":"Shining Light","floor":3,"gold_loss":0,"cards_upgraded":["Defend_G","Defend_G"]},{"cards_removed":["Defend_G"],"damage_healed":0,"gold_gain":0,"player_choice":"Card Removal","damage_taken":7,"max_hp_gain":0,"max_hp_loss":0,"event_name":"Golden Wing","floor":4,"gold_loss":0},{"cards_removed":["Strike_G"],"damage_healed":0,"gold_gain":0,"player_choice":"Purged","damage_taken":0,"max_hp_gain":0,"max_hp_loss":0,"event_name":"Purifier","floor":7,"gold_loss":0}],"is_beta":false,"boss_relics":[],"items_purged_floors":[],"is_endless":false,"potions_floor_spawned":[1,8,12],"killed_by":"Slime Boss","ascension_level":20}