{"gold_per_floor":[366,250,261,276,295,321,285,285,285,435,73,85,85,103,103,103],"floor_reached":16,"playtime":509,"items_purged":["Doubt","Doubt"],"score":204,"play_id":"d3c1158a-43c1-47e7-879b-23f06e3f2792","local_time":"20190520002351","is_ascension_mode":true,"campfire_choices":[{"data":"Flex","floor":8.0,"key":"SMITH"},{"data":"Apotheosis","floor":15.0,"key":"SMITH"}],"neow_cost":"CURSE","seed_source_timestamp":263098152474212,"circlet_count":0,"master_deck":["AscendersBane","Strike_R","Strike_R","Strike_R","Strike_R","Strike_R","Defend_R","Defend_R","Defend_R","Defend_R","Bash","Flex+1","Whirlwind","Pommel Strike","Battle Trance","Shrug It Off","Apotheosis+1","Second Wind"],"special_seed":0,"relics":["Burning Blood","Incense Burner","Sundial"],"potions_floor_usage":[],"damage_taken":[{"damage":21.0,"enemies":"Jaw Worm","floor":1.0,"turns":6.0},{"damage":6.0,"enemies":"2 Louse","floor":3.0,"turns":2.0},{"damage":1.0,"enemies":"Cultist","floor":4.0,"turns":3.0},{"damage":27.0,"enemies":"Gremlin Gang","floor":5.0,"turns":6.0},{"damage":35.0,"enemies":"3 Sentries","floor":6.0,"turns":7.0},{"damage":3.0,"enemies":"Exordium Wildlife","floor":12.0,"turns":2.0},{"damage":0.0,"enemies":"Blue Slaver","floor":14.0,"turns":7.0},{"damage":0,"enemies":"The Guardian","floor":16,"turns":1}],"seed_played":"108141962315542631","potions_obtained":[{"floor":1.0,"key":"EssenceOfSteel"},{"floor":3.0,"key":"LiquidBronze"},{"floor":6.0,"key":"Explosive Potion"}],"is_trial":false,"path_per_floor":["M","$","M","M","M","E","?","R","T","?","$","M","T","M","R","B"],"character_chosen":"IRONCLAD","items_purchased":["Whirlwind","Regen Potion","Apotheosis"],"campfire_rested":0,"item_purchase_floors":[2,11,11],"current_hp_per_floor":[53,53,53,58,37,8,8,8,8,8,8,16,16,22,22,22],"gold":103,"neow_bonus":"TWO_FIFTY_GOLD","is_prod":false,"is_daily":false,"chose_seed":false,"campfire_upgraded":2,"win_rate":0,"timestamp":1558283031,"path_taken":["M","$","M","M","M","E","?","R","T","?","$","M","?","?","R","BOSS"],"build_version":"2019-01-23","purchased_purges":2,"victory":false,"max_hp_per_floor":[75,75,75,75,75,75,75,75,75,75,75,75,75,75,75,75],"card_choices":[{"not_picked":["True Grit","Perfected Strike"],"picked":"Flex","floor":1.0},{"not_picked":["Seeing Red","Reckless Charge"],"picked":"Pommel Strike","floor":3.0},{"not_picked":["Thunderclap","Havoc"],"picked":"Battle Trance","floor":4.0},{"not_picked":["Sever Soul","Wild Strike"],"picked":"Shrug It Off","floor":5.0},{"not_picked":["Bloodletting","Anger","Iron Wave"],"picked":"SKIP","floor":6.0},{"not_picked":["Heavy Blade","True Grit"],"picked":"Second Wind","floor":12.0},{"not_picked":["Flame Barrier","Combust","Seeing Red"],"picked":"SKIP","floor":14.0}],"player_experience":885139,"relics_obtained":[{"floor":6.0,"key":"Incense Burner"},{"floor":13.0,"key":"Sundial"}],"event_choices":[{"damage_healed":0.0,"max_hp_gain":0.0,"max_hp_loss":0.0,"gold_gain":0.0,"event_name":"World of Goop","player_choice":"Left Gold","floor":7.0,"gold_loss":36.0,"damage_taken":0.0},{"damage_healed":0.0,"max_hp_gain":0.0,"max_hp_loss":0.0,"gold_gain":150.0,"event_name":"Liars Game","player_choice":"AGREE","floor":10.0,"gold_loss":0.0,"damage_taken":0.0,"cards_obtained":["Doubt"]}],"is_beta":false,"boss_relics":[],"items_purged_floors":[2,11],"is_endless":false,"potions_floor_spawned":[1,3,6],"killed_by":"The Guardian","ascension_level":20}