{"gold_per_floor":[109,109,109,124,47,76,94,169,169,204,222,222,192,203,203,307,307,317,317,329,65,65,65,91,53,100,100,100,4,29,29],"floor_reached":31,"playtime":1563,"items_purged":["Shame"],"score":332,"play_id":"9f917be5-3b8c-4769-9831-8be7e6400269","local_time":"20190807003426","is_ascension_mode":true,"campfire_choices":[{"data":"Turbo","floor":12,"key":"SMITH"},{"data":"Beam Cell","floor":15,"key":"SMITH"},{"floor":23,"key":"REST"},{"data":"Defragment","floor":28,"key":"SMITH"}],"neow_cost":"NONE","seed_source_timestamp":870809551676400,"circlet_count":0,"master_deck":["Defend_B","Defend_B","Defend_B","Defend_B","Zap","Dualcast","Sweeping Beam+1","Sunder","Turbo+1","Rebound","Beam Cell+1","Glacier","Machine Learning","Blizzard","Creative AI","Barrage","Chill","Defragment+1","Bite","Bite","Bite","Bite","Bite","Chaos","Capacitor"],"relics":["Cracked Core","Regal Pillow","Bottled Lightning","Strawberry","Nuclear Battery","Mercury Hourglass","Membership Card","Prayer Wheel","Vajra","Du-Vu Doll","Sling","Omamori"],"potions_floor_usage":[14,14,14,18,18,24,24,24],"damage_taken":[{"damage":1,"enemies":"Cultist","floor":1,"turns":3},{"damage":3,"enemies":"Jaw Worm","floor":4,"turns":4},{"damage":17,"enemies":"Gremlin Nob","floor":6,"turns":3},{"damage":0,"enemies":"Small Slimes","floor":7,"turns":2},{"damage":13,"enemies":"Lagavulin","floor":10,"turns":7},{"damage":0,"enemies":"Looter","floor":11,"turns":1},{"damage":0,"enemies":"Exordium Thugs","floor":14,"turns":1},{"damage":40,"enemies":"Hexaghost","floor":16,"turns":11},{"damage":33,"enemies":"2 Thieves","floor":18,"turns":3},{"damage":19,"enemies":"Shell Parasite","floor":20,"turns":4},{"damage":27,"enemies":"Slavers","floor":24,"turns":4},{"damage":55,"enemies":"Book of Stabbing","floor":30,"turns":5},{"damage":11,"enemies":"Snake Plant","floor":31,"turns":1}],"seed_played":"71608857522714150","potions_obtained":[{"floor":10,"key":"Fire Potion"},{"floor":13,"key":"Explosive Potion"},{"floor":13,"key":"Fire Potion"},{"floor":14,"key":"SpeedPotion"},{"floor":16,"key":"EntropicBrew"},{"floor":20,"key":"Swift Potion"},{"floor":24,"key":"Block Potion"}],"is_trial":false,"path_per_floor":["M","?","?","M","$","E","M","?","T","E","M","R","?","M","R","B",null,"M","?","M","$","?","R","E","$","T","?","R","$","E","M"],"character_chosen":"DEFECT","items_purchased":["Turbo","Rebound","Membership Card","Defragment","Capacitor","Sling"],"campfire_rested":1,"item_purchase_floors":[5,5,21,21,25,29],"current_hp_per_floor":[81,81,81,78,78,61,61,50,50,44,44,44,44,44,44,4,89,56,56,37,37,37,62,47,47,47,47,47,47,4,0],"gold":29,"neow_bonus":"TEN_PERCENT_HP_BONUS","is_prod":false,"is_daily":false,"chose_seed":false,"campfire_upgraded":3,"win_rate":0,"timestamp":1565163266,"path_taken":["M","?","?","M","$","E","?","?","T","E","M","R","?","M","R","BOSS","M","?","M","$","?","R","E","$","T","?","R","$","E","M"],"build_version":"2019-07-17","purchased_purges":1,"victory":false,"max_hp_per_floor":[82,82,82,82,82,82,82,82,82,89,89,89,89,89,89,89,89,89,89,89,89,62,62,62,62,62,62,62,62,62,62],"card_choices":[{"not_picked":["Steam","Ball Lightning"],"picked":"Sweeping Beam","floor":1},{"not_picked":["Conserve Battery","Double Energy"],"picked":"Sunder","floor":4},{"not_picked":["Reboot","Stack"],"picked":"Beam Cell","floor":6},{"not_picked":["Rebound","Compile Driver"],"picked":"Glacier","floor":7},{"not_picked":["Consume","Coolheaded"],"picked":"Machine Learning","floor":10},{"not_picked":["Double Energy","Rebound"],"picked":"Blizzard","floor":11},{"not_picked":["Sweeping Beam","Barrage","Force Field"],"picked":"SKIP","floor":14},{"not_picked":["Hyperbeam","Biased Cognition"],"picked":"Creative AI","floor":16},{"not_picked":["Hologram","Ball Lightning"],"picked":"Barrage","floor":18},{"not_picked":["Reprogram+1","Compile Driver+1"],"picked":"Chill","floor":20},{"not_picked":["Skim","Heatsinks+1"],"picked":"Chaos","floor":24},{"not_picked":["Double Energy+1","Ball Lightning","Cold Snap"],"picked":"SKIP","floor":30}],"player_experience":854038,"relics_obtained":[{"floor":6,"key":"Regal Pillow"},{"floor":9,"key":"Bottled Lightning"},{"floor":10,"key":"Strawberry"},{"floor":24,"key":"Prayer Wheel"},{"floor":26,"key":"Vajra"},{"floor":30,"key":"Omamori"}],"event_choices":[{"damage_healed":0,"gold_gain":0,"player_choice":"Grow","damage_taken":0,"max_hp_gain":0,"max_hp_loss":0,"event_name":"Living Wall","floor":2,"gold_loss":0,"cards_upgraded":["Sweeping Beam"]},{"cards_removed":["Strike_B"],"damage_healed":0,"gold_gain":0,"player_choice":"Offered Basic","damage_taken":0,"max_hp_gain":0,"max_hp_loss":0,"event_name":"Bonfire Elementals","floor":3,"gold_loss":0},{"damage_healed":0,"gold_gain":75,"player_choice":"Gather Gold","damage_taken":11,"max_hp_gain":0,"max_hp_loss":0,"event_name":"World of Goop","floor":8,"gold_loss":0},{"damage_healed":0,"gold_gain":0,"player_choice":"Bought 2 Potions","damage_taken":0,"max_hp_gain":0,"max_hp_loss":0,"event_name":"The Woman in Blue","floor":13,"gold_loss":0},{"damage_healed":0,"gold_gain":0,"player_choice":"Stole Relic","damage_taken":0,"relics_obtained":["Mercury Hourglass"],"max_hp_gain":0,"max_hp_loss":0,"event_name":"Addict","floor":19,"gold_loss":0,"cards_obtained":["Shame"]},{"damage_healed":0,"gold_gain":0,"player_choice":"Became a vampire","damage_taken":0,"max_hp_gain":0,"max_hp_loss":27,"event_name":"Vampires","floor":22,"gold_loss":0,"cards_obtained":["Bite","Bite","Bite","Bite","Bite"]},{"damage_healed":0,"gold_gain":0,"player_choice":"Gave Potion","damage_taken":0,"relics_obtained":["Du-Vu Doll"],"max_hp_gain":0,"max_hp_loss":0,"event_name":"WeMeetAgain","floor":27,"gold_loss":0}],"is_beta":false,"boss_relics":[{"not_picked":["White Beast Statue","Snecko Eye"],"picked":"Nuclear Battery"}],"items_purged_floors":[21],"is_endless":false,"potions_floor_spawned":[10,14,16,20,24],"killed_by":"Snake Plant","ascension_level":2}