{"gold_per_floor":[360,371,384,1,0,25,25,42,93,93,39,39],"floor_reached":12,"playtime":761,"items_purged":["Clumsy"],"score":121,"play_id":"67fd7b67-031e-422f-b215-5f52bed0f8fe","local_time":"20190727234158","is_ascension_mode":true,"campfire_choices":[{"floor":7.0,"key":"REST"}],"neow_cost":"CURSE","seed_source_timestamp":7255473665721,"circlet_count":0,"master_deck":["AscendersBane","Strike_G","Strike_G","Strike_G","Strike_G","Strike_G","Defend_G","Defend_G","Defend_G+1","Defend_G","Defend_G+1","Survivor","Neutralize","Backflip","Prepared","Backflip","Well Laid Plans","Infinite Blades","Corpse Explosion","Blade Dance","Blade Dance"],"special_seed":0,"relics":["Ring of the Snake","Kunai","Singing Bowl","War Paint"],"potions_floor_usage":[],"damage_taken":[{"damage":0.0,"enemies":"Jaw Worm","floor":1.0,"turns":5.0},{"damage":16.0,"enemies":"Cultist","floor":2.0,"turns":7.0},{"damage":6.0,"enemies":"2 Louse","floor":3.0,"turns":5.0},{"damage":3.0,"enemies":"Looter","floor":5.0,"turns":4.0},{"damage":16.0,"enemies":"Lagavulin","floor":6.0,"turns":9.0},{"damage":7.0,"enemies":"Exordium Wildlife","floor":8.0,"turns":4.0},{"damage":50,"enemies":"Gremlin Nob","floor":12,"turns":5}],"seed_played":"7780471427141530965","potions_obtained":[{"floor":2.0,"key":"LiquidBronze"}],"is_trial":false,"path_per_floor":["M","M","M","$","M","E","R","M","T","?","$","E"],"character_chosen":"THE_SILENT","items_purchased":["Well Laid Plans","Kunai","Blade Dance"],"campfire_rested":1,"item_purchase_floors":[4,4,11],"current_hp_per_floor":[63,47,41,41,38,22,43,36,36,36,36,0],"gold":39,"neow_bonus":"TWO_FIFTY_GOLD","is_prod":false,"is_daily":false,"chose_seed":false,"campfire_upgraded":0,"win_rate":0,"timestamp":1564285318,"path_taken":["M","M","M","$","M","E","R","M","T","?","?","E"],"build_version":"2019-07-17","purchased_purges":1,"victory":false,"max_hp_per_floor":[70,70,70,70,70,70,70,70,70,70,70,70],"card_choices":[{"not_picked":["Concentrate","PiercingWail"],"picked":"Backflip","floor":1.0},{"not_picked":["Slice","Bane"],"picked":"Prepared","floor":2.0},{"not_picked":["Sucker Punch","Prepared"],"picked":"Backflip","floor":3.0},{"not_picked":["Underhanded Strike","Expertise"],"picked":"Infinite Blades","floor":5.0},{"not_picked":["Malaise","Riddle With Holes"],"picked":"Corpse Explosion","floor":6.0},{"not_picked":["Slice","PiercingWail"],"picked":"Blade Dance","floor":8.0}],"player_experience":442509,"relics_obtained":[{"floor":6.0,"key":"Singing Bowl"},{"floor":9.0,"key":"War Paint"}],"event_choices":[{"damage_healed":0.0,"max_hp_gain":0.0,"max_hp_loss":0.0,"gold_gain":0.0,"event_name":"Golden Idol","player_choice":"Ignored","floor":10.0,"gold_loss":0.0,"damage_taken":0.0}],"is_beta":false,"boss_relics":[],"items_purged_floors":[4],"is_endless":false,"potions_floor_spawned":[2],"killed_by":"Gremlin Nob","ascension_level":11}