{"gold_per_floor":[110,128,53,328,342,342,367,367,394,316,335,485,325,337,337,411,411,411],"floor_reached":18,"playtime":670,"items_purged":["Regret"],"score":304,"play_id":"58e2de07-ed7a-4459-9b10-1073957fa18d","local_time":"20190313132759","is_ascension_mode":true,"campfire_choices":[{"data":"Bash","floor":6,"key":"SMITH"},{"data":"Cleave","floor":8,"key":"SMITH"},{"floor":15,"key":"REST"}],"neow_cost":"NONE","seed_source_timestamp":301546723701141,"circlet_count":0,"master_deck":["AscendersBane","Strike_R","Strike_R","Strike_R","Strike_R","Defend_R","Defend_R","Defend_R","Defend_R","Bash+1","Cleave+1","Iron Wave","Headbutt","Shockwave","Dark Embrace","Warcry","Doubt","Corruption","Demon Form","Barricade"],"relics":["Burning Blood","NeowsBlessing","Boot","Pen Nib"],"potions_floor_usage":[7,7],"damage_taken":[{"damage":0,"enemies":"Cultist","floor":1,"turns":1},{"damage":0,"enemies":"2 Louse","floor":2,"turns":1},{"damage":0,"enemies":"Jaw Worm","floor":5,"turns":1},{"damage":17,"enemies":"3 Sentries","floor":7,"turns":5},{"damage":24,"enemies":"Exordium Wildlife","floor":11,"turns":4},{"damage":2,"enemies":"Looter","floor":14,"turns":4},{"damage":43,"enemies":"Slime Boss","floor":16,"turns":9},{"damage":68,"enemies":"Spheric Guardian","floor":18,"turns":6}],"seed_played":"-2251507604176101829","potions_obtained":[{"floor":2,"key":"Fire Potion"},{"floor":5,"key":"AttackPotion"},{"floor":16,"key":"SteroidPotion"}],"is_trial":false,"path_per_floor":["M","M","?","?","M","R","E","R","T","$","M","?","$","M","R","B",null,"M"],"character_chosen":"IRONCLAD","items_purchased":["Dark Embrace","Corruption"],"campfire_rested":1,"item_purchase_floors":[10,13],"current_hp_per_floor":[74,75,75,75,75,75,64,64,64,64,46,46,46,50,72,35,65,0],"gold":411,"neow_bonus":"THREE_ENEMY_KILL","is_prod":false,"is_daily":false,"chose_seed":false,"campfire_upgraded":2,"win_rate":0,"timestamp":1552444079,"path_taken":["M","M","?","?","M","R","E","R","T","$","?","?","?","M","R","BOSS","M"],"build_version":"2019-01-23","purchased_purges":1,"victory":false,"max_hp_per_floor":[75,75,75,75,75,75,75,75,75,75,75,75,75,75,75,75,75,75],"card_choices":[{"not_picked":["Armaments","Bloodletting"],"picked":"Cleave","floor":1},{"not_picked":["Evolve","Intimidate"],"picked":"Iron Wave","floor":2},{"not_picked":["Dual Wield","Ghostly Armor"],"picked":"Headbutt","floor":5},{"not_picked":["Wild Strike","Clash"],"picked":"Shockwave","floor":7},{"not_picked":["Twin Strike","Burning Pact"],"picked":"Warcry","floor":11},{"not_picked":["Heavy Blade","Sword Boomerang"],"picked":"Demon Form","floor":14},{"not_picked":["Brutality","Double Tap"],"picked":"Barricade","floor":16}],"player_experience":840779,"relics_obtained":[{"floor":7,"key":"Boot"},{"floor":9,"key":"Pen Nib"}],"event_choices":[{"cards_removed":["Strike_R"],"damage_healed":0,"gold_gain":0,"player_choice":"Card Removal","damage_taken":0,"max_hp_gain":0,"max_hp_loss":0,"event_name":"The Cleric","floor":3,"gold_loss":75},{"damage_healed":0,"gold_gain":275,"player_choice":"Desecrate","damage_taken":0,"max_hp_gain":0,"max_hp_loss":0,"event_name":"Golden Shrine","floor":4,"gold_loss":0,"cards_obtained":["Regret"]},{"damage_healed":0,"gold_gain":150,"player_choice":"AGREE","damage_taken":0,"max_hp_gain":0,"max_hp_loss":0,"event_name":"Liars Game","floor":12,"gold_loss":0,"cards_obtained":["Doubt"]}],"is_beta":false,"boss_relics":[{"not_picked":["Snecko Eye","Sozu","Mark of Pain"]}],"items_purged_floors":[13],"is_endless":false,"potions_floor_spawned":[2,5,16],"killed_by":"Spheric Guardian","ascension_level":18}