{"gold_per_floor":[118,135,135,154,164,192,204,226,263,294,318,360,384,414,426,543,555,584,671,694,492,507,507,522,522,548,548,566,566],"floor_reached":29,"playtime":1426,"items_purged":[],"score":243,"play_id":"671f23ac-6a84-45a7-a9fe-68059ddd7e08","local_time":"20190729230450","is_ascension_mode":false,"campfire_choices":[{"floor":7.0,"key":"REST"},{"floor":15.0,"key":"REST"},{"data":"Searing Blow+1","floor":23.0,"key":"SMITH"},{"data":"Perfected Strike","floor":25.0,"key":"SMITH"},{"data":"Searing Blow+2","floor":27.0,"key":"SMITH"}],"neow_cost":"NONE","seed_source_timestamp":1547107988888000,"circlet_count":0,"master_deck":["Strike_R","Strike_R","Strike_R","Strike_R","Strike_R","Defend_R","Defend_R","Defend_R","Defend_R","Bash","Twin Strike","Cleave","Blood for Blood","Perfected Strike+1","Pommel Strike","Seeing Red","Bludgeon","Clash","Bloodletting","Cleave","Shockwave","Sword Boomerang","Juggernaut","Uppercut+1","Searing Blow+3","Headbutt","Armaments","Double Tap","Clash","Dropkick+1","Injury","Armaments+1"],"special_seed":0,"relics":["Burning Blood","NeowsBlessing","MawBank","Vajra","Dream Catcher","Cursed Key","Oddly Smooth Stone"],"potions_floor_usage":[],"damage_taken":[{"damage":0.0,"enemies":"Small Slimes","floor":1.0,"turns":1.0},{"damage":0.0,"enemies":"Cultist","floor":2.0,"turns":1.0},{"damage":0.0,"enemies":"2 Louse","floor":4.0,"turns":2.0},{"damage":16.0,"enemies":"Exordium Wildlife","floor":5.0,"turns":6.0},{"damage":30.0,"enemies":"3 Sentries","floor":6.0,"turns":8.0},{"damage":6.0,"enemies":"2 Fungi Beasts","floor":8.0,"turns":3.0},{"damage":7.0,"enemies":"Blue Slaver","floor":10.0,"turns":3.0},{"damage":17.0,"enemies":"Gremlin Gang","floor":11.0,"turns":3.0},{"damage":10.0,"enemies":"Gremlin Nob","floor":12.0,"turns":3.0},{"damage":0.0,"enemies":"2 Fungi Beasts","floor":13.0,"turns":2.0},{"damage":7.0,"enemies":"Blue Slaver","floor":14.0,"turns":2.0},{"damage":23.0,"enemies":"Slime Boss","floor":16.0,"turns":10.0},{"damage":0.0,"enemies":"Chosen","floor":18.0,"turns":4.0},{"damage":10.0,"enemies":"Spheric Guardian","floor":20.0,"turns":3.0},{"damage":6.0,"enemies":"Snecko","floor":22.0,"turns":3.0},{"damage":23.0,"enemies":"Centurion and Healer","floor":24.0,"turns":6.0},{"damage":45.0,"enemies":"3 Cultists","floor":28.0,"turns":6.0},{"damage":0,"enemies":"Book of Stabbing","floor":29,"turns":1}],"seed_played":"539481069816454396","potions_obtained":[{"floor":1.0,"key":"Weak Potion"},{"floor":2.0,"key":"FairyPotion"},{"floor":3.0,"key":"SmokeBomb"},{"floor":3.0,"key":"EntropicBrew"},{"floor":12.0,"key":"Weak Potion"},{"floor":16.0,"key":"Block Potion"}],"is_trial":false,"path_per_floor":["M","M","?","M","M","E","R","M","T","M","M","E","M","M","R","B",null,"M","?","M","$","M","R","M","R","T","R","M","E"],"character_chosen":"IRONCLAD","items_purchased":["Headbutt","Armaments","Double Tap"],"campfire_rested":2,"item_purchase_floors":[21,21,21],"current_hp_per_floor":[80,80,80,80,70,46,70,70,70,69,58,54,60,59,80,63,80,80,72,68,68,68,68,51,51,51,51,12,12],"gold":566,"neow_bonus":"THREE_ENEMY_KILL","is_prod":false,"is_daily":false,"chose_seed":false,"campfire_upgraded":3,"win_rate":0.0,"timestamp":1564412690,"path_taken":["M","M","?","M","M","E","R","?","T","M","M","E","M","M","R","BOSS","M","?","M","$","M","R","M","R","T","R","M","E"],"build_version":"2019-07-17","purchased_purges":0,"victory":false,"max_hp_per_floor":[80,80,80,80,80,80,80,80,80,80,80,80,80,80,80,80,80,80,80,80,80,80,80,80,80,80,80,80,80],"card_choices":[{"not_picked":["Shockwave","Iron Wave"],"picked":"Twin Strike","floor":1.0},{"not_picked":["Iron Wave","Flex"],"picked":"Cleave","floor":2.0},{"not_picked":["Dropkick","Metallicize"],"picked":"Blood for Blood","floor":4.0},{"not_picked":["Twin Strike","Shrug It Off"],"picked":"Perfected Strike","floor":5.0},{"not_picked":["Twin Strike","Feel No Pain"],"picked":"Pommel Strike","floor":6.0},{"not_picked":["Thunderclap","Twin Strike"],"picked":"Seeing Red","floor":8.0},{"not_picked":["Sword Boomerang","Warcry"],"picked":"Bludgeon","floor":10.0},{"not_picked":["Bloodletting","Sword Boomerang"],"picked":"Clash","floor":11.0},{"not_picked":["Body Slam","Clothesline"],"picked":"Bloodletting","floor":12.0},{"not_picked":["Body Slam","Clothesline"],"picked":"Cleave","floor":13.0},{"not_picked":["Rupture","Entrench"],"picked":"Shockwave","floor":14.0},{"not_picked":["Warcry","Spot Weakness"],"picked":"Sword Boomerang","floor":15.0},{"not_picked":["Barricade","Fiend Fire"],"picked":"Juggernaut","floor":16.0},{"not_picked":["Thunderclap+1","Body Slam"],"picked":"Uppercut+1","floor":18.0},{"not_picked":["Entrench+1","Sword Boomerang+1"],"picked":"Searing Blow+1","floor":20.0},{"not_picked":["Thunderclap","Cleave+1"],"picked":"Clash","floor":22.0},{"not_picked":["Clothesline","Metallicize"],"picked":"Dropkick+1","floor":24.0},{"not_picked":["True Grit","Dual Wield"],"picked":"Armaments+1","floor":28.0}],"player_experience":33290,"relics_obtained":[{"floor":6.0,"key":"MawBank"},{"floor":9.0,"key":"Vajra"},{"floor":12.0,"key":"Dream Catcher"},{"floor":26.0,"key":"Oddly Smooth Stone"}],"event_choices":[{"damage_healed":0.0,"max_hp_gain":0.0,"max_hp_loss":0.0,"gold_gain":0.0,"event_name":"Lab","player_choice":"Got Potions","floor":3.0,"gold_loss":0.0,"damage_taken":0.0},{"damage_healed":0.0,"max_hp_gain":0.0,"max_hp_loss":0.0,"gold_gain":75.0,"event_name":"FaceTrader","player_choice":"Touch","floor":19.0,"gold_loss":0.0,"damage_taken":8.0}],"is_beta":false,"boss_relics":[{"not_picked":["Black Star","Busted Crown"],"picked":"Cursed Key"}],"items_purged_floors":[],"is_endless":false,"potions_floor_spawned":[1,2,6,10,12,16,22,28],"killed_by":"Book of Stabbing","ascension_level":0}