{"gold_per_floor":[212,212,6,20,37,70,25,25,25,89,264,264,264,282,282,377,377,394,394,394,404,43,43,57,83,129,2,33,45,45,59,59,59],"floor_reached":33,"playtime":1763,"items_purged":["Defend_B","Defend_B"],"score":322,"play_id":"92ad3be3-661c-4aa3-932a-25b630a17765","local_time":"20190107154221","is_ascension_mode":true,"campfire_choices":[{"floor":8,"key":"REST"},{"floor":13,"key":"REST"},{"data":"Wild Strike","floor":15,"key":"SMITH"},{"data":"Redo","floor":23,"key":"SMITH"},{"floor":32,"key":"REST"}],"neow_cost":"NONE","seed_source_timestamp":279365301588335,"circlet_count":0,"master_deck":["Defend_B","Defend_B","Zap","Dualcast","Chill","Cold Snap","Backflip","Backflip","Conserve Battery","Wild Strike+1","Coolheaded","Corpse Explosion","Gash","Steam","Redo+1","Bite","Bite","Bite","Bite","Bite","Redo+1","Bouncing Flask","Turbo","White Noise","Backflip","Hologram"],"relics":["Cracked Core","PrismaticShard","Question Card","Gremlin Horn","Bronze Scales","Busted Crown","Letter Opener","Dodecahedron","Art of War","Omamori"],"potions_floor_usage":[16,24,29,29,33,33],"damage_taken":[{"damage":13,"enemies":"2 Louse","floor":1,"turns":2},{"damage":0,"enemies":"Cultist","floor":4,"turns":3},{"damage":2,"enemies":"Jaw Worm","floor":5,"turns":2},{"damage":12,"enemies":"3 Sentries","floor":6,"turns":12},{"damage":26,"enemies":"Lagavulin Event","floor":10,"turns":8},{"damage":2,"enemies":"3 Louse","floor":14,"turns":2},{"damage":48,"enemies":"Hexaghost","floor":16,"turns":11},{"damage":15,"enemies":"Chosen","floor":18,"turns":4},{"damage":15,"enemies":"2 Thieves","floor":21,"turns":2},{"damage":5,"enemies":"Snake Plant","floor":24,"turns":3},{"damage":24,"enemies":"Book of Stabbing","floor":25,"turns":5},{"damage":20,"enemies":"Slavers","floor":28,"turns":2},{"damage":0,"enemies":"Centurion and Healer","floor":29,"turns":6},{"damage":28,"enemies":"Shelled Parasite and Fungi","floor":31,"turns":3},{"damage":41,"enemies":"Automaton","floor":33,"turns":6}],"seed_played":"-5692936512649362932","potions_obtained":[{"floor":1,"key":"SpeedPotion"},{"floor":4,"key":"Energy Potion"},{"floor":14,"key":"Poison Potion"},{"floor":18,"key":"Weak Potion"},{"floor":24,"key":"GamblersBrew"},{"floor":29,"key":"Dexterity Potion"}],"is_trial":false,"path_per_floor":["M","?","$","M","M","E","$","R","T","?","?","?","R","M","R","B",null,"M","?","?","M","$","R","M","E","T","$","E","M","?","M","R","B"],"character_chosen":"DEFECT","items_purchased":["PrismaticShard","Conserve Battery","Redo","Letter Opener","Turbo"],"campfire_rested":3,"item_purchase_floors":[3,7,22,22,27],"current_hp_per_floor":[62,62,62,62,60,48,48,70,70,44,44,44,66,64,64,16,75,60,60,52,39,39,39,40,30,30,30,12,24,24,2,17,0],"gold":59,"neow_bonus":"HUNDRED_GOLD","is_prod":false,"is_daily":false,"chose_seed":false,"campfire_upgraded":2,"win_rate":0,"timestamp":1546836141,"path_taken":["M","?","$","?","M","E","$","R","T","?","?","?","R","?","R","BOSS","M","?","?","M","?","R","?","E","T","?","E","M","?","M","R","BOSS"],"build_version":"2019-01-03v4","purchased_purges":2,"victory":false,"max_hp_per_floor":[75,75,75,75,75,75,75,75,75,75,75,75,75,75,75,75,75,75,75,52,52,52,52,52,52,52,52,52,52,52,52,52,52],"card_choices":[{"not_picked":["Beam Cell","Hologram"],"picked":"Chill","floor":1},{"not_picked":["Cloak And Dagger","Deep Breath"],"picked":"Cold Snap","floor":4},{"not_picked":["Riddle With Holes","Cleave"],"picked":"Backflip","floor":5},{"not_picked":["Acrobatics","Hello World"],"picked":"Backflip","floor":6},{"not_picked":["Outmaneuver","Cleave","Barrage"],"picked":"Wild Strike","floor":10},{"not_picked":["Reckless Charge","Cold Snap","Cold Snap"],"picked":"Coolheaded","floor":14},{"not_picked":["Multi-Cast","Reaper","Tools of the Trade"],"picked":"Corpse Explosion","floor":16},{"not_picked":["Clash+1"],"picked":"Gash","floor":18},{"not_picked":["Deadly Poison","Deadly Poison"],"picked":"SKIP","floor":21},{"not_picked":["Heel Hook","Blade Dance+1"],"picked":"SKIP","floor":24},{"not_picked":["Venomology"],"picked":"Bouncing Flask","floor":25},{"not_picked":["Steam+1"],"picked":"White Noise","floor":28},{"not_picked":["Purity"],"picked":"Backflip","floor":29},{"not_picked":["Masterful Stab"],"picked":"Hologram","floor":31}],"player_experience":399816,"relics_obtained":[{"floor":6,"key":"Question Card"},{"floor":9,"key":"Gremlin Horn"},{"floor":25,"key":"Dodecahedron"},{"floor":26,"key":"Art of War"},{"floor":28,"key":"Omamori"}],"event_choices":[{"damage_healed":0,"gold_gain":0,"player_choice":"Bought 0 Potions","damage_taken":0,"max_hp_gain":0,"max_hp_loss":0,"event_name":"The Woman in Blue","floor":2,"gold_loss":0},{"damage_healed":0,"gold_gain":0,"player_choice":"Searched \u00272\u0027 times","damage_taken":0,"relics_obtained":["Bronze Scales"],"max_hp_gain":0,"max_hp_loss":0,"event_name":"Dead Adventurer","floor":10,"gold_loss":0},{"damage_healed":0,"gold_gain":175,"player_choice":"AGREE","damage_taken":0,"max_hp_gain":0,"max_hp_loss":0,"event_name":"Liars Game","floor":11,"gold_loss":0,"cards_obtained":["Doubt"]},{"cards_removed":["Doubt"],"damage_healed":0,"gold_gain":0,"player_choice":"Removed Curses","damage_taken":0,"max_hp_gain":0,"max_hp_loss":0,"event_name":"Fountain of Cleansing","floor":12,"gold_loss":0},{"damage_healed":0,"gold_gain":0,"cards_transformed":["Strike_B","Strike_B"],"player_choice":"Became Test Subject","damage_taken":0,"max_hp_gain":0,"max_hp_loss":0,"event_name":"Drug Dealer","floor":19,"gold_loss":0,"cards_obtained":["Steam","Redo"]},{"damage_healed":0,"gold_gain":0,"player_choice":"Became a vampire","damage_taken":0,"max_hp_gain":0,"max_hp_loss":23,"event_name":"Vampires","floor":20,"gold_loss":0,"cards_obtained":["Bite","Bite","Bite","Bite","Bite"]},{"damage_healed":0,"gold_gain":0,"player_choice":"Upgraded","damage_taken":0,"max_hp_gain":0,"max_hp_loss":0,"event_name":"Upgrade Shrine","floor":30,"gold_loss":0,"cards_upgraded":["Redo"]}],"is_beta":false,"boss_relics":[{"not_picked":["Runic Dome","Coffee Dripper"],"picked":"Busted Crown"}],"items_purged_floors":[22,27],"is_endless":false,"potions_floor_spawned":[1,4,14,18,24,29],"killed_by":"Automaton","ascension_level":1}