{"gold_per_floor":[119,134,34,34,34,34,55,55,55,91,104,104,127,27,27,27],"floor_reached":16,"playtime":468,"items_purged":["Strike_R","Strike_R"],"score":200,"play_id":"101f9a84-6a6d-4248-9403-35ae9b81766f","local_time":"20190505003334","is_ascension_mode":true,"campfire_choices":[{"data":"Armaments","floor":6,"key":"SMITH"},{"data":"Demon Form","floor":8,"key":"SMITH"},{"data":"True Grit","floor":12,"key":"SMITH"},{"floor":15,"key":"REST"}],"neow_cost":"NONE","seed_source_timestamp":1090993592351299,"circlet_count":0,"master_deck":["AscendersBane","Strike_R","Strike_R","Defend_R","Defend_R","Defend_R","Defend_R","Bash","Demon Form+1","Armaments+1","Shrug It Off","True Grit+1","Whirlwind","Reaper"],"relics":["Burning Blood","Golden Idol","Regal Pillow","Happy Flower"],"potions_floor_usage":[],"damage_taken":[{"damage":13,"enemies":"Jaw Worm","floor":1,"turns":5},{"damage":9,"enemies":"2 Louse","floor":2,"turns":4},{"damage":6,"enemies":"Cultist","floor":7,"turns":4},{"damage":28,"enemies":"3 Sentries","floor":10,"turns":8},{"damage":18,"enemies":"3 Louse","floor":11,"turns":3},{"damage":17,"enemies":"Looter","floor":13,"turns":5},{"damage":59,"enemies":"Slime Boss","floor":16,"turns":8}],"seed_played":"5155873196877665627","potions_obtained":[{"floor":2,"key":"SpeedPotion"},{"floor":11,"key":"Ancient Potion"}],"is_trial":false,"path_per_floor":["M","M","$","?","?","R","M","R","T","E","M","R","M","$","R","B"],"character_chosen":"IRONCLAD","items_purchased":["Shrug It Off"],"campfire_rested":1,"item_purchase_floors":[3],"current_hp_per_floor":[61,58,58,58,58,58,58,58,58,36,25,25,21,21,56,0],"gold":27,"neow_bonus":"ONE_RANDOM_RARE_CARD","is_prod":false,"is_daily":false,"chose_seed":false,"campfire_upgraded":3,"win_rate":0,"timestamp":1556987614,"path_taken":["M","M","$","?","?","R","M","R","T","E","M","R","M","?","R","BOSS"],"build_version":"2019-01-23","purchased_purges":2,"victory":false,"max_hp_per_floor":[75,75,75,68,68,68,68,68,68,68,68,68,68,68,68,68],"card_choices":[{"not_picked":["Clothesline","Body Slam","Warcry"],"picked":"SKIP","floor":1},{"not_picked":["Perfected Strike","Headbutt"],"picked":"Armaments","floor":2},{"not_picked":["True Grit","Evolve"],"picked":"Whirlwind","floor":7},{"not_picked":["Armaments","Dropkick"],"picked":"Reaper","floor":10},{"not_picked":["Blood for Blood","Havoc","Thunderclap"],"picked":"SKIP","floor":11},{"not_picked":["Hemokinesis","Thunderclap","Corruption"],"picked":"SKIP","floor":13}],"player_experience":820091,"relics_obtained":[{"floor":9,"key":"Regal Pillow"},{"floor":10,"key":"Happy Flower"}],"event_choices":[{"damage_healed":0,"gold_gain":0,"player_choice":"Lose Max HP","damage_taken":0,"relics_obtained":["Golden Idol"],"max_hp_gain":0,"max_hp_loss":7,"event_name":"Golden Idol","floor":4,"gold_loss":0},{"damage_healed":0,"gold_gain":0,"cards_transformed":["Strike_R"],"player_choice":"Change","damage_taken":0,"max_hp_gain":0,"max_hp_loss":0,"event_name":"Living Wall","floor":5,"gold_loss":0,"cards_obtained":["True Grit"]}],"is_beta":false,"boss_relics":[],"items_purged_floors":[3,14],"is_endless":false,"potions_floor_spawned":[2,11],"killed_by":"Slime Boss","ascension_level":20}