{"gold_per_floor":[118,118,134,36,53,88,103,117,143,160,173,204,279,289,289,384,384,402,433,256,171,87,87,101,113,113,113,123,150,150,163,163,264,264,283,33,50,70,70,70,89,89,89,101,101,51,68,88,88,88],"floor_reached":50,"playtime":3999,"items_purged":["Strike_B","Strike_B","Defend_B","Defend_B"],"score":505,"play_id":"ad2649b0-b57f-4937-b3d1-d30b720db2a3","local_time":"20190809205310","is_ascension_mode":false,"campfire_choices":[{"floor":15,"key":"REST"},{"floor":23,"key":"RECALL"},{"floor":27,"key":"REST"},{"data":"Redo","floor":32,"key":"SMITH"},{"data":"Sunder","floor":40,"key":"SMITH"},{"data":"Coolheaded","floor":42,"key":"SMITH"},{"floor":45,"key":"REST"},{"data":"Seek","floor":49,"key":"SMITH"}],"neow_cost":"NONE","seed_source_timestamp":673750394187017,"circlet_count":0,"master_deck":["Strike_B","Strike_B","Defend_B","Defend_B","Zap","Dualcast","Sunder+1","BootSequence","Cold Snap","Coolheaded+1","Capacitor","Chaos","Melter","Redo+1","Go for the Eyes","BootSequence","Cold Snap","White Noise","Biased Cognition","Cold Snap","Self Repair","Consume","Go for the Eyes","Chaos","Go for the Eyes+1","Sweeping Beam+1","Chaos+1","FTL","Electrodynamics","Biased Cognition","Gash","Reboot","Double Energy+1","Normality","Seek+1","Stack","Chill+1"],"relics":["Cracked Core","Letter Opener","Smiling Mask","Sozu","Red Mask","DataDisk","Mercury Hourglass","Nloth\u0027s Gift","Cursed Key","Toolbox","Bottled Tornado"],"potions_floor_usage":[10,50,50,50],"damage_taken":[{"damage":6,"enemies":"Jaw Worm","floor":1,"turns":3},{"damage":0,"enemies":"Cultist","floor":3,"turns":3},{"damage":0,"enemies":"2 Louse","floor":5,"turns":1},{"damage":20,"enemies":"Gremlin Nob","floor":6,"turns":4},{"damage":0,"enemies":"2 Fungi Beasts","floor":7,"turns":2},{"damage":0,"enemies":"Exordium Wildlife","floor":8,"turns":2},{"damage":1,"enemies":"Exordium Thugs","floor":10,"turns":5},{"damage":0,"enemies":"3 Louse","floor":11,"turns":2},{"damage":23,"enemies":"3 Sentries","floor":12,"turns":7},{"damage":1,"enemies":"Gremlin Gang","floor":14,"turns":5},{"damage":23,"enemies":"The Guardian","floor":16,"turns":14},{"damage":9,"enemies":"Spheric Guardian","floor":18,"turns":4},{"damage":25,"enemies":"Masked Bandits","floor":19,"turns":5},{"damage":0,"enemies":"2 Thieves","floor":24,"turns":4},{"damage":21,"enemies":"Shelled Parasite and Fungi","floor":25,"turns":4},{"damage":5,"enemies":"Snake Plant","floor":28,"turns":5},{"damage":8,"enemies":"Gremlin Leader","floor":29,"turns":8},{"damage":0,"enemies":"Chosen and Byrds","floor":31,"turns":4},{"damage":32,"enemies":"Collector","floor":33,"turns":11},{"damage":1,"enemies":"3 Shapes","floor":35,"turns":3},{"damage":0,"enemies":"3 Darklings","floor":37,"turns":2},{"damage":22,"enemies":"Maw","floor":38,"turns":8},{"damage":0,"enemies":"4 Shapes","floor":41,"turns":3},{"damage":34,"enemies":"Writhing Mass","floor":44,"turns":4},{"damage":0,"enemies":"Jaw Worm Horde","floor":47,"turns":2},{"damage":7,"enemies":"Spire Growth","floor":48,"turns":6},{"damage":88,"enemies":"Donu and Deca","floor":50,"turns":13}],"seed_played":"1421540979825134829","potions_obtained":[{"floor":2,"key":"Fruit Juice"},{"floor":2,"key":"Weak Potion"},{"floor":2,"key":"SpeedPotion"},{"floor":3,"key":"Dexterity Potion"},{"floor":10,"key":"Block Potion"},{"floor":12,"key":"EssenceOfSteel"}],"is_trial":false,"path_per_floor":["M","?","M","$","M","E","M","M","T","M","M","E","?","M","R","B",null,"M","?","$","?","$","R","M","M","T","R","M","E","?","M","R","B",null,"M","$","M","M","?","R","M","R","T","M","R","$","M","M","R","B"],"character_chosen":"DEFECT","items_purchased":["Coolheaded","Capacitor","Consume","Go for the Eyes","Chaos","Toolbox"],"campfire_rested":3,"item_purchase_floors":[4,4,20,20,22,36],"current_hp_per_floor":[69,69,69,69,69,49,49,49,49,53,53,30,19,18,57,34,80,71,46,46,46,46,46,46,25,25,64,66,58,58,65,65,40,80,80,80,80,65,65,65,72,72,72,45,69,69,69,69,69,0],"gold":88,"neow_bonus":"THREE_CARDS","is_prod":false,"is_daily":false,"chose_seed":false,"campfire_upgraded":4,"win_rate":0,"timestamp":1565376790,"path_taken":["M","?","M","$","M","E","M","M","T","?","M","E","?","M","R","BOSS","M","?","$","?","$","R","?","M","T","R","M","E","?","M","R","BOSS","M","$","M","?","?","R","M","R","T","M","R","$","M","M","R","BOSS"],"build_version":"2019-07-17","purchased_purges":4,"victory":false,"max_hp_per_floor":[75,75,75,75,75,75,75,75,75,80,80,80,80,80,80,80,80,80,80,80,80,80,80,80,80,80,80,80,80,80,80,80,80,80,80,80,80,80,80,80,80,80,80,80,80,80,80,80,80,80],"card_choices":[{"not_picked":["BootSequence","Conserve Battery"],"picked":"Sunder","floor":0},{"not_picked":["Sweeping Beam","Hologram"],"picked":"BootSequence","floor":1},{"not_picked":["Self Repair","Fission"],"picked":"Cold Snap","floor":3},{"not_picked":["Heatsinks","Hologram"],"picked":"Chaos","floor":5},{"not_picked":["BootSequence","Stack"],"picked":"Melter","floor":6},{"not_picked":["Hello World","Loop"],"picked":"Redo","floor":7},{"not_picked":["Beam Cell","Streamline"],"picked":"Go for the Eyes","floor":8},{"not_picked":["Blizzard","Ball Lightning"],"picked":"BootSequence","floor":10},{"not_picked":["Turbo","Leap"],"picked":"Cold Snap","floor":11},{"not_picked":["Conserve Battery","Sunder"],"picked":"White Noise","floor":12},{"not_picked":["Beam Cell","Ball Lightning"],"picked":"Go for the Eyes","floor":14},{"not_picked":["Hyperbeam","Buffer"],"picked":"Biased Cognition","floor":16},{"not_picked":["Stack","Streamline"],"picked":"Cold Snap","floor":18},{"not_picked":["Compile Driver","Doom and Gloom"],"picked":"Self Repair","floor":19},{"not_picked":["Compile Driver","Multi-Cast"],"picked":"Go for the Eyes+1","floor":24},{"not_picked":["Redo","Coolheaded"],"picked":"Sweeping Beam+1","floor":25},{"not_picked":["Auto Shields","Capacitor"],"picked":"Chaos+1","floor":28},{"not_picked":["Beam Cell","Capacitor"],"picked":"FTL","floor":29},{"not_picked":["Rebound","Leap"],"picked":"Electrodynamics","floor":31},{"not_picked":["Core Surge","Echo Form"],"picked":"Biased Cognition","floor":33},{"not_picked":["Conserve Battery","Hologram"],"picked":"Gash","floor":35},{"not_picked":["Double Energy","Leap+1","Stack+1"],"picked":"SKIP","floor":37},{"not_picked":["Skim+1","Compile Driver+1"],"picked":"Reboot","floor":38},{"not_picked":["Sweeping Beam+1","Steam+1"],"picked":"Double Energy+1","floor":41},{"not_picked":["Chill+1","Streamline+1"],"picked":"Seek","floor":44},{"not_picked":["Redo","Turbo+1"],"picked":"Stack","floor":47},{"not_picked":["Stack","Storm"],"picked":"Chill+1","floor":48}],"player_experience":212677,"relics_obtained":[{"floor":6,"key":"Letter Opener"},{"floor":9,"key":"Regal Pillow"},{"floor":12,"key":"Smiling Mask"},{"floor":19,"key":"Red Mask"},{"floor":29,"key":"Mercury Hourglass"},{"floor":43,"key":"Bottled Tornado"}],"event_choices":[{"damage_healed":0,"gold_gain":0,"player_choice":"Got Potions","damage_taken":0,"max_hp_gain":0,"max_hp_loss":0,"event_name":"Lab","floor":2,"gold_loss":0},{"damage_healed":0,"gold_gain":75,"player_choice":"Gather Gold","damage_taken":11,"max_hp_gain":0,"max_hp_loss":0,"event_name":"World of Goop","floor":13,"gold_loss":0},{"damage_healed":0,"gold_gain":0,"player_choice":"Fought Bandits","damage_taken":0,"max_hp_gain":0,"max_hp_loss":0,"event_name":"Masked Bandits","floor":19,"gold_loss":0},{"damage_healed":0,"gold_gain":0,"player_choice":"Obtained Relic","damage_taken":0,"relics_obtained":["DataDisk"],"max_hp_gain":0,"max_hp_loss":0,"event_name":"Addict","floor":21,"gold_loss":85},{"damage_healed":0,"gold_gain":0,"player_choice":"Traded Relic","damage_taken":0,"relics_obtained":["Nloth\u0027s Gift"],"max_hp_gain":0,"max_hp_loss":0,"event_name":"N\u0027loth","floor":30,"relics_lost":["Regal Pillow"],"gold_loss":0},{"cards_removed":["Go for the Eyes"],"damage_healed":0,"gold_gain":0,"player_choice":"Removed Attack","damage_taken":0,"max_hp_gain":0,"max_hp_loss":0,"event_name":"Falling","floor":39,"gold_loss":0}],"is_beta":false,"boss_relics":[{"not_picked":["FrozenCore","Coffee Dripper"],"picked":"Sozu"},{"not_picked":["Philosopher\u0027s Stone","Busted Crown"],"picked":"Cursed Key"}],"items_purged_floors":[20,22,36,46],"is_endless":false,"potions_floor_spawned":[3,5,10,11,12,24,29,31,33,35,38,47,48],"killed_by":"Donu and Deca","ascension_level":0}