{"gold_per_floor":[18,31,31,31,31,31,31,31,31,50,150,185,185,38,38,137,137,157,174,174,174,99,127,127,87,136,136,155,166,184,196,196,299,299,316,328,328,328,83,113,113,131,131,131,146,146,175,29,29,29,29,29,29,57,57],"floor_reached":55,"playtime":4979,"items_purged":["Setup"],"score":935,"play_id":"6ab0887c-2e0c-4abc-ab0a-68e520f80328","local_time":"20190808235114","is_ascension_mode":true,"campfire_choices":[{"floor":6,"key":"RECALL"},{"floor":13,"key":"REST"},{"floor":15,"key":"REST"},{"data":"Storm of Steel","floor":24,"key":"SMITH"},{"floor":27,"key":"REST"},{"floor":32,"key":"REST"},{"data":"Tactician","floor":44,"key":"SMITH"},{"data":"Tactician","floor":46,"key":"SMITH"},{"data":"Acrobatics","floor":49,"key":"SMITH"},{"data":"A Thousand Cuts","floor":52,"key":"SMITH"}],"neow_cost":"NO_GOLD","seed_source_timestamp":251103851751026,"circlet_count":0,"master_deck":["Survivor","Neutralize","Prepared","Infinite Blades","Tactician+1","Tools of the Trade","Storm of Steel+1","Grand Finale","Underhanded Strike","Unload","Deflect","Accuracy","All Out Attack","Tactician+1","Backflip+1","Deflect","Tactician+1","Choke","Backflip+1","Backflip","A Thousand Cuts+1","Adrenaline","Underhanded Strike+1","Underhanded Strike","Backflip","Unload","Acrobatics+1","Acrobatics+1","Parasite","Blur"],"relics":["Ring of the Snake","Tough Bandages","Bronze Scales","Happy Flower","Pandora\u0027s Box","Juzu Bracelet","Coffee Dripper","Bag of Preparation","Mercury Hourglass","Torii","Frozen Egg 2","Lantern"],"potions_floor_usage":[16,50,50,55],"damage_taken":[{"damage":0,"enemies":"Cultist","floor":1,"turns":3},{"damage":1,"enemies":"Jaw Worm","floor":2,"turns":4},{"damage":7,"enemies":"2 Louse","floor":10,"turns":3},{"damage":62,"enemies":"3 Sentries","floor":12,"turns":24},{"damage":48,"enemies":"Hexaghost","floor":16,"turns":13},{"damage":29,"enemies":"Spheric Guardian","floor":18,"turns":5},{"damage":13,"enemies":"2 Thieves","floor":19,"turns":4},{"damage":0,"enemies":"Gremlin Leader","floor":23,"turns":6},{"damage":13,"enemies":"Centurion and Healer","floor":28,"turns":5},{"damage":0,"enemies":"Chosen and Byrds","floor":29,"turns":4},{"damage":3,"enemies":"Cultist and Chosen","floor":30,"turns":6},{"damage":32,"enemies":"Snecko","floor":31,"turns":6},{"damage":19,"enemies":"Collector","floor":33,"turns":8},{"damage":0,"enemies":"3 Shapes","floor":35,"turns":3},{"damage":0,"enemies":"Orb Walker","floor":36,"turns":3},{"damage":53,"enemies":"Nemesis","floor":40,"turns":7},{"damage":1,"enemies":"Jaw Worm Horde","floor":42,"turns":3},{"damage":0,"enemies":"Writhing Mass","floor":45,"turns":4},{"damage":0,"enemies":"Reptomancer","floor":47,"turns":4},{"damage":0,"enemies":"Donu and Deca","floor":50,"turns":6},{"damage":31,"enemies":"Shield and Spear","floor":54,"turns":3},{"damage":51,"enemies":"The Heart","floor":55,"turns":8}],"seed_played":"7003670142220669507","potions_obtained":[{"floor":10,"key":"FairyPotion"},{"floor":12,"key":"EssenceOfSteel"},{"floor":16,"key":"LiquidBronze"},{"floor":18,"key":"Explosive Potion"},{"floor":30,"key":"SteroidPotion"},{"floor":41,"key":"SteroidPotion"},{"floor":54,"key":"GamblersBrew"}],"is_trial":false,"path_per_floor":["M","M","?","?","?","R","$","$","T","M","?","E","R","$","R","B",null,"M","M","?","?","$","E","R","$","T","R","M","M","M","M","R","B",null,"M","M","$","?","$","E","?","M","T","R","M","R","E","?","R","B",null,"R","$","E","B"],"character_chosen":"THE_SILENT","items_purchased":["Happy Flower","Choke","Backflip","Unload","Acrobatics"],"campfire_rested":4,"item_purchase_floors":[14,25,39,39,39],"current_hp_per_floor":[70,69,69,74,74,74,74,74,74,67,67,5,27,27,49,1,75,46,33,33,33,33,33,33,33,33,55,42,42,39,7,29,10,75,75,75,75,75,75,22,22,21,21,21,21,21,21,21,21,21,75,75,75,44,0],"gold":57,"neow_bonus":"ONE_RARE_RELIC","is_prod":false,"is_daily":false,"chose_seed":false,"campfire_upgraded":5,"win_rate":0,"timestamp":1565322674,"path_taken":["M","M","?","?","?","R","?","$","T","?","?","E","R","?","R","BOSS","M","M","?","?","?","E","R","$","T","R","M","M","M","M","R","BOSS","M","M","$","?","$","E","?","M","T","R","M","R","E","?","R","BOSS","R","$","E","BOSS"],"build_version":"2019-07-17","purchased_purges":1,"victory":false,"max_hp_per_floor":[70,70,70,75,75,75,75,75,75,75,75,75,75,75,75,75,75,75,75,75,75,75,75,75,75,75,75,75,75,75,75,75,75,75,75,75,75,75,75,75,75,75,75,75,75,75,75,75,75,75,75,75,75,75,75],"card_choices":[{"not_picked":["Poisoned Stab","Leg Sweep"],"picked":"Prepared","floor":1},{"not_picked":["Blade Dance","Bane"],"picked":"Infinite Blades","floor":2},{"not_picked":["PiercingWail","Underhanded Strike"],"picked":"Tactician","floor":10},{"not_picked":["Backflip","Distraction"],"picked":"Night Terror","floor":12},{"not_picked":["Night Terror","Phantasmal Killer"],"picked":"Tools of the Trade","floor":16},{"not_picked":["Deadly Poison","Blade Dance"],"picked":"Tactician+1","floor":18},{"not_picked":["Quick Slash+1","Dodge and Roll"],"picked":"Backflip+1","floor":19},{"not_picked":["Deflect","Dagger Throw"],"picked":"Tactician","floor":23},{"not_picked":["Slice","Deflect"],"picked":"Backflip+1","floor":28},{"not_picked":["Infinite Blades+1","Setup"],"picked":"Backflip","floor":29},{"not_picked":["Flying Knee","Quick Slash"],"picked":"A Thousand Cuts","floor":30},{"not_picked":["Noxious Fumes","Deadly Poison","Prepared"],"picked":"SKIP","floor":31},{"not_picked":["Burst","Bullet Time"],"picked":"Adrenaline","floor":33},{"not_picked":["Deadly Poison+1","Bouncing Flask+1"],"picked":"Underhanded Strike+1","floor":35},{"not_picked":["Poisoned Stab+1","Deadly Poison+1"],"picked":"Underhanded Strike","floor":36},{"not_picked":["Well Laid Plans+1","Noxious Fumes"],"picked":"Acrobatics+1","floor":40},{"not_picked":["Quick Slash","Flying Knee+1","Cloak And Dagger"],"picked":"SKIP","floor":42},{"not_picked":["Sucker Punch+1","Riddle With Holes+1","Quick Slash+1"],"picked":"SKIP","floor":45},{"not_picked":["Deadly Poison","Masterful Stab+1","Choke"],"picked":"SKIP","floor":47},{"not_picked":["Bane","Leg Sweep"],"picked":"Blur","floor":54}],"player_experience":115930,"relics_obtained":[{"floor":12,"key":"Bronze Scales"},{"floor":23,"key":"Juzu Bracelet"},{"floor":40,"key":"Bag of Preparation"},{"floor":43,"key":"Mercury Hourglass"},{"floor":47,"key":"Torii"},{"floor":54,"key":"Lantern"}],"event_choices":[{"cards_removed":["Strike_G"],"damage_healed":0,"gold_gain":0,"player_choice":"Forget","damage_taken":0,"max_hp_gain":0,"max_hp_loss":0,"event_name":"Living Wall","floor":3,"gold_loss":0},{"damage_healed":0,"gold_gain":0,"player_choice":"Donut","damage_taken":0,"max_hp_gain":5,"max_hp_loss":0,"event_name":"Big Fish","floor":4,"gold_loss":0},{"damage_healed":0,"gold_gain":0,"player_choice":"Ignored","damage_taken":0,"max_hp_gain":0,"max_hp_loss":0,"event_name":"Liars Game","floor":5,"gold_loss":0},{"damage_healed":0,"gold_gain":100,"player_choice":"Pray","damage_taken":0,"max_hp_gain":0,"max_hp_loss":0,"event_name":"Golden Shrine","floor":11,"gold_loss":0},{"damage_healed":0,"gold_gain":0,"cards_transformed":["Night Terror","Night Terror"],"player_choice":"Became Test Subject","damage_taken":0,"max_hp_gain":0,"max_hp_loss":0,"event_name":"Drug Dealer","floor":20,"gold_loss":0,"cards_obtained":["Setup","Deflect"]},{"cards_removed":["Crippling Poison"],"damage_healed":0,"gold_gain":0,"player_choice":"Elegance","damage_taken":0,"max_hp_gain":0,"max_hp_loss":0,"event_name":"Back to Basics","floor":21,"gold_loss":0},{"damage_healed":0,"gold_gain":0,"player_choice":"Ignored","damage_taken":0,"max_hp_gain":0,"max_hp_loss":0,"event_name":"Tomb of Lord Red Mask","floor":38,"gold_loss":0},{"damage_healed":0,"gold_gain":0,"player_choice":"Got Potions","damage_taken":0,"max_hp_gain":0,"max_hp_loss":0,"event_name":"Lab","floor":41,"gold_loss":0},{"damage_healed":0,"gold_gain":0,"player_choice":"Paid Gold","damage_taken":0,"relics_obtained":["Frozen Egg 2"],"max_hp_gain":0,"max_hp_loss":0,"event_name":"WeMeetAgain","floor":48,"gold_loss":146}],"is_beta":false,"boss_relics":[{"not_picked":["Busted Crown","Snecko Eye"],"picked":"Pandora\u0027s Box"},{"not_picked":["Runic Pyramid","Calling Bell"],"picked":"Coffee Dripper"}],"items_purged_floors":[22],"is_endless":false,"potions_floor_spawned":[10,12,16,18,19,30,31,33,35,47,54],"killed_by":"The Heart","ascension_level":3}