{"gold_per_floor":[110,128,142,42,57,57,89,89,89,106,131,131,162,162,162,241,241,257,70,85,10,25,53,65,77,167,179,201,226,27,37,37,111,111,131,145,145,65,79,109,109,136,186,219,219,237,337,354,354,354,354,354,354,24,55,55],"floor_reached":57,"playtime":4030,"items_purged":["Strike_R","Strike_R","Strike_R","Bash"],"score":3164,"play_id":"fef0387c-35a3-4e09-b390-a62ce7edbdad","local_time":"20190516142612","is_ascension_mode":true,"campfire_choices":[{"data":"Inflame","floor":6.0,"key":"SMITH"},{"data":"Corruption","floor":8.0,"key":"SMITH"},{"data":"Pommel Strike","floor":12.0,"key":"SMITH"},{"data":"Armaments","floor":15.0,"key":"SMITH"},{"floor":25.0,"key":"RECALL"},{"data":"Armaments","floor":27.0,"key":"SMITH"},{"data":"Dark Embrace","floor":32.0,"key":"SMITH"},{"data":"Feel No Pain","floor":41.0,"key":"SMITH"},{"data":"Evolve","floor":49.0,"key":"SMITH"},{"data":"Feel No Pain","floor":53.0,"key":"SMITH"}],"neow_cost":"PERCENT_DAMAGE","seed_source_timestamp":2087203910917246,"circlet_count":0,"master_deck":["AscendersBane","Defend_R","Defend_R","Defend_R","Defend_R","Sword Boomerang","Inflame+1","Pommel Strike+1","Shrug It Off","Corruption+1","Intimidate","Armaments+1","Havoc+1","Feed","Body Slam","Armaments+1","Power Through","Flame Barrier","Feel No Pain+1","Warcry+1","Dark Embrace+1","Evolve+1","Impervious+1","Disarm+1","Feel No Pain+1","Seeing Red","Havoc","Bloodletting+1","Body Slam+1","Flame Barrier+1","Corruption","True Grit"],"special_seed":0,"relics":["Burning Blood","Dead Branch","Self Forming Clay","Pantograph","Mummified Hand","Shuriken","Orrery","MawBank","Snecko Eye","Potion Belt","Gremlin Horn","War Paint","The Courier","StoneCalendar","Bird Faced Urn"],"potions_floor_usage":[56,56,56,56],"damage_taken":[{"damage":1.0,"enemies":"2 Louse","floor":1.0,"turns":3.0},{"damage":15.0,"enemies":"Small Slimes","floor":2.0,"turns":4.0},{"damage":1.0,"enemies":"Cultist","floor":3.0,"turns":3.0},{"damage":22.0,"enemies":"3 Louse","floor":5.0,"turns":3.0},{"damage":22.0,"enemies":"3 Sentries","floor":7.0,"turns":7.0},{"damage":0.0,"enemies":"2 Fungi Beasts","floor":10.0,"turns":3.0},{"damage":8.0,"enemies":"Gremlin Nob","floor":11.0,"turns":3.0},{"damage":2.0,"enemies":"3 Sentries","floor":13.0,"turns":4.0},{"damage":0.0,"enemies":"The Guardian","floor":16.0,"turns":4.0},{"damage":0.0,"enemies":"Shell Parasite","floor":18.0,"turns":3.0},{"damage":0.0,"enemies":"3 Byrds","floor":20.0,"turns":5.0},{"damage":13.0,"enemies":"Snecko","floor":22.0,"turns":6.0},{"damage":11.0,"enemies":"Slavers","floor":23.0,"turns":4.0},{"damage":0.0,"enemies":"Sentry and Sphere","floor":28.0,"turns":1.0},{"damage":9.0,"enemies":"Snake Plant","floor":29.0,"turns":8.0},{"damage":3.0,"enemies":"Cultist and Chosen","floor":31.0,"turns":7.0},{"damage":27.0,"enemies":"Automaton","floor":33.0,"turns":7.0},{"damage":0.0,"enemies":"3 Darklings","floor":35.0,"turns":2.0},{"damage":11.0,"enemies":"3 Shapes","floor":36.0,"turns":3.0},{"damage":0.0,"enemies":"3 Darklings","floor":39.0,"turns":2.0},{"damage":0.0,"enemies":"Giant Head","floor":40.0,"turns":3.0},{"damage":6.0,"enemies":"Nemesis","floor":42.0,"turns":1.0},{"damage":6.0,"enemies":"Reptomancer","floor":44.0,"turns":3.0},{"damage":4.0,"enemies":"Sphere and 2 Shapes","floor":46.0,"turns":3.0},{"damage":3.0,"enemies":"Mind Bloom Boss Battle","floor":47.0,"turns":7.0},{"damage":9.0,"enemies":"Maw","floor":48.0,"turns":5.0},{"damage":20.0,"enemies":"Awakened One","floor":50.0,"turns":7.0},{"damage":9.0,"enemies":"Time Eater","floor":51.0,"turns":5.0},{"damage":12.0,"enemies":"Shield and Spear","floor":55.0,"turns":5.0},{"damage":15,"enemies":"The Heart","floor":56,"turns":5}],"seed_played":"-2982563660532237717","potions_obtained":[{"floor":2.0,"key":"Dexterity Potion"},{"floor":10.0,"key":"SpeedPotion"},{"floor":13.0,"key":"GamblersBrew"},{"floor":20.0,"key":"Fruit Juice"},{"floor":22.0,"key":"SkillPotion"},{"floor":24.0,"key":"LiquidBronze"},{"floor":33.0,"key":"Block Potion"},{"floor":36.0,"key":"Swift Potion"},{"floor":40.0,"key":"SkillPotion"},{"floor":46.0,"key":"EssenceOfSteel"},{"floor":48.0,"key":"SpeedPotion"},{"floor":55.0,"key":"Ancient Potion"}],"is_trial":false,"path_per_floor":["M","M","M","$","M","R","E","R","T","M","E","R","E","?","R","B",null,"M","$","M","?","M","E","?","R","T","R","M","M","$","M","R","B",null,"M","M","?","$","M","E","R","E","T","E","?","M","?","M","R","B","B",null,"R","$","E","B",null],"character_chosen":"IRONCLAD","items_purchased":["Shrug It Off","Feel No Pain","Dark Embrace","Feel No Pain","Corruption","Dexterity Potion","GamblersBrew","Ancient Potion"],"campfire_rested":0,"item_purchase_floors":[4,19,30,38,54,54,54,54],"current_hp_per_floor":[55,46,51,51,35,35,19,19,19,25,23,23,27,20,20,51,69,75,75,80,80,73,71,71,71,71,71,77,74,74,77,77,62,78,83,82,82,82,87,90,90,93,93,96,96,99,102,103,103,95,106,108,108,108,105,112],"gold":55,"neow_bonus":"ONE_RARE_RELIC","is_prod":false,"is_daily":false,"chose_seed":false,"campfire_upgraded":9,"win_rate":0,"timestamp":1557987972,"path_taken":["M","M","M","$","M","R","E","R","T","M","E","R","E","?","R","BOSS","M","$","M","?","M","E","?","R","T","R","M","?","$","M","R","BOSS","M","M","?","$","M","E","R","E","T","E","?","M","?","M","R","BOSS","BOSS","R","$","E","BOSS"],"build_version":"2019-01-23","purchased_purges":4,"victory":true,"max_hp_per_floor":[75,75,75,75,75,75,75,75,75,75,75,75,75,75,75,75,75,75,75,80,80,80,83,83,83,83,83,83,83,83,83,83,83,83,83,87,87,87,87,90,90,93,93,96,96,99,102,106,106,109,109,109,109,109,112,112],"card_choices":[{"not_picked":["Flex","Rupture"],"picked":"Sword Boomerang","floor":1.0},{"not_picked":["Thunderclap","Headbutt"],"picked":"Inflame","floor":2.0},{"not_picked":["Anger","Thunderclap"],"picked":"Pommel Strike","floor":3.0},{"not_picked":["Thunderclap","Shrug It Off","Iron Wave"],"picked":"SKIP","floor":5.0},{"not_picked":["Reaper","Pommel Strike"],"picked":"Corruption","floor":7.0},{"not_picked":["Bloodletting","Clash"],"picked":"Intimidate","floor":10.0},{"not_picked":["Pommel Strike","Sword Boomerang"],"picked":"Armaments","floor":11.0},{"not_picked":["Clothesline","Twin Strike"],"picked":"Havoc","floor":13.0},{"not_picked":["Bludgeon","Demon Form"],"picked":"Feed","floor":16.0},{"not_picked":["Rupture","Entrench"],"picked":"Body Slam","floor":17.0},{"not_picked":["Cleave","Headbutt"],"picked":"Armaments","floor":17.0},{"not_picked":["Sword Boomerang","Dual Wield"],"picked":"Power Through","floor":17.0},{"not_picked":["Pommel Strike","Rampage"],"picked":"Flame Barrier","floor":18.0},{"not_picked":["Flex","Hemokinesis","Headbutt+1"],"picked":"SKIP","floor":20.0},{"not_picked":["True Grit","Anger"],"picked":"Warcry+1","floor":22.0},{"not_picked":["Bludgeon","Uppercut","Iron Wave+1"],"picked":"SKIP","floor":23.0},{"not_picked":["Headbutt","Flex","Dual Wield"],"picked":"SKIP","floor":28.0},{"not_picked":["Headbutt","Body Slam","Flex+1"],"picked":"SKIP","floor":29.0},{"not_picked":["Entrench","Warcry"],"picked":"Evolve","floor":31.0},{"not_picked":["Limit Break","Brutality"],"picked":"Impervious","floor":33.0},{"not_picked":["Combust","Clash+1"],"picked":"Disarm+1","floor":35.0},{"not_picked":["Disarm","Thunderclap","Body Slam"],"picked":"SKIP","floor":36.0},{"not_picked":["Wild Strike","Ghostly Armor+1"],"picked":"Seeing Red","floor":39.0},{"not_picked":["Flex","Demon Form"],"picked":"Havoc","floor":40.0},{"not_picked":["Blood for Blood","Body Slam"],"picked":"Bloodletting+1","floor":42.0},{"not_picked":["Wild Strike+1","Headbutt"],"picked":"Body Slam+1","floor":44.0},{"not_picked":["Bloodletting","Spot Weakness","Sword Boomerang+1"],"picked":"SKIP","floor":46.0},{"not_picked":["Clothesline+1","Headbutt"],"picked":"Flame Barrier+1","floor":47.0},{"not_picked":["Juggernaut","Heavy Blade","Thunderclap"],"picked":"SKIP","floor":48.0},{"not_picked":["Clothesline","Heavy Blade"],"picked":"True Grit","floor":55.0}],"player_experience":844032,"relics_obtained":[{"floor":7.0,"key":"Self Forming Clay"},{"floor":9.0,"key":"Pantograph"},{"floor":11.0,"key":"Mummified Hand"},{"floor":13.0,"key":"Shuriken"},{"floor":23.0,"key":"MawBank"},{"floor":40.0,"key":"Potion Belt"},{"floor":42.0,"key":"Gremlin Horn"},{"floor":43.0,"key":"War Paint"},{"floor":44.0,"key":"The Courier"},{"floor":47.0,"key":"StoneCalendar"},{"floor":55.0,"key":"Bird Faced Urn"}],"event_choices":[{"cards_removed":["Strike_R"],"damage_healed":0.0,"max_hp_gain":0.0,"max_hp_loss":0.0,"gold_gain":0.0,"event_name":"Golden Wing","player_choice":"Card Removal","floor":14.0,"gold_loss":0.0,"damage_taken":7.0},{"cards_removed":["Strike_R"],"damage_healed":0.0,"max_hp_gain":0.0,"max_hp_loss":0.0,"gold_gain":0.0,"event_name":"Beggar","player_choice":"Gave Gold","floor":21.0,"gold_loss":75.0,"damage_taken":0.0},{"damage_healed":0.0,"max_hp_gain":0.0,"max_hp_loss":0.0,"gold_gain":0.0,"event_name":"Lab","player_choice":"Got Potions","floor":24.0,"gold_loss":0.0,"damage_taken":0.0},{"damage_healed":0.0,"max_hp_gain":0.0,"max_hp_loss":0.0,"gold_gain":0.0,"event_name":"SensoryStone","player_choice":"Memory 1","floor":37.0,"gold_loss":0.0,"damage_taken":0.0},{"damage_healed":0.0,"max_hp_gain":0.0,"max_hp_loss":0.0,"gold_gain":0.0,"event_name":"Tomb of Lord Red Mask","player_choice":"Ignored","floor":45.0,"gold_loss":0.0,"damage_taken":0.0},{"damage_healed":0.0,"max_hp_gain":0.0,"max_hp_loss":0.0,"gold_gain":0.0,"event_name":"MindBloom","player_choice":"Fight","floor":47.0,"gold_loss":0.0,"damage_taken":0.0}],"is_beta":false,"boss_relics":[{"not_picked":["Eternal Feather","Black Blood"],"picked":"Orrery"},{"not_picked":["Pandora\u0027s Box","Sozu"],"picked":"Snecko Eye"}],"items_purged_floors":[4,19,30,54],"is_endless":false,"potions_floor_spawned":[2,10,13,16,20,22,31,33,35,36,40,46,48,55],"ascension_level":20}