{"gold_per_floor":[111,111,36,51,66,94,121,121,121,150,150,167,167,167,167,269,269,254,273,66,66,66],"floor_reached":22,"playtime":1205,"items_purged":["Strike_R"],"score":202,"play_id":"c0b593c2-a47d-4c95-b5a2-c76773347d75","local_time":"20181216230117","is_ascension_mode":true,"campfire_choices":[{"floor":8,"key":"REST"},{"floor":11,"key":"REST"},{"floor":13,"key":"RECALL"},{"data":"Metallicize","floor":15,"key":"SMITH"}],"neow_cost":"NONE","seed_source_timestamp":1828718565610004,"circlet_count":0,"master_deck":["Strike_R","Strike_R","Strike_R","Defend_R","Defend_R","Defend_R","Bash+1","Metallicize+1","Armaments+1","Clothesline","Battle Trance","True Grit","Demon Form+1","Heavy Blade","Uppercut","Shame"],"relics":["Burning Blood","Shuriken","Odd Mushroom","Bottled Tornado","Frozen Egg 2","Empty Cage","Sling","Red Skull"],"potions_floor_usage":[6,6,16,16,18,19],"damage_taken":[{"damage":17,"enemies":"Small Slimes","floor":1,"turns":4},{"damage":1,"enemies":"Cultist","floor":4,"turns":3},{"damage":5,"enemies":"2 Louse","floor":5,"turns":3},{"damage":10,"enemies":"Lagavulin","floor":6,"turns":5},{"damage":53,"enemies":"The Mushroom Lair","floor":7,"turns":8},{"damage":20,"enemies":"3 Sentries","floor":10,"turns":11},{"damage":1,"enemies":"2 Fungi Beasts","floor":12,"turns":4},{"damage":26,"enemies":"Slime Boss","floor":16,"turns":17},{"damage":24,"enemies":"2 Thieves","floor":18,"turns":4},{"damage":20,"enemies":"Shell Parasite","floor":19,"turns":4},{"damage":55,"enemies":"3 Cultists","floor":22,"turns":5}],"seed_played":"6853472954192469577","potions_obtained":[{"floor":2,"key":"AttackPotion"},{"floor":2,"key":"GamblersBrew"},{"floor":2,"key":"SteroidPotion"},{"floor":4,"key":"AttackPotion"},{"floor":10,"key":"SkillPotion"},{"floor":12,"key":"PowerPotion"},{"floor":16,"key":"Poison Potion"},{"floor":19,"key":"Poison Potion"}],"is_trial":false,"path_per_floor":["M","?","$","M","M","E","?","R","T","E","R","M","R","?","R","B",null,"M","M","$","?","M"],"character_chosen":"IRONCLAD","items_purchased":["Sling"],"campfire_rested":2,"item_purchase_floors":[20],"current_hp_per_floor":[69,69,69,74,75,71,24,48,48,34,58,63,63,63,63,43,80,62,48,48,48,0],"gold":66,"neow_bonus":"UPGRADE_CARD","is_prod":false,"is_daily":false,"chose_seed":false,"campfire_upgraded":1,"win_rate":0,"timestamp":1544961677,"path_taken":["M","?","$","?","M","E","?","R","T","E","R","M","R","?","R","BOSS","M","?","$","?","M"],"build_version":"2018-12-13","purchased_purges":1,"victory":false,"max_hp_per_floor":[80,80,80,80,80,80,80,80,80,80,80,80,80,80,80,80,80,80,80,80,80,80],"card_choices":[{"not_picked":["Anger","Headbutt"],"picked":"Metallicize","floor":1},{"not_picked":["Disarm","Entrench"],"picked":"Armaments","floor":4},{"not_picked":["Intimidate","Warcry"],"picked":"Clothesline","floor":5},{"not_picked":["Iron Wave","Sword Boomerang"],"picked":"Battle Trance","floor":6},{"not_picked":["Clothesline","Cleave"],"picked":"True Grit","floor":10},{"not_picked":["Searing Blow","Sword Boomerang","Feel No Pain+1"],"picked":"SKIP","floor":12},{"not_picked":["Offering","Exhume"],"picked":"Demon Form+1","floor":16},{"not_picked":["Twin Strike","Second Wind+1"],"picked":"Heavy Blade","floor":18},{"not_picked":["Seeing Red","Burning Pact"],"picked":"Uppercut","floor":19}],"player_experience":258947,"relics_obtained":[{"floor":6,"key":"Shuriken"},{"floor":7,"key":"Odd Mushroom"},{"floor":9,"key":"Bottled Tornado"},{"floor":10,"key":"Frozen Egg 2"}],"event_choices":[{"damage_healed":0,"gold_gain":0,"player_choice":"Got Potions","damage_taken":0,"max_hp_gain":0,"max_hp_loss":0,"event_name":"Lab","floor":2,"gold_loss":0},{"damage_healed":0,"gold_gain":0,"player_choice":"Fought Mushrooms","damage_taken":0,"max_hp_gain":0,"max_hp_loss":0,"event_name":"Mushrooms","floor":7,"gold_loss":0},{"damage_healed":0,"gold_gain":0,"player_choice":"Upgraded","damage_taken":0,"max_hp_gain":0,"max_hp_loss":0,"event_name":"Upgrade Shrine","floor":14,"gold_loss":0,"cards_upgraded":["Armaments"]},{"damage_healed":0,"gold_gain":0,"player_choice":"Stole Relic","damage_taken":0,"relics_obtained":["Red Skull"],"max_hp_gain":0,"max_hp_loss":0,"event_name":"Addict","floor":21,"gold_loss":0,"cards_obtained":["Shame"]}],"is_beta":false,"boss_relics":[{"not_picked":["Ectoplasm","Mark of Pain"],"picked":"Empty Cage"}],"items_purged_floors":[3],"is_endless":false,"potions_floor_spawned":[4,10,12,16,19],"killed_by":"3 Cultists","ascension_level":1}