{"gold_per_floor":[118,138,158,9,27,43,72,72,140,473,493,524,524,542,542,640,640,660,90,110,20,20,50,50,82,107,107,121,131,149,165,165,266,266,280,296,296,296,396,396,415,415],"floor_reached":42,"playtime":3155,"items_purged":["Defend_R","Defend_R"],"score":882,"play_id":"c83864b5-b2a6-4208-9ce8-03e17e32506e","local_time":"20190805114351","is_ascension_mode":true,"campfire_choices":[{"data":"Armaments","floor":8.0,"key":"SMITH"},{"data":"True Grit","floor":13.0,"key":"SMITH"},{"data":"Metallicize","floor":15.0,"key":"SMITH"},{"floor":24,"key":"REST"},{"floor":27,"key":"REST"},{"floor":32,"key":"REST"},{"data":"Double Tap","floor":40,"key":"SMITH"}],"neow_cost":"NONE","seed_source_timestamp":0,"circlet_count":0,"master_deck":["Strike_R","Strike_R+1","Strike_R","Strike_R+1","Strike_R","Defend_R","Bash+1","Fire Breathing","True Grit+1","Armaments+1","Metallicize+1","Body Slam","Rampage+1","Rage","Rampage+1","Immolate+1","Brutality","Headbutt+1","Flash of Steel+1","Disarm","Ghostly Armor","Iron Wave+1","Clothesline+1","Pommel Strike+1","Double Tap+1","Ghostly Armor+1","Madness","Madness","Panache","Thinking Ahead","Parasite"],"special_seed":0,"relics":["Burning Blood","Boot","Molten Egg 2","Old Coin","Vajra","Sozu","Singing Bowl","Bronze Scales","Blue Candle","Whetstone","Runic Cube","Turnip"],"potions_floor_usage":[23,23,33],"damage_taken":[{"damage":0.0,"enemies":"Cultist","floor":1.0,"turns":3.0},{"damage":4.0,"enemies":"Small Slimes","floor":2.0,"turns":4.0},{"damage":7.0,"enemies":"Jaw Worm","floor":3.0,"turns":3.0},{"damage":0.0,"enemies":"Blue Slaver","floor":5.0,"turns":7.0},{"damage":6.0,"enemies":"Exordium Wildlife","floor":6.0,"turns":8.0},{"damage":39.0,"enemies":"Lagavulin","floor":7.0,"turns":9.0},{"damage":23.0,"enemies":"3 Sentries","floor":10.0,"turns":8.0},{"damage":1.0,"enemies":"2 Fungi Beasts","floor":11.0,"turns":4.0},{"damage":27.0,"enemies":"Lagavulin","floor":12.0,"turns":6.0},{"damage":5.0,"enemies":"Blue Slaver","floor":14.0,"turns":4.0},{"damage":27.0,"enemies":"Hexaghost","floor":16.0,"turns":10.0},{"damage":19.0,"enemies":"Shell Parasite","floor":18.0,"turns":4.0},{"damage":12.0,"enemies":"2 Thieves","floor":20.0,"turns":3.0},{"damage":36,"enemies":"Slavers","floor":23,"turns":5},{"damage":17,"enemies":"Gremlin Leader","floor":25,"turns":5},{"damage":14,"enemies":"Snake Plant","floor":28,"turns":4},{"damage":14,"enemies":"Snecko","floor":29,"turns":4},{"damage":7,"enemies":"Chosen and Byrds","floor":30,"turns":4},{"damage":7,"enemies":"Shelled Parasite and Fungi","floor":31,"turns":4},{"damage":31,"enemies":"Champ","floor":33,"turns":9},{"damage":13,"enemies":"3 Darklings","floor":35,"turns":7},{"damage":11,"enemies":"3 Shapes","floor":36,"turns":7},{"damage":1,"enemies":"Mind Bloom Boss Battle","floor":39,"turns":9},{"damage":17,"enemies":"Maw","floor":41,"turns":6},{"damage":45,"enemies":"Writhing Mass","floor":42,"turns":3}],"seed_played":"2751940454790953686","potions_obtained":[{"floor":1.0,"key":"FearPotion"},{"floor":3.0,"key":"Regen Potion"},{"floor":10.0,"key":"Dexterity Potion"},{"floor":12.0,"key":"FearPotion"}],"is_trial":false,"path_per_floor":["M","M","M","$","M","M","E","R","T","E","M","E","R","M","R","B",null,"M","$","M","?","$","E","R","E","T","R","M","M","M","M","R","B",null,"M","M","?","?","?","R","M","M"],"character_chosen":"IRONCLAD","items_purchased":["Metallicize","Headbutt+1","Flash of Steel+1","Disarm","Singing Bowl"],"campfire_rested":3,"item_purchase_floors":[4,19,19,19,19],"current_hp_per_floor":[78,80,79,79,80,80,47,47,47,45,50,29,29,30,30,9,62,49,49,43,43,43,13,37,26,26,50,44,36,37,38,63,38,74,69,64,53,45,52,52,43,0],"gold":415,"neow_bonus":"UPGRADE_CARD","is_prod":false,"is_daily":false,"chose_seed":false,"campfire_upgraded":4,"win_rate":0,"timestamp":1565027031,"path_taken":["M","M","M","$","M","M","E","R","T","E","M","E","R","?","R","BOSS","M","$","M","?","?","E","R","E","T","R","?","M","M","M","R","BOSS","M","M","?","?","?","R","M","M"],"build_version":"2019-07-18","purchased_purges":2,"victory":false,"max_hp_per_floor":[80,80,80,80,80,80,80,80,80,80,80,80,80,80,80,80,80,80,80,80,80,80,80,80,80,80,80,82,82,84,86,86,86,86,88,88,88,90,92,92,94,94],"card_choices":[{"not_picked":["Shockwave","Body Slam"],"picked":"Fire Breathing","floor":1.0},{"not_picked":["Thunderclap","Clash"],"picked":"True Grit","floor":2.0},{"not_picked":["Infernal Blade","Seeing Red"],"picked":"Armaments","floor":3.0},{"not_picked":["Anger","Wild Strike"],"picked":"Body Slam","floor":5.0},{"not_picked":["Dropkick","Shockwave"],"picked":"Rampage","floor":6.0},{"not_picked":["Shockwave","Flex"],"picked":"Rage","floor":7.0},{"not_picked":["Thunderclap+1","Dark Embrace","Bloodletting"],"picked":"SKIP","floor":10.0},{"not_picked":["Clash+1","Armaments"],"picked":"Rampage+1","floor":11.0},{"not_picked":["True Grit","Havoc"],"picked":"Immolate+1","floor":12.0},{"not_picked":["Armaments","Sentinel","Rage"],"picked":"SKIP","floor":14.0},{"not_picked":["Demon Form","Exhume"],"picked":"Brutality","floor":16.0},{"not_picked":["Infernal Blade","Seeing Red","Anger+1"],"picked":"SKIP","floor":18.0},{"not_picked":["Corruption","Power Through+1"],"picked":"Ghostly Armor","floor":20.0},{"not_picked":["Heavy Blade+1","Thunderclap+1"],"picked":"Iron Wave+1","floor":23},{"not_picked":["Rage","Demon Form"],"picked":"Clothesline+1","floor":25},{"not_picked":["Whirlwind+1","Intimidate+1","Perfected Strike+1"],"picked":"Singing Bowl","floor":28},{"not_picked":["Armaments","Dark Embrace"],"picked":"Pommel Strike+1","floor":29},{"not_picked":["Whirlwind+1","Thunderclap+1","Warcry"],"picked":"Singing Bowl","floor":30},{"not_picked":["Heavy Blade+1","Hemokinesis+1","Clothesline+1"],"picked":"Singing Bowl","floor":31},{"not_picked":["Immolate+1","Berserk"],"picked":"Double Tap","floor":33},{"not_picked":["Flex","True Grit+1","Searing Blow+1"],"picked":"Singing Bowl","floor":35},{"not_picked":["Twin Strike+1","Corruption"],"picked":"Ghostly Armor+1","floor":36},{"not_picked":["Secret Technique","PanicButton"],"picked":"Panache","floor":38},{"not_picked":["Enlightenment","The Bomb","Forethought"],"picked":"Singing Bowl","floor":38},{"not_picked":["Jack Of All Trades","Enlightenment"],"picked":"Thinking Ahead","floor":38},{"not_picked":["Feel No Pain+1","Clash+1","Intimidate+1"],"picked":"Singing Bowl","floor":39},{"not_picked":["Perfected Strike+1","Cleave+1","Evolve"],"picked":"Singing Bowl","floor":41}],"player_experience":141200,"relics_obtained":[{"floor":7.0,"key":"Boot"},{"floor":9.0,"key":"Molten Egg 2"},{"floor":10.0,"key":"Old Coin"},{"floor":12.0,"key":"Vajra"},{"floor":23,"key":"Bronze Scales"},{"floor":25,"key":"Blue Candle"},{"floor":26,"key":"Whetstone"},{"floor":39,"key":"Turnip"}],"event_choices":[{"cards_removed":["Defend_R"],"damage_healed":0.0,"max_hp_gain":0.0,"max_hp_loss":0.0,"gold_gain":0.0,"event_name":"Designer","player_choice":"Upgrade and Remove","floor":21.0,"gold_loss":90.0,"damage_taken":0.0,"cards_upgraded":["Strike_R"]},{"damage_healed":0,"gold_gain":0,"player_choice":"Embrace Madness","damage_taken":11,"max_hp_gain":0,"max_hp_loss":0,"event_name":"Winding Halls","floor":37,"gold_loss":0,"cards_obtained":["Madness","Madness"]},{"damage_healed":0,"gold_gain":0,"player_choice":"Memory 3","damage_taken":10,"max_hp_gain":0,"max_hp_loss":0,"event_name":"SensoryStone","floor":38,"gold_loss":0},{"damage_healed":0,"gold_gain":0,"player_choice":"Fight","damage_taken":0,"max_hp_gain":0,"max_hp_loss":0,"event_name":"MindBloom","floor":39,"gold_loss":0}],"is_beta":true,"boss_relics":[{"not_picked":["Calling Bell","Philosopher\u0027s Stone"],"picked":"Sozu"},{"not_picked":["Lizard Tail","Coffee Dripper"],"picked":"Runic Cube"}],"items_purged_floors":[4,19],"is_endless":false,"potions_floor_spawned":[1,3,10,12,20,25,30,31,41],"killed_by":"Writhing Mass","ascension_level":8}