{"gold_per_floor":[115,133,58,233,233,233,244,244,267,286,286,286,12,27,27,126,126,91,109,109,121,121,32,43,43,43,58,58,58,58,75,75,170,170,182,282,282,282,77,77],"floor_reached":40,"playtime":2093,"items_purged":["Strike_R","Strike_R"],"score":398,"play_id":"09715aec-9b75-43d4-a5b5-699f8f34b399","local_time":"20181215012757","is_ascension_mode":false,"campfire_choices":[{"data":"Rampage","floor":6,"key":"SMITH"},{"floor":8,"key":"RECALL"},{"floor":12,"key":"REST"},{"data":"Apotheosis","floor":15,"key":"SMITH"},{"floor":25,"key":"REST"},{"floor":32,"key":"REST"}],"neow_cost":"PERCENT_DAMAGE","seed_source_timestamp":1709390257193581,"circlet_count":0,"master_deck":["Strike_R","Strike_R","Defend_R","Defend_R","Defend_R","Bash","Rampage+1","Uppercut","Rage","Apotheosis+1","Power Through","Feed","True Grit+1","Spot Weakness","Flash of Steel","Seeing Red","Reaper","Anger","Dramatic Entrance"],"relics":["Burning Blood","Spirit Poop","Strawberry","Lizard Tail","Juzu Bracelet","Fusion Hammer","Du-Vu Doll","HandDrill"],"potions_floor_usage":[16,16,16,16,16,21,33,33,40,40],"damage_taken":[{"damage":1,"enemies":"2 Louse","floor":1,"turns":4},{"damage":6,"enemies":"Cultist","floor":2,"turns":3},{"damage":8,"enemies":"Small Slimes","floor":7,"turns":4},{"damage":15,"enemies":"Exordium Thugs","floor":10,"turns":4},{"damage":17,"enemies":"Gremlin Gang","floor":14,"turns":5},{"damage":17,"enemies":"Hexaghost","floor":16,"turns":7},{"damage":27,"enemies":"2 Thieves","floor":18,"turns":5},{"damage":32,"enemies":"Spheric Guardian","floor":19,"turns":6},{"damage":22,"enemies":"Centurion and Healer","floor":21,"turns":7},{"damage":43,"enemies":"Snecko","floor":24,"turns":8},{"damage":41,"enemies":"Snake Plant","floor":27,"turns":7},{"damage":27,"enemies":"Cultist and Chosen","floor":31,"turns":6},{"damage":73,"enemies":"Automaton","floor":33,"turns":12},{"damage":50,"enemies":"3 Shapes","floor":35,"turns":7},{"damage":13,"enemies":"Mind Bloom Boss Battle","floor":36,"turns":8},{"damage":94,"enemies":"Giant Head","floor":40,"turns":9}],"seed_played":"5719900077843589156","potions_obtained":[{"floor":1,"key":"Fire Potion"},{"floor":7,"key":"LiquidBronze"},{"floor":14,"key":"EntropicBrew"},{"floor":19,"key":"SkillPotion"},{"floor":27,"key":"Block Potion"},{"floor":31,"key":"GamblersBrew"},{"floor":35,"key":"Weak Potion"}],"is_trial":false,"path_per_floor":["M","M","$","?","?","R","M","R","T","M","?","R","$","M","R","B",null,"M","M","$","M","T","$","M","R","T","M","$","?","?","M","R","B",null,"M","?","?","?","$","E"],"character_chosen":"IRONCLAD","items_purchased":["Apotheosis","Flash of Steel","HandDrill"],"campfire_rested":3,"item_purchase_floors":[13,23,39],"current_hp_per_floor":[61,61,61,61,61,61,59,59,66,57,57,83,83,72,72,61,87,70,44,44,32,32,32,57,86,86,51,51,84,84,63,92,25,99,70,76,76,76,76,0],"gold":77,"neow_bonus":"REMOVE_TWO","is_prod":false,"is_daily":false,"chose_seed":false,"campfire_upgraded":2,"win_rate":0,"timestamp":1544797677,"path_taken":["M","M","$","?","?","R","M","R","T","?","?","R","?","?","R","BOSS","M","?","$","M","?","$","M","R","T","M","?","?","?","M","R","BOSS","M","?","?","?","$","E"],"build_version":"2018-12-13","purchased_purges":2,"victory":false,"max_hp_per_floor":[80,80,80,80,80,80,80,80,87,87,87,87,87,87,87,87,87,91,91,91,95,95,95,99,99,99,99,99,99,99,99,99,99,99,99,99,99,99,99,99],"card_choices":[{"not_picked":["Intimidate","Inflame"],"picked":"Rampage","floor":1},{"not_picked":["Thunderclap","Power Through","Perfected Strike"],"picked":"SKIP","floor":2},{"not_picked":["Wild Strike","Flex"],"picked":"Uppercut","floor":7},{"not_picked":["Pummel","Shockwave"],"picked":"Rage","floor":10},{"not_picked":["Thunderclap","Clothesline"],"picked":"Power Through","floor":14},{"not_picked":["Reaper","Bludgeon"],"picked":"Feed","floor":16},{"not_picked":["Wild Strike","Sword Boomerang+1"],"picked":"True Grit+1","floor":18},{"not_picked":["Wild Strike","Corruption"],"picked":"Spot Weakness","floor":19},{"not_picked":["Intimidate","Ghostly Armor","Uppercut"],"picked":"SKIP","floor":21},{"not_picked":["True Grit","Twin Strike","Ghostly Armor"],"picked":"SKIP","floor":24},{"not_picked":["Armaments+1","Evolve"],"picked":"Seeing Red","floor":27},{"not_picked":["Cleave","Uppercut","Sever Soul"],"picked":"SKIP","floor":31},{"not_picked":["Fiend Fire","Dark Embrace"],"picked":"Reaper","floor":33},{"not_picked":["Wild Strike","Iron Wave+1","Corruption"],"picked":"SKIP","floor":35},{"not_picked":["Perfected Strike+1","Disarm+1"],"picked":"Anger","floor":36},{"not_picked":["HandOfGreed","Mind Blast"],"picked":"Dramatic Entrance","floor":38}],"player_experience":234591,"relics_obtained":[{"floor":9,"key":"Strawberry"},{"floor":22,"key":"Juzu Bracelet"},{"floor":36,"key":"Du-Vu Doll"}],"event_choices":[{"damage_healed":0,"gold_gain":175,"player_choice":"AGREE","damage_taken":0,"max_hp_gain":0,"max_hp_loss":0,"event_name":"Liars Game","floor":4,"gold_loss":0,"cards_obtained":["Doubt"]},{"cards_removed":["Doubt"],"damage_healed":0,"gold_gain":0,"player_choice":"Offered Curse","damage_taken":0,"relics_obtained":["Spirit Poop"],"max_hp_gain":0,"max_hp_loss":0,"event_name":"Bonfire Elementals","floor":5,"gold_loss":0},{"damage_healed":0,"gold_gain":0,"player_choice":"Ignored","damage_taken":0,"max_hp_gain":0,"max_hp_loss":0,"event_name":"Shining Light","floor":11,"gold_loss":0},{"damage_healed":33,"gold_gain":0,"player_choice":"Heal","damage_taken":0,"max_hp_gain":0,"max_hp_loss":0,"event_name":"The Library","floor":29,"gold_loss":0},{"damage_healed":0,"gold_gain":0,"player_choice":"Ignored","damage_taken":0,"max_hp_gain":0,"max_hp_loss":0,"event_name":"Beggar","floor":30,"gold_loss":0},{"damage_healed":0,"gold_gain":0,"player_choice":"Fight","damage_taken":0,"max_hp_gain":0,"max_hp_loss":0,"event_name":"MindBloom","floor":36,"gold_loss":0},{"damage_healed":0,"gold_gain":0,"player_choice":"Ignored","damage_taken":0,"max_hp_gain":0,"max_hp_loss":0,"event_name":"Tomb of Lord Red Mask","floor":37,"gold_loss":0},{"damage_healed":0,"gold_gain":0,"player_choice":"Memory 1","damage_taken":0,"max_hp_gain":0,"max_hp_loss":0,"event_name":"SensoryStone","floor":38,"gold_loss":0}],"is_beta":false,"boss_relics":[{"not_picked":["White Beast Statue","Empty Cage"],"picked":"Lizard Tail"},{"not_picked":["Runic Dome","Astrolabe"],"picked":"Fusion Hammer"}],"items_purged_floors":[3,13],"is_endless":false,"potions_floor_spawned":[1,7,14,18,19,27,31,35],"killed_by":"Giant Head","ascension_level":0}