{"gold_per_floor":[12,29,29,104,122,151,151,166,213,233,245,245,257,257,257,257],"floor_reached":16,"playtime":334,"items_purged":[],"score":104,"play_id":"cac2687d-edbb-470a-8727-f0a1be0c2994","local_time":"20190521185419","is_ascension_mode":false,"campfire_choices":[{"data":"Searing Blow","floor":7,"key":"SMITH"},{"data":"Searing Blow+1","floor":12,"key":"SMITH"},{"data":"Searing Blow+2","floor":15,"key":"SMITH"}],"neow_cost":"NO_GOLD","seed_source_timestamp":29015721555389,"circlet_count":0,"master_deck":["Strike_R","Strike_R","Strike_R","Strike_R","Strike_R","Defend_R","Defend_R","Defend_R","Defend_R","Bash","Immolate","Searing Blow+3","Battle Trance"],"relics":["Burning Blood","Mummified Hand","Orichalcum"],"potions_floor_usage":[16,16,16],"damage_taken":[{"damage":6,"enemies":"Cultist","floor":1,"turns":3},{"damage":6,"enemies":"Jaw Worm","floor":2,"turns":3},{"damage":0,"enemies":"2 Louse","floor":5,"turns":2},{"damage":23,"enemies":"3 Sentries","floor":6,"turns":5},{"damage":8,"enemies":"Red Slaver","floor":8,"turns":2},{"damage":0,"enemies":"3 Louse","floor":10,"turns":1},{"damage":1,"enemies":"2 Fungi Beasts","floor":11,"turns":2},{"damage":11,"enemies":"Exordium Thugs","floor":13,"turns":3},{"damage":65,"enemies":"Hexaghost","floor":16,"turns":9}],"seed_played":"-5650872718127721730","potions_obtained":[{"floor":1,"key":"SpeedPotion"},{"floor":2,"key":"SkillPotion"},{"floor":10,"key":"Energy Potion"}],"is_trial":false,"path_per_floor":["M","M","?","?","M","E","R","M","T","M","M","R","M","?","R","B"],"character_chosen":"IRONCLAD","items_purchased":[],"campfire_rested":0,"item_purchase_floors":[],"current_hp_per_floor":[80,80,80,72,78,61,61,59,59,65,70,70,65,65,65,0],"gold":257,"neow_bonus":"THREE_RARE_CARDS","is_prod":false,"is_daily":false,"chose_seed":false,"campfire_upgraded":3,"win_rate":0,"timestamp":1558436059,"path_taken":["M","M","?","?","M","E","R","M","T","?","M","R","M","?","R","BOSS"],"build_version":"2019-01-23","purchased_purges":0,"victory":false,"max_hp_per_floor":[80,80,80,80,80,80,80,80,80,80,80,80,80,80,80,80],"card_choices":[{"not_picked":["Bludgeon","Impervious"],"picked":"Immolate","floor":0},{"not_picked":["Whirlwind","Anger","Corruption"],"picked":"SKIP","floor":1},{"not_picked":["Infernal Blade","Cleave"],"picked":"Searing Blow","floor":2},{"not_picked":["Shockwave","True Grit","Wild Strike"],"picked":"SKIP","floor":5},{"not_picked":["Ghostly Armor","Wild Strike","Warcry"],"picked":"SKIP","floor":6},{"not_picked":["Inflame","Clash","Bloodletting"],"picked":"SKIP","floor":8},{"not_picked":["Perfected Strike","Immolate"],"picked":"Battle Trance","floor":10},{"not_picked":["Flame Barrier","Anger","Shrug It Off"],"picked":"SKIP","floor":11},{"not_picked":["Flex","Clash","Reckless Charge"],"picked":"SKIP","floor":13}],"player_experience":925627,"relics_obtained":[{"floor":6,"key":"Mummified Hand"},{"floor":9,"key":"Orichalcum"}],"event_choices":[{"damage_healed":0,"gold_gain":0,"player_choice":"Leave","damage_taken":0,"max_hp_gain":0,"max_hp_loss":0,"event_name":"The Cleric","floor":3,"gold_loss":0},{"damage_healed":0,"gold_gain":75,"player_choice":"Touch","damage_taken":8,"max_hp_gain":0,"max_hp_loss":0,"event_name":"FaceTrader","floor":4,"gold_loss":0},{"damage_healed":0,"gold_gain":0,"player_choice":"Ignored","damage_taken":0,"max_hp_gain":0,"max_hp_loss":0,"event_name":"NoteForYourself","floor":14,"gold_loss":0}],"is_beta":false,"boss_relics":[],"items_purged_floors":[],"is_endless":false,"potions_floor_spawned":[1,2,10,11],"killed_by":"Hexaghost","ascension_level":0}