{"gold_per_floor":[112,112,112,183,198,241,241,199,199,116,191,224,224,237,237,330,330,343,343,343,343,366,366,366],"floor_reached":24,"playtime":792,"items_purged":[],"score":424,"play_id":"4e4fe738-2564-4575-a9cd-ffd994286716","local_time":"20190307162154","is_ascension_mode":true,"campfire_choices":[{"data":"Armaments","floor":7,"key":"SMITH"},{"floor":13,"key":"REST"},{"floor":15,"key":"REST"},{"floor":23,"key":"REST"}],"neow_cost":"NONE","seed_source_timestamp":99460175817860,"circlet_count":0,"master_deck":["AscendersBane","Strike_R","Strike_R","Strike_R","Strike_R","Defend_R","Defend_R","Defend_R","Defend_R","Bash","Armaments+1","Uppercut","Feel No Pain","Metallicize","Burning Pact","Limit Break","Armaments","Clothesline","Feed","Heavy Blade","RitualDagger"],"relics":["Burning Blood","NeowsBlessing","Golden Idol","Pen Nib","Unceasing Top","Pantograph","Mark of Pain","Enchiridion","Potion Belt"],"potions_floor_usage":[12,16,18,18,24],"damage_taken":[{"damage":0,"enemies":"Jaw Worm","floor":1,"turns":1},{"damage":0,"enemies":"2 Louse","floor":5,"turns":1},{"damage":0,"enemies":"3 Sentries","floor":6,"turns":2},{"damage":25,"enemies":"Lagavulin","floor":12,"turns":10},{"damage":6,"enemies":"Small Slimes","floor":14,"turns":5},{"damage":70,"enemies":"Slime Boss","floor":16,"turns":18},{"damage":10,"enemies":"3 Byrds","floor":18,"turns":3},{"damage":57,"enemies":"Book of Stabbing","floor":24,"turns":6}],"seed_played":"-559243040386717564","potions_obtained":[{"floor":5,"key":"PowerPotion"},{"floor":6,"key":"Dexterity Potion"},{"floor":12,"key":"Poison Potion"},{"floor":16,"key":"LiquidBronze"},{"floor":18,"key":"Explosive Potion"}],"is_trial":false,"path_per_floor":["M","?","?","?","M","E","R","$","T","$","?","E","R","M","R","B",null,"M","?","?","?","T","R","E"],"character_chosen":"IRONCLAD","items_purchased":["Burning Pact","Limit Break"],"campfire_rested":3,"item_purchase_floors":[8,10],"current_hp_per_floor":[74,74,48,48,54,60,60,60,60,60,49,30,52,52,74,11,59,58,58,37,31,31,54,0],"gold":366,"neow_bonus":"THREE_ENEMY_KILL","is_prod":false,"is_daily":false,"chose_seed":false,"campfire_upgraded":1,"win_rate":0,"timestamp":1551936114,"path_taken":["M","?","?","?","M","E","R","$","T","$","?","E","R","M","R","BOSS","M","?","?","?","?","R","E"],"build_version":"2019-01-23","purchased_purges":0,"victory":false,"max_hp_per_floor":[75,75,75,75,75,75,75,75,75,75,75,75,75,75,75,75,75,78,78,78,78,78,78,78],"card_choices":[{"not_picked":["Rampage","Sword Boomerang"],"picked":"Armaments","floor":1},{"not_picked":["Battle Trance","Searing Blow"],"picked":"Feel No Pain","floor":5},{"not_picked":["Blood for Blood","Bloodletting"],"picked":"Metallicize","floor":6},{"not_picked":["Pommel Strike","Warcry"],"picked":"Armaments","floor":12},{"not_picked":["Clash","Thunderclap"],"picked":"Clothesline","floor":14},{"not_picked":["Fiend Fire","Bludgeon"],"picked":"Feed","floor":16},{"not_picked":["Flex","Warcry"],"picked":"Heavy Blade","floor":18}],"player_experience":824905,"relics_obtained":[{"floor":6,"key":"Pen Nib"},{"floor":9,"key":"Unceasing Top"},{"floor":12,"key":"Pantograph"},{"floor":20,"key":"Enchiridion"},{"floor":22,"key":"Potion Belt"}],"event_choices":[{"damage_healed":0,"gold_gain":0,"cards_transformed":["Strike_R"],"player_choice":"Change","damage_taken":0,"max_hp_gain":0,"max_hp_loss":0,"event_name":"Living Wall","floor":2,"gold_loss":0,"cards_obtained":["Uppercut"]},{"damage_healed":0,"gold_gain":0,"player_choice":"Take Damage","damage_taken":26,"relics_obtained":["Golden Idol"],"max_hp_gain":0,"max_hp_loss":0,"event_name":"Golden Idol","floor":3,"gold_loss":0},{"damage_healed":0,"gold_gain":71,"player_choice":"Gained Gold","damage_taken":0,"max_hp_gain":0,"max_hp_loss":0,"event_name":"Golden Wing","floor":4,"gold_loss":0},{"damage_healed":0,"gold_gain":75,"player_choice":"Gather Gold","damage_taken":11,"max_hp_gain":0,"max_hp_loss":0,"event_name":"World of Goop","floor":11,"gold_loss":0},{"damage_healed":0,"gold_gain":0,"player_choice":"Ignored","damage_taken":0,"max_hp_gain":0,"max_hp_loss":0,"event_name":"Ghosts","floor":19,"gold_loss":0},{"damage_healed":0,"gold_gain":0,"player_choice":"Obtained Book","damage_taken":21,"max_hp_gain":0,"max_hp_loss":0,"event_name":"Cursed Tome","floor":20,"gold_loss":0},{"damage_healed":0,"gold_gain":0,"player_choice":"Joined the Cult","damage_taken":6,"max_hp_gain":0,"max_hp_loss":0,"event_name":"Nest","floor":21,"gold_loss":0,"cards_obtained":["RitualDagger"]}],"is_beta":false,"boss_relics":[{"not_picked":["Coffee Dripper","Philosopher\u0027s Stone"],"picked":"Mark of Pain"}],"items_purged_floors":[],"is_endless":false,"potions_floor_spawned":[5,6,12,16,18],"killed_by":"Book of Stabbing","ascension_level":18}