{"gold_per_floor":[113,127,127,147,147,147,165,68,68,68,143,154,154,185,185,288,288,302,217,230,64,64],"floor_reached":22,"playtime":1121,"items_purged":["Defend_R"],"score":184,"play_id":"8d403c6f-d5e2-42d6-8e23-a7be4e60b23a","local_time":"20181213170612","is_ascension_mode":false,"campfire_choices":[{"floor":6,"key":"RECALL"},{"floor":10,"key":"REST"},{"floor":13,"key":"REST"},{"floor":15,"key":"REST"}],"neow_cost":"TEN_PERCENT_HP_LOSS","seed_source_timestamp":1668042259068689,"circlet_count":0,"master_deck":["Strike_R","Strike_R","Strike_R","Defend_R","Defend_R","Defend_R","Bash","Corruption","Rampage","Iron Wave","Armaments","Purity","True Grit","Ghostly Armor","Barricade","Headbutt","Panacea"],"relics":["Burning Blood","Ice Cream","Bottled Tornado","Self Forming Clay","Philosopher\u0027s Stone","Dream Catcher"],"potions_floor_usage":[14],"damage_taken":[{"damage":11,"enemies":"Jaw Worm","floor":1,"turns":4},{"damage":12,"enemies":"Small Slimes","floor":2,"turns":4},{"damage":5,"enemies":"2 Louse","floor":4,"turns":2},{"damage":7,"enemies":"Large Slime","floor":7,"turns":7},{"damage":17,"enemies":"2 Fungi Beasts","floor":12,"turns":4},{"damage":41,"enemies":"Gremlin Nob","floor":14,"turns":6},{"damage":36,"enemies":"The Guardian","floor":16,"turns":11},{"damage":36,"enemies":"Spheric Guardian","floor":18,"turns":9},{"damage":18,"enemies":"Chosen","floor":20,"turns":10},{"damage":41,"enemies":"Colosseum Slavers","floor":22,"turns":4}],"seed_played":"4913256604514811950","potions_obtained":[{"floor":4,"key":"Strength Potion"},{"floor":12,"key":"SteroidPotion"},{"floor":14,"key":"BloodPotion"},{"floor":18,"key":"GamblersBrew"}],"is_trial":false,"path_per_floor":["M","M","?","M","?","R","M","$","T","R","?","M","R","E","R","B",null,"M","?","M","$","?"],"character_chosen":"IRONCLAD","items_purchased":["Purity","Panacea"],"campfire_rested":3,"item_purchase_floors":[8,21],"current_hp_per_floor":[67,61,54,55,55,55,54,54,54,72,61,50,71,36,57,27,72,42,42,30,30,0],"gold":64,"neow_bonus":"ONE_RARE_RELIC","is_prod":false,"is_daily":false,"chose_seed":false,"campfire_upgraded":0,"win_rate":0,"timestamp":1544681172,"path_taken":["M","M","?","M","?","R","M","$","T","R","?","M","R","E","R","BOSS","M","?","M","$","?"],"build_version":"2018-12-06","purchased_purges":1,"victory":false,"max_hp_per_floor":[72,72,72,72,72,72,72,72,72,72,72,72,72,72,72,72,72,72,72,72,72,72],"card_choices":[{"not_picked":["Sword Boomerang","Battle Trance"],"picked":"Corruption","floor":1},{"not_picked":["Shockwave","Reckless Charge","Carnage"],"picked":"SKIP","floor":2},{"not_picked":["Clothesline","Wild Strike"],"picked":"Rampage","floor":4},{"not_picked":["Combust","Clothesline"],"picked":"Armaments","floor":7},{"not_picked":["Havoc","Corruption"],"picked":"True Grit","floor":12},{"not_picked":["Iron Wave","Battle Trance"],"picked":"Ghostly Armor","floor":14},{"not_picked":["Feed","Demon Form"],"picked":"Barricade","floor":16},{"not_picked":["Headbutt+1","Pommel Strike+1","Flex"],"picked":"SKIP","floor":18},{"not_picked":["Ghostly Armor","Havoc"],"picked":"Headbutt","floor":20}],"player_experience":222702,"relics_obtained":[{"floor":9,"key":"Bottled Tornado"},{"floor":14,"key":"Self Forming Clay"}],"event_choices":[{"cards_removed":["Strike_R"],"damage_healed":0,"gold_gain":0,"player_choice":"Card Removal","damage_taken":7,"max_hp_gain":0,"max_hp_loss":0,"event_name":"Golden Wing","floor":3,"gold_loss":0},{"damage_healed":0,"gold_gain":0,"cards_transformed":["Strike_R"],"player_choice":"Change","damage_taken":0,"max_hp_gain":0,"max_hp_loss":0,"event_name":"Living Wall","floor":5,"gold_loss":0,"cards_obtained":["Iron Wave"]},{"damage_healed":0,"gold_gain":75,"player_choice":"Gather Gold","damage_taken":11,"max_hp_gain":0,"max_hp_loss":0,"event_name":"World of Goop","floor":11,"gold_loss":0},{"damage_healed":0,"gold_gain":0,"player_choice":"Obtained Relic","damage_taken":0,"relics_obtained":["Dream Catcher"],"max_hp_gain":0,"max_hp_loss":0,"event_name":"Addict","floor":19,"gold_loss":85},{"damage_healed":0,"gold_gain":0,"player_choice":"Fight","damage_taken":0,"max_hp_gain":0,"max_hp_loss":0,"event_name":"Colosseum","floor":22,"gold_loss":0}],"is_beta":false,"boss_relics":[{"not_picked":["Cursed Key","Ectoplasm"],"picked":"Philosopher\u0027s Stone"}],"items_purged_floors":[21],"is_endless":false,"potions_floor_spawned":[4,12,14,18],"killed_by":"Colosseum Slavers","ascension_level":0}