{"gold_per_floor":[119,119,95,112,112,112,122,152,206,107,34,34,44,62,62,159,159,171,171,185,100,110,110,137,21,66,66],"floor_reached":27,"playtime":1829,"items_purged":["Strike_B"],"score":300,"play_id":"85eff2ae-7858-4904-9cc0-6556e390fb9e","local_time":"20190131174410","is_ascension_mode":true,"campfire_choices":[{"data":"Defragment","floor":6.0,"key":"SMITH"},{"floor":12.0,"key":"REST"},{"floor":15.0,"key":"REST"},{"floor":23.0,"key":"REST"}],"neow_cost":"NONE","seed_source_timestamp":1968527509779,"circlet_count":0,"master_deck":["Strike_B","Strike_B","Defend_B","Defend_B","Defend_B","Defend_B","Zap","Dualcast","Coolheaded","Defragment+1","Gash","Redo","Gash","Turbo","Cold Snap","Chill","Loop","Amplify","Creative AI","Beam Cell+1","Streamline","Leap+1","Go for the Eyes","Capacitor","Blizzard"],"special_seed":0,"relics":["Cracked Core","Ancient Tea Set","Smiling Mask","Centennial Puzzle","Tiny Chest","Nuclear Battery","Matryoshka","Strawberry","Dream Catcher","Anchor"],"potions_floor_usage":[27],"damage_taken":[{"damage":4.0,"enemies":"Jaw Worm","floor":1.0,"turns":4.0},{"damage":0.0,"enemies":"Cultist","floor":4.0,"turns":3.0},{"damage":8.0,"enemies":"2 Louse","floor":7.0,"turns":3.0},{"damage":22.0,"enemies":"3 Sentries","floor":8.0,"turns":7.0},{"damage":6.0,"enemies":"2 Fungi Beasts","floor":13.0,"turns":4.0},{"damage":0.0,"enemies":"Blue Slaver","floor":14.0,"turns":4.0},{"damage":23.0,"enemies":"The Guardian","floor":16.0,"turns":13.0},{"damage":27.0,"enemies":"3 Byrds","floor":18.0,"turns":6.0},{"damage":11.0,"enemies":"Shell Parasite","floor":20.0,"turns":8.0},{"damage":15.0,"enemies":"Shelled Parasite and Fungi","floor":22.0,"turns":6.0},{"damage":38.0,"enemies":"Gremlin Leader","floor":24.0,"turns":9.0},{"damage":16,"enemies":"Centurion and Healer","floor":27,"turns":2}],"seed_played":"825421567593713212","potions_obtained":[{"floor":7.0,"key":"PowerPotion"},{"floor":8.0,"key":"Fruit Juice"},{"floor":13.0,"key":"Energy Potion"},{"floor":16.0,"key":"Energy Potion"},{"floor":18.0,"key":"EssenceOfSteel"},{"floor":20.0,"key":"EssenceOfSteel"},{"floor":24.0,"key":"GamblersBrew"}],"is_trial":false,"path_per_floor":["M","?","$","M","?","R","M","E","T","$","$","R","M","M","R","B",null,"M","?","M","?","M","R","E","$","T","M"],"character_chosen":"DEFECT","items_purchased":["Gash","Cold Snap","Chill","Capacitor","Blizzard"],"campfire_rested":3,"item_purchase_floors":[3,10,11,25,25],"current_hp_per_floor":[64,64,64,64,57,57,49,32,32,32,32,56,50,50,74,51,73,46,46,35,35,20,44,13,13,13,0],"gold":66,"neow_bonus":"RANDOM_COMMON_RELIC","is_prod":false,"is_daily":false,"chose_seed":false,"campfire_upgraded":1,"win_rate":0,"timestamp":1548917050,"path_taken":["M","?","$","?","?","R","M","E","T","?","$","R","M","M","R","BOSS","M","?","M","?","M","R","E","?","T","M"],"build_version":"2019-01-23","purchased_purges":1,"victory":false,"max_hp_per_floor":[75,75,75,75,75,75,75,80,80,80,80,80,80,80,80,80,80,80,80,80,80,80,80,87,87,87,87],"card_choices":[{"not_picked":["Heatsinks","Fusion"],"picked":"Coolheaded","floor":1.0},{"not_picked":["Ball Lightning","Steam"],"picked":"Redo","floor":4.0},{"not_picked":["Go for the Eyes","Darkness"],"picked":"Gash","floor":7.0},{"not_picked":["Beam Cell","Fusion"],"picked":"Turbo","floor":8.0},{"not_picked":["Rebound","Coolheaded"],"picked":"Loop","floor":13.0},{"not_picked":["Redo","Beam Cell"],"picked":"Amplify","floor":14.0},{"not_picked":["Core Surge","All For One"],"picked":"Creative AI","floor":16.0},{"not_picked":["Melter","Sweeping Beam+1"],"picked":"Beam Cell+1","floor":18.0},{"not_picked":["Genetic Algorithm","Barrage"],"picked":"Streamline","floor":20.0},{"not_picked":["Doom and Gloom+1","White Noise"],"picked":"Leap+1","floor":22.0},{"not_picked":["Streamline","Consume+1"],"picked":"Go for the Eyes","floor":24.0}],"player_experience":591038,"relics_obtained":[{"floor":8.0,"key":"Centennial Puzzle"},{"floor":9.0,"key":"Tiny Chest"},{"floor":24.0,"key":"Strawberry"},{"floor":26.0,"key":"Dream Catcher"},{"floor":26.0,"key":"Anchor"}],"event_choices":[{"damage_healed":0.0,"max_hp_gain":0.0,"max_hp_loss":0.0,"gold_gain":0.0,"cards_transformed":["Strike_B"],"event_name":"Transmorgrifier","player_choice":"Transformed","floor":2.0,"gold_loss":0.0,"damage_taken":0.0,"cards_obtained":["Defragment"]},{"damage_healed":0.0,"max_hp_gain":0.0,"max_hp_loss":0.0,"gold_gain":0.0,"event_name":"Scrap Ooze","player_choice":"Success","floor":5.0,"gold_loss":0.0,"damage_taken":7.0,"relics_obtained":["Smiling Mask"]},{"damage_healed":0.0,"max_hp_gain":0.0,"max_hp_loss":0.0,"gold_gain":0.0,"event_name":"Ghosts","player_choice":"Ignored","floor":19.0,"gold_loss":0.0,"damage_taken":0.0},{"damage_healed":0.0,"max_hp_gain":0.0,"max_hp_loss":0.0,"gold_gain":0.0,"event_name":"Addict","player_choice":"Obtained Relic","floor":21.0,"gold_loss":85.0,"damage_taken":0.0,"relics_obtained":["Matryoshka"]}],"is_beta":false,"boss_relics":[{"not_picked":["Calling Bell","White Beast Statue"],"picked":"Nuclear Battery"}],"items_purged_floors":[10],"is_endless":false,"potions_floor_spawned":[7,8,13,16,18,20,24],"killed_by":"Centurion and Healer","ascension_level":6}