{"gold_per_floor":[112,131,141,160,176,190,215,215,238,252,269,269,65,84,84,181,181,199,218,228,242,242,242,242],"floor_reached":24,"playtime":1928,"items_purged":[],"score":445,"play_id":"df7bf328-a6df-4df6-9504-3206ddf8b6f3","local_time":"20190623010524","is_ascension_mode":true,"campfire_choices":[{"data":"Defragment","floor":8.0,"key":"SMITH"},{"floor":12.0,"key":"REST"},{"floor":15.0,"key":"REST"},{"data":"Machine Learning","floor":23.0,"key":"SMITH"}],"neow_cost":"PERCENT_DAMAGE","seed_source_timestamp":0,"circlet_count":0,"master_deck":["Strike_B","Strike_B","Defend_B","Defend_B","Defend_B","Zap","Dualcast","Ball Lightning","Glacier","Auto Shields","Defragment+1","Coolheaded","Defragment","Glacier","Reboot","Cold Snap","Defragment+1","Machine Learning+1","Force Field+1","Gash+1","Compile Driver+1","Rebound","Sweeping Beam+1","Storm","Capacitor"],"special_seed":0,"relics":["Cracked Core","Kunai","Blood Vial","DollysMirror","Astrolabe"],"potions_floor_usage":[],"damage_taken":[{"damage":6.0,"enemies":"Jaw Worm","floor":1.0,"turns":4.0},{"damage":7.0,"enemies":"Small Slimes","floor":2.0,"turns":4.0},{"damage":1.0,"enemies":"Cultist","floor":3.0,"turns":3.0},{"damage":1.0,"enemies":"Large Slime","floor":4.0,"turns":4.0},{"damage":4.0,"enemies":"Exordium Thugs","floor":5.0,"turns":4.0},{"damage":1.0,"enemies":"Looter","floor":6.0,"turns":3.0},{"damage":22.0,"enemies":"3 Sentries","floor":7.0,"turns":7.0},{"damage":0.0,"enemies":"Large Slime","floor":10.0,"turns":6.0},{"damage":14.0,"enemies":"Lots of Slimes","floor":11.0,"turns":6.0},{"damage":1.0,"enemies":"2 Fungi Beasts","floor":14.0,"turns":4.0},{"damage":0.0,"enemies":"Slime Boss","floor":16.0,"turns":11.0},{"damage":0.0,"enemies":"Chosen","floor":18.0,"turns":6.0},{"damage":19.0,"enemies":"3 Byrds","floor":19.0,"turns":6.0},{"damage":10.0,"enemies":"3 Cultists","floor":20.0,"turns":6.0},{"damage":7.0,"enemies":"Snecko","floor":21.0,"turns":6.0},{"damage":23.0,"enemies":"Colosseum Slavers","floor":22.0,"turns":5.0},{"damage":22,"enemies":"Gremlin Leader","floor":24,"turns":1}],"seed_played":"3724497575141693435","potions_obtained":[{"floor":2.0,"key":"GamblersBrew"},{"floor":3.0,"key":"Poison Potion"},{"floor":4.0,"key":"Energy Potion"},{"floor":5.0,"key":"Swift Potion"},{"floor":7.0,"key":"SteroidPotion"},{"floor":16.0,"key":"FocusPotion"},{"floor":18.0,"key":"SteroidPotion"},{"floor":21.0,"key":"EssenceOfSteel"}],"is_trial":false,"path_per_floor":["M","M","M","M","M","M","E","R","T","M","M","R","$","M","R","B",null,"M","M","M","M","?","R","E"],"character_chosen":"DEFECT","items_purchased":["DollysMirror"],"campfire_rested":2,"item_purchase_floors":[13],"current_hp_per_floor":[48,41,40,39,35,34,12,12,12,14,2,24,24,25,47,49,69,71,54,46,41,20,20,0],"gold":242,"neow_bonus":"THREE_RARE_CARDS","is_prod":false,"is_daily":false,"chose_seed":false,"campfire_upgraded":2,"win_rate":0,"timestamp":1561266324,"path_taken":["M","M","M","M","M","M","E","R","T","M","M","R","$","M","R","BOSS","M","M","M","M","?","R","E"],"build_version":"2019-01-23","purchased_purges":0,"victory":false,"max_hp_per_floor":[75,75,75,75,75,75,75,75,75,75,75,75,75,75,75,75,75,75,75,75,75,75,75,75],"card_choices":[{"not_picked":["Seek","Meteor Strike"],"picked":"Core Surge","floor":0.0},{"not_picked":["Go for the Eyes","Reinforced Body"],"picked":"Ball Lightning","floor":1.0},{"not_picked":["Steam","Blizzard"],"picked":"Glacier","floor":2.0},{"not_picked":["FTL","Turbo"],"picked":"Auto Shields","floor":3.0},{"not_picked":["Leap","Redo"],"picked":"Defragment","floor":4.0},{"not_picked":["Darkness","Rebound"],"picked":"Coolheaded","floor":5.0},{"not_picked":["Turbo","Leap"],"picked":"Defragment","floor":6.0},{"not_picked":["Gash","Hologram"],"picked":"Glacier","floor":7.0},{"not_picked":["Barrage","Turbo"],"picked":"Reboot","floor":10.0},{"not_picked":["Redo","Doom and Gloom"],"picked":"Cold Snap","floor":11.0},{"not_picked":["Chaos","Stack","Glacier"],"picked":"SKIP","floor":14.0},{"not_picked":["Rainbow","Core Surge"],"picked":"Machine Learning","floor":16.0},{"not_picked":["Scrape","Recycle+1"],"picked":"Rebound","floor":18.0},{"not_picked":["Turbo","Consume"],"picked":"Sweeping Beam+1","floor":19.0},{"not_picked":["Rebound","Compile Driver"],"picked":"Storm","floor":20.0},{"not_picked":["Double Energy","Barrage+1"],"picked":"Capacitor","floor":21.0}],"player_experience":336805,"relics_obtained":[{"floor":7.0,"key":"Kunai"},{"floor":9.0,"key":"Blood Vial"}],"event_choices":[{"damage_healed":0.0,"max_hp_gain":0.0,"max_hp_loss":0.0,"gold_gain":0.0,"event_name":"Colosseum","player_choice":"Fight","floor":22.0,"gold_loss":0.0,"damage_taken":0.0},{"damage_healed":0.0,"max_hp_gain":0.0,"max_hp_loss":0.0,"gold_gain":0.0,"event_name":"Colosseum","player_choice":"Fled From Nobs","floor":22.0,"gold_loss":0.0,"damage_taken":0.0}],"is_beta":false,"boss_relics":[{"not_picked":["Coffee Dripper","Orrery"],"picked":"Astrolabe"}],"items_purged_floors":[],"is_endless":false,"potions_floor_spawned":[2,3,4,5,7,16,18,21,22],"killed_by":"Gremlin Leader","ascension_level":5}