{"gold_per_floor":[16,27,45,59,77,107,18,18,18,18,18,18,18,33,33,132,132,113,113,132,30,30,30],"floor_reached":23,"playtime":2576,"items_purged":["Strike_R"],"score":216,"play_id":"3059ad61-728b-433a-b965-8925bea779b6","local_time":"20190304210019","is_ascension_mode":false,"campfire_choices":[{"floor":8.0,"key":"REST"},{"floor":11.0,"key":"REST"},{"data":"Flex","floor":13.0,"key":"SMITH"},{"data":"Rampage","floor":15.0,"key":"SMITH"}],"neow_cost":"NO_GOLD","seed_source_timestamp":0,"circlet_count":0,"master_deck":["Defend_R","Defend_R","Defend_R","Defend_R","Bash","Dark Shackles","Blind","Flex+1","Seeing Red","Iron Wave","Whirlwind","Inflame","Rupture","Bandage Up","Rampage+1","Feed","Armaments","Bite","Bite","Bite","Bite","Bite"],"special_seed":0,"relics":["Burning Blood","Bottled Lightning","The Courier","Black Star"],"potions_floor_usage":[18,23,23],"damage_taken":[{"damage":5.0,"enemies":"Small Slimes","floor":1.0,"turns":4.0},{"damage":0.0,"enemies":"Cultist","floor":2.0,"turns":2.0},{"damage":5.0,"enemies":"2 Louse","floor":3.0,"turns":3.0},{"damage":2.0,"enemies":"Exordium Wildlife","floor":4.0,"turns":5.0},{"damage":2.0,"enemies":"Blue Slaver","floor":5.0,"turns":6.0},{"damage":54.0,"enemies":"3 Sentries","floor":6.0,"turns":9.0},{"damage":0.0,"enemies":"Lots of Slimes","floor":14.0,"turns":1.0},{"damage":61.0,"enemies":"The Guardian","floor":16.0,"turns":12.0},{"damage":14,"enemies":"2 Thieves","floor":18,"turns":4},{"damage":29,"enemies":"Chosen","floor":20,"turns":5},{"damage":75,"enemies":"Book of Stabbing","floor":23,"turns":7}],"seed_played":"4597022909995238692","potions_obtained":[{"floor":2.0,"key":"Strength Potion"},{"floor":5.0,"key":"Block Potion"},{"floor":12.0,"key":"Block Potion"},{"floor":12.0,"key":"SkillPotion"},{"floor":18,"key":"BloodPotion"}],"is_trial":false,"path_per_floor":["M","M","M","M","M","E","$","R","T","$","R","?","R","M","R","B",null,"M","T","M","$","?","E"],"character_chosen":"IRONCLAD","items_purchased":["Bandage Up","Armaments"],"campfire_rested":2,"item_purchase_floors":[7,21],"current_hp_per_floor":[80,80,80,80,80,32,32,56,56,56,80,80,80,80,80,29,80,72,72,49,49,49,0],"gold":30,"neow_bonus":"RANDOM_COLORLESS_2","is_prod":false,"is_daily":false,"chose_seed":false,"campfire_upgraded":2,"win_rate":0,"timestamp":1551758419,"path_taken":["M","M","M","M","M","E","$","R","T","$","R","?","R","M","R","BOSS","M","?","M","$","?","E"],"build_version":"2019-01-23","purchased_purges":1,"victory":false,"max_hp_per_floor":[80,80,80,80,80,80,80,80,80,80,80,80,80,80,80,80,80,80,80,80,80,56,56],"card_choices":[{"not_picked":["Perfected Strike","Body Slam"],"picked":"Flex","floor":1.0},{"not_picked":["Rage","Reckless Charge"],"picked":"Seeing Red","floor":2.0},{"not_picked":["Heavy Blade","Shrug It Off"],"picked":"Iron Wave","floor":3.0},{"not_picked":["Twin Strike","Wild Strike"],"picked":"Whirlwind","floor":4.0},{"not_picked":["Heavy Blade","Perfected Strike"],"picked":"Inflame","floor":5.0},{"not_picked":["Clash","Perfected Strike"],"picked":"Rupture","floor":6.0},{"not_picked":["Sever Soul","Sword Boomerang"],"picked":"Rampage","floor":14.0},{"not_picked":["Impervious","Limit Break"],"picked":"Feed","floor":16.0},{"not_picked":["Sentinel+1","Clash","Clothesline"],"picked":"SKIP","floor":18},{"not_picked":["Clash","True Grit+1","Shrug It Off"],"picked":"SKIP","floor":20}],"player_experience":186180,"relics_obtained":[{"floor":6.0,"key":"Bottled Lightning"},{"floor":9.0,"key":"The Courier"}],"event_choices":[{"damage_healed":0.0,"max_hp_gain":0.0,"max_hp_loss":0.0,"gold_gain":0.0,"event_name":"Lab","player_choice":"Got Potions","floor":12.0,"gold_loss":0.0,"damage_taken":0.0},{"damage_healed":0,"gold_gain":0,"player_choice":"Became a vampire","damage_taken":0,"max_hp_gain":0,"max_hp_loss":24,"event_name":"Vampires","floor":22,"gold_loss":0,"cards_obtained":["Bite","Bite","Bite","Bite","Bite"]}],"is_beta":false,"boss_relics":[{"not_picked":["Runic Dome","Runic Cube"],"picked":"Black Star"}],"items_purged_floors":[21],"is_endless":false,"potions_floor_spawned":[2,5,14,18],"killed_by":"Book of Stabbing","ascension_level":0}