{"gold_per_floor":[119,139,414,432,357,386,298,327,327,327,327,96,96,109,109,204,204,220,195,209,249,249,285,285,304,329,363,363,363,280,299,299,390,390,406,196,212,434,434,434,484,504,504,519,519,543,543,20,20,20],"floor_reached":51,"playtime":3105,"items_purged":["Regret","Strike_R"],"score":1403,"play_id":"969de68e-42a3-4d35-a137-4cfbccd9d019","local_time":"20190305002042","is_ascension_mode":true,"campfire_choices":[{"floor":11,"key":"REST"},{"floor":15,"key":"REST"},{"floor":24,"key":"REST"},{"floor":28,"key":"REST"},{"floor":32,"key":"REST"},{"data":"Apotheosis","floor":40,"key":"SMITH"},{"floor":45,"key":"REST"},{"data":"Barricade","floor":47,"key":"SMITH"},{"data":"Enlightenment","floor":49,"key":"SMITH"}],"neow_cost":"NONE","seed_source_timestamp":689612197043311,"circlet_count":0,"master_deck":["AscendersBane","Strike_R","Strike_R","Defend_R","Defend_R","Defend_R","Defend_R","Bash","Reckless Charge","Anger","Carnage","Seeing Red","Corruption","Feed","Apotheosis+1","Shrug It Off","Injury","Body Slam","Barricade+1","Sentinel","True Grit","Feel No Pain","True Grit+1","Feel No Pain","Rampage","Heavy Blade","Entrench","Flame Barrier","True Grit","Dark Embrace","Power Through","Seeing Red+1","Enlightenment+1","PanicButton","Madness","Warcry","Shrug It Off+1","Warcry","Burning Pact","Thinking Ahead"],"relics":["Burning Blood","NeowsBlessing","Mercury Hourglass","Charon\u0027s Ashes","Magic Flower","Golden Idol","Runic Pyramid","Red Mask","PreservedInsect","Bag of Marbles","Vajra","Runic Cube","Strange Spoon","Bottled Tornado","Centennial Puzzle"],"potions_floor_usage":[6,8,16,21,25,33,42,50,50],"damage_taken":[{"damage":0,"enemies":"Jaw Worm","floor":1,"turns":1},{"damage":0,"enemies":"Cultist","floor":2,"turns":1},{"damage":0,"enemies":"Small Slimes","floor":4,"turns":1},{"damage":33,"enemies":"Lagavulin","floor":6,"turns":5},{"damage":40,"enemies":"3 Sentries","floor":8,"turns":7},{"damage":8,"enemies":"Blue Slaver","floor":14,"turns":3},{"damage":34,"enemies":"The Guardian","floor":16,"turns":9},{"damage":3,"enemies":"Spheric Guardian","floor":18,"turns":3},{"damage":10,"enemies":"Chosen","floor":20,"turns":4},{"damage":70,"enemies":"Masked Bandits","floor":21,"turns":6},{"damage":28,"enemies":"Book of Stabbing","floor":23,"turns":5},{"damage":28,"enemies":"Snake Plant","floor":25,"turns":5},{"damage":0,"enemies":"Gremlin Leader","floor":27,"turns":4},{"damage":28,"enemies":"Centurion and Healer","floor":31,"turns":7},{"damage":76,"enemies":"Automaton","floor":33,"turns":11},{"damage":15,"enemies":"Orb Walker","floor":35,"turns":4},{"damage":10,"enemies":"3 Shapes","floor":37,"turns":7},{"damage":18,"enemies":"Transient","floor":42,"turns":6},{"damage":16,"enemies":"4 Shapes","floor":44,"turns":4},{"damage":0,"enemies":"Spire Growth","floor":46,"turns":4},{"damage":7,"enemies":"Awakened One","floor":50,"turns":7}],"seed_played":"7301379472204594732","potions_obtained":[{"floor":1,"key":"Dexterity Potion"},{"floor":6,"key":"GamblersBrew"},{"floor":14,"key":"PowerPotion"},{"floor":20,"key":"BloodPotion"},{"floor":23,"key":"Dexterity Potion"},{"floor":27,"key":"LiquidBronze"},{"floor":31,"key":"Dexterity Potion"},{"floor":37,"key":"Dexterity Potion"},{"floor":44,"key":"PowerPotion"}],"is_trial":false,"path_per_floor":["M","M","?","M","$","E","$","E","T","$","R","$","?","M","R","B",null,"M","$","M","?","$","E","R","M","T","E","R","?","$","M","R","B",null,"M","$","M","?","?","R","?","M","T","M","R","M","R","$","R","B",null],"character_chosen":"IRONCLAD","items_purchased":["Corruption","Apotheosis","Shrug It Off","True Grit","Flame Barrier","Strange Spoon","Centennial Puzzle","Burning Pact","Thinking Ahead"],"campfire_rested":6,"item_purchase_floors":[7,12,12,19,30,36,48,48,48],"current_hp_per_floor":[74,75,75,75,75,48,48,14,14,14,36,36,36,37,59,40,69,81,81,80,37,37,24,51,32,32,47,75,75,75,62,91,30,85,79,79,78,78,68,68,68,59,59,57,88,103,103,103,103,105],"gold":20,"neow_bonus":"THREE_ENEMY_KILL","is_prod":false,"is_daily":false,"chose_seed":false,"campfire_upgraded":3,"win_rate":0,"timestamp":1551705642,"path_taken":["M","M","?","?","$","E","$","E","T","?","R","$","?","M","R","BOSS","M","$","M","?","?","E","R","M","T","E","R","?","?","M","R","BOSS","M","$","M","?","?","R","?","M","T","?","R","M","R","$","R","BOSS"],"build_version":"2019-01-23","purchased_purges":2,"victory":true,"max_hp_per_floor":[75,75,75,75,75,75,75,75,75,75,75,75,75,75,75,79,79,83,83,83,87,87,91,91,91,91,95,95,95,95,99,99,103,103,103,103,103,103,103,103,103,103,103,106,106,110,110,110,110,110],"card_choices":[{"not_picked":["Wild Strike","Headbutt"],"picked":"Reckless Charge","floor":1},{"not_picked":["Intimidate","Pummel"],"picked":"Anger","floor":2},{"not_picked":["Perfected Strike","Anger"],"picked":"Carnage","floor":4},{"not_picked":["Dropkick","Clothesline"],"picked":"Seeing Red","floor":6},{"not_picked":["Anger","Combust"],"picked":"Feed","floor":8},{"not_picked":["Havoc","Sword Boomerang"],"picked":"Body Slam","floor":14},{"not_picked":["Immolate","Juggernaut"],"picked":"Barricade","floor":16},{"not_picked":["Headbutt","Wild Strike"],"picked":"Sentinel","floor":18},{"not_picked":["Headbutt","Pommel Strike"],"picked":"Feel No Pain","floor":20},{"not_picked":["Perfected Strike","Infernal Blade"],"picked":"True Grit+1","floor":21},{"not_picked":["Shockwave","Spot Weakness"],"picked":"Feel No Pain","floor":23},{"not_picked":["Heavy Blade","Pommel Strike","Wild Strike+1"],"picked":"SKIP","floor":25},{"not_picked":["Rupture","Searing Blow"],"picked":"Rampage","floor":27},{"not_picked":["Rupture","Sword Boomerang"],"picked":"True Grit","floor":31},{"not_picked":["Fiend Fire","Barricade"],"picked":"Dark Embrace","floor":33},{"not_picked":["Twin Strike","Sword Boomerang"],"picked":"Power Through","floor":35},{"not_picked":["Bloodletting","Iron Wave"],"picked":"Seeing Red+1","floor":37},{"not_picked":["Secret Technique","Dark Shackles"],"picked":"Enlightenment","floor":39},{"not_picked":["Secret Weapon","Trip"],"picked":"PanicButton","floor":39},{"not_picked":["Good Instincts","Thinking Ahead"],"picked":"Madness","floor":39},{"not_picked":["Wild Strike","Carnage+1"],"picked":"Warcry","floor":42},{"not_picked":["Thunderclap+1","Ghostly Armor"],"picked":"Shrug It Off+1","floor":44},{"not_picked":["Dropkick+1","Flex"],"picked":"Warcry","floor":46}],"player_experience":797240,"relics_obtained":[{"floor":6,"key":"Mercury Hourglass"},{"floor":8,"key":"Charon\u0027s Ashes"},{"floor":9,"key":"Magic Flower"},{"floor":21,"key":"Red Mask"},{"floor":23,"key":"PreservedInsect"},{"floor":26,"key":"Bag of Marbles"},{"floor":27,"key":"Vajra"},{"floor":43,"key":"Bottled Tornado"}],"event_choices":[{"damage_healed":0,"gold_gain":275,"player_choice":"Desecrate","damage_taken":0,"max_hp_gain":0,"max_hp_loss":0,"event_name":"Golden Shrine","floor":3,"gold_loss":0,"cards_obtained":["Regret"]},{"damage_healed":0,"gold_gain":0,"player_choice":"Take Wound","damage_taken":0,"relics_obtained":["Golden Idol"],"max_hp_gain":0,"max_hp_loss":0,"event_name":"Golden Idol","floor":13,"gold_loss":0,"cards_obtained":["Injury"]},{"damage_healed":0,"gold_gain":0,"player_choice":"Fought Bandits","damage_taken":0,"max_hp_gain":0,"max_hp_loss":0,"event_name":"Masked Bandits","floor":21,"gold_loss":0},{"damage_healed":0,"gold_gain":0,"cards_transformed":["Strike_R","Strike_R"],"player_choice":"Became Test Subject","damage_taken":0,"max_hp_gain":0,"max_hp_loss":0,"event_name":"Drug Dealer","floor":29,"gold_loss":0,"cards_obtained":["Heavy Blade","Entrench"]},{"damage_healed":0,"gold_gain":222,"player_choice":"Wore Mask","damage_taken":0,"max_hp_gain":0,"max_hp_loss":0,"event_name":"Tomb of Lord Red Mask","floor":38,"gold_loss":0},{"damage_healed":0,"gold_gain":0,"player_choice":"Memory 3","damage_taken":10,"max_hp_gain":0,"max_hp_loss":0,"event_name":"SensoryStone","floor":39,"gold_loss":0},{"damage_healed":0,"gold_gain":50,"player_choice":"Pray","damage_taken":0,"max_hp_gain":0,"max_hp_loss":0,"event_name":"Golden Shrine","floor":41,"gold_loss":0}],"is_beta":false,"boss_relics":[{"not_picked":["Pandora\u0027s Box","Busted Crown"],"picked":"Runic Pyramid"},{"not_picked":["Calling Bell","Sozu"],"picked":"Runic Cube"}],"items_purged_floors":[5,48],"is_endless":false,"potions_floor_spawned":[1,6,14,20,23,27,31,37,44,46],"ascension_level":17}