{"gold_per_floor":[111,130,130,130,144,178,178,178],"floor_reached":8,"playtime":503,"items_purged":[],"score":62,"play_id":"2ffc0445-5507-4e92-b2c6-d7547df43b05","local_time":"20190628220014","is_ascension_mode":true,"campfire_choices":[{"data":"Writhe","floor":7,"key":"PURGE"}],"neow_cost":"CURSE","seed_source_timestamp":1130135317148100,"circlet_count":0,"master_deck":["Strike_B","Strike_B","Strike_B","Strike_B","Defend_B","Defend_B","Defend_B","Defend_B","Zap","Dualcast","Enlightenment","Swift Strike","White Noise","Chill","Regret","Genetic Algorithm","Multi-Cast"],"relics":["Cracked Core","Mercury Hourglass","Boot","Peace Pipe"],"potions_floor_usage":[6,6],"damage_taken":[{"damage":3,"enemies":"Jaw Worm","floor":1,"turns":4},{"damage":1,"enemies":"2 Louse","floor":2,"turns":3},{"damage":13,"enemies":"Small Slimes","floor":5,"turns":4},{"damage":32,"enemies":"Lagavulin","floor":6,"turns":5},{"damage":3,"enemies":"3 Sentries","floor":8,"turns":2}],"seed_played":"8433606169633239684","potions_obtained":[{"floor":2,"key":"AttackPotion"},{"floor":5,"key":"Regen Potion"}],"is_trial":false,"path_per_floor":["M","M","?","?","M","E","R","E"],"character_chosen":"DEFECT","items_purchased":[],"campfire_rested":0,"item_purchase_floors":[],"current_hp_per_floor":[72,71,71,53,40,22,22,19],"gold":178,"neow_bonus":"RANDOM_COLORLESS_2","is_prod":false,"is_daily":false,"chose_seed":false,"campfire_upgraded":0,"win_rate":0,"timestamp":1561784414,"path_taken":["M","M","?","?","M","E","R","E"],"build_version":"2019-01-23","purchased_purges":0,"victory":false,"max_hp_per_floor":[75,75,75,75,75,75,75,75],"card_choices":[{"not_picked":["Turbo","Gash"],"picked":"White Noise","floor":1},{"not_picked":["Hologram","BootSequence"],"picked":"Chill","floor":2},{"not_picked":["Coolheaded","Go for the Eyes"],"picked":"Genetic Algorithm","floor":5},{"not_picked":["Blizzard","Auto Shields"],"picked":"Multi-Cast","floor":6}],"player_experience":595194,"relics_obtained":[{"floor":6,"key":"Peace Pipe"}],"event_choices":[{"damage_healed":0,"gold_gain":0,"player_choice":"Box","damage_taken":0,"relics_obtained":["Mercury Hourglass"],"max_hp_gain":0,"max_hp_loss":0,"event_name":"Big Fish","floor":3,"gold_loss":0,"cards_obtained":["Regret"]},{"damage_healed":0,"gold_gain":0,"player_choice":"Success","damage_taken":18,"relics_obtained":["Boot"],"max_hp_gain":0,"max_hp_loss":0,"event_name":"Scrap Ooze","floor":4,"gold_loss":0}],"is_beta":false,"boss_relics":[],"items_purged_floors":[],"is_endless":false,"potions_floor_spawned":[2,5],"killed_by":"3 Sentries","ascension_level":2}