{"gold_per_floor":[113,63,76,29,29,29,44,58,84,84,103,127,127,127,127,127],"floor_reached":16,"playtime":249,"items_purged":[],"score":92,"play_id":"538a3054-b489-4d4c-a31f-fe12948606bf","local_time":"20190522183249","is_ascension_mode":false,"campfire_choices":[{"data":"Bash","floor":6,"key":"SMITH"},{"data":"Shrug It Off","floor":10,"key":"SMITH"},{"data":"Defend_R","floor":13,"key":"SMITH"},{"floor":15,"key":"REST"}],"neow_cost":"NONE","seed_source_timestamp":114213466418744,"circlet_count":0,"master_deck":["Strike_R","Strike_R","Strike_R","Defend_R","Defend_R","Defend_R+1","Bash+1","Shrug It Off+1"],"relics":["Burning Blood","Golden Idol"],"potions_floor_usage":[],"damage_taken":[{"damage":1,"enemies":"Cultist","floor":1,"turns":3},{"damage":0,"enemies":"Small Slimes","floor":3,"turns":3},{"damage":11,"enemies":"Jaw Worm","floor":7,"turns":3},{"damage":16,"enemies":"Blue Slaver","floor":8,"turns":3},{"damage":0,"enemies":"Large Slime","floor":11,"turns":6},{"damage":15,"enemies":"3 Louse","floor":12,"turns":5},{"damage":0,"enemies":"Slime Boss","floor":16,"turns":1}],"seed_played":"3042495397251285107","potions_obtained":[{"floor":3,"key":"GamblersBrew"},{"floor":8,"key":"GamblersBrew"},{"floor":11,"key":"LiquidBronze"}],"is_trial":false,"path_per_floor":["M","?","M","$","?","R","M","M","T","R","M","M","R","?","R","B"],"character_chosen":"IRONCLAD","items_purchased":["Shrug It Off"],"campfire_rested":1,"item_purchase_floors":[4],"current_hp_per_floor":[80,80,80,80,60,60,55,45,45,45,51,42,42,42,66,66],"gold":127,"neow_bonus":"REMOVE_CARD","is_prod":false,"is_daily":false,"chose_seed":false,"campfire_upgraded":3,"win_rate":0,"timestamp":1558521169,"path_taken":["M","?","M","$","?","R","?","M","T","R","M","M","R","?","R","BOSS"],"build_version":"2019-01-23","purchased_purges":0,"victory":false,"max_hp_per_floor":[80,80,80,80,80,80,80,80,80,80,80,80,80,80,80,80],"card_choices":[{"not_picked":["Pommel Strike","Body Slam","Wild Strike"],"picked":"SKIP","floor":1},{"not_picked":["Iron Wave","Headbutt","Rampage"],"picked":"SKIP","floor":3},{"not_picked":["Cleave","Wild Strike","Evolve"],"picked":"SKIP","floor":7},{"not_picked":["Sever Soul","Perfected Strike","Flex"],"picked":"SKIP","floor":8},{"not_picked":["Spot Weakness","Wild Strike","Intimidate"],"picked":"SKIP","floor":11},{"not_picked":["Spot Weakness","Bloodletting","Shrug It Off"],"picked":"SKIP","floor":12}],"player_experience":926544,"relics_obtained":[],"event_choices":[{"cards_removed":["Strike_R"],"damage_healed":0,"gold_gain":0,"player_choice":"Card Removal","damage_taken":0,"max_hp_gain":0,"max_hp_loss":0,"event_name":"The Cleric","floor":2,"gold_loss":50},{"damage_healed":0,"gold_gain":0,"player_choice":"Take Damage","damage_taken":20,"relics_obtained":["Golden Idol"],"max_hp_gain":0,"max_hp_loss":0,"event_name":"Golden Idol","floor":5,"gold_loss":0},{"cards_removed":["Defend_R"],"damage_healed":0,"gold_gain":0,"player_choice":"Forget","damage_taken":0,"max_hp_gain":0,"max_hp_loss":0,"event_name":"Living Wall","floor":14,"gold_loss":0}],"is_beta":false,"boss_relics":[],"items_purged_floors":[],"is_endless":false,"potions_floor_spawned":[3,8,11],"killed_by":"Slime Boss","ascension_level":0}