{"gold_per_floor":[211,211,33,58,74,74,114,114,114,114,154,24,42,67,67,197,197,183,206,305,24,24,24,24,94,94,118,118,118,143,168,168,293,293,306,329,34,49,49,93,93,132,132,132,132,132,170,295,295,295],"floor_reached":51,"playtime":4505,"items_purged":["Strike_G","Strike_G"],"score":1227,"play_id":"a5da22b2-4aba-4176-a67d-22514e70ea9d","local_time":"20190805015753","is_ascension_mode":true,"campfire_choices":[{"data":"Dagger Spray","floor":6.0,"key":"SMITH"},{"floor":10.0,"key":"REST"},{"data":"Footwork","floor":15.0,"key":"SMITH"},{"data":"Footwork","floor":23.0,"key":"SMITH"},{"data":"Deadly Poison","floor":29.0,"key":"SMITH"},{"data":"Outmaneuver","floor":32.0,"key":"SMITH"},{"data":"Footwork","floor":41.0,"key":"SMITH"},{"data":"Noxious Fumes","floor":44.0,"key":"SMITH"},{"data":"Corpse Explosion","floor":45.0,"key":"SMITH"},{"data":"Dodge and Roll","floor":46.0,"key":"SMITH"},{"data":"Dodge and Roll","floor":49.0,"key":"SMITH"}],"neow_cost":"NONE","seed_source_timestamp":2172907013310100,"circlet_count":0,"master_deck":["Strike_G","Defend_G","Defend_G","Defend_G","Defend_G","Defend_G","Survivor","Neutralize+1","Blur","Footwork+1","Poisoned Stab+1","Dagger Spray+1","Outmaneuver+1","PiercingWail","Dodge and Roll+1","Footwork+1","Backflip","Deadly Poison+1","Deadly Poison+1","Malaise","Well Laid Plans","Dodge and Roll","Infinite Blades","Malaise","Corpse Explosion+1","Noxious Fumes+1","Footwork+1","Footwork+1","Dodge and Roll+1","Blur+1","Dodge and Roll+1"],"special_seed":0,"relics":["Ring of the Serpent","Golden Idol","Thread and Needle","Bottled Flame","Whetstone","Eternal Feather","Chemical X","Tiny Chest","Singing Bowl","Potion Belt","Art of War","WingedGreaves","Girya","Juzu Bracelet","The Courier","Calipers"],"potions_floor_usage":[50,50,50,50,50,50,50,50,50],"damage_taken":[{"damage":1.0,"enemies":"Jaw Worm","floor":1.0,"turns":5.0},{"damage":0.0,"enemies":"2 Louse","floor":4.0,"turns":2.0},{"damage":2.0,"enemies":"Small Slimes","floor":5.0,"turns":4.0},{"damage":22.0,"enemies":"3 Sentries","floor":7.0,"turns":9.0},{"damage":2.0,"enemies":"Lagavulin","floor":11.0,"turns":11.0},{"damage":0.0,"enemies":"2 Fungi Beasts","floor":13.0,"turns":4.0},{"damage":0.0,"enemies":"Exordium Thugs","floor":14.0,"turns":4.0},{"damage":0.0,"enemies":"Hexaghost","floor":16.0,"turns":11.0},{"damage":14.0,"enemies":"2 Thieves","floor":18.0,"turns":5.0},{"damage":3.0,"enemies":"3 Byrds","floor":19.0,"turns":7.0},{"damage":0.0,"enemies":"Book of Stabbing","floor":25.0,"turns":9.0},{"damage":4.0,"enemies":"Sentry and Sphere","floor":27.0,"turns":6.0},{"damage":1.0,"enemies":"Snake Plant","floor":30.0,"turns":8.0},{"damage":1.0,"enemies":"Centurion and Healer","floor":31.0,"turns":11.0},{"damage":53.0,"enemies":"Automaton","floor":33.0,"turns":17.0},{"damage":17.0,"enemies":"3 Shapes","floor":35.0,"turns":3.0},{"damage":0.0,"enemies":"Orb Walker","floor":36.0,"turns":5.0},{"damage":2.0,"enemies":"Maw","floor":38.0,"turns":9.0},{"damage":0.0,"enemies":"Giant Head","floor":40.0,"turns":13.0},{"damage":11.0,"enemies":"Nemesis","floor":42.0,"turns":11.0},{"damage":0.0,"enemies":"Giant Head","floor":47.0,"turns":12.0},{"damage":0.0,"enemies":"Mind Bloom Boss Battle","floor":48.0,"turns":10.0},{"damage":0,"enemies":"Donu and Deca","floor":50,"turns":26}],"seed_played":"6307941097204551841","potions_obtained":[{"floor":5.0,"key":"Swift Potion"},{"floor":7.0,"key":"Energy Potion"},{"floor":16.0,"key":"SteroidPotion"},{"floor":25.0,"key":"Dexterity Potion"},{"floor":27.0,"key":"EntropicBrew"},{"floor":33.0,"key":"Dexterity Potion"},{"floor":38.0,"key":"Dexterity Potion"},{"floor":47.0,"key":"PowerPotion"}],"is_trial":false,"path_per_floor":["M","?","$","M","M","R","E","?","T","R","E","$","M","M","R","B",null,"M","M","?","$","?","R","?","E","T","M","?","R","M","M","R","B",null,"M","M","$","M","T","E","R","E","T","R","R","R","E","?","R","B",null],"character_chosen":"THE_SILENT","items_purchased":["Footwork","Poisoned Stab","Footwork","Backflip","Dodge and Roll","Infinite Blades","Chemical X","Footwork","Potion Belt"],"campfire_rested":1,"item_purchase_floors":[3,3,12,12,21,21,21,37,37],"current_hp_per_floor":[62,45,45,45,43,43,21,14,14,35,33,33,33,33,33,33,61,47,44,44,44,67,70,70,70,70,68,68,72,73,74,76,23,63,46,48,48,46,46,48,63,52,52,67,80,80,80,80,80,80],"gold":295,"neow_bonus":"HUNDRED_GOLD","is_prod":false,"is_daily":false,"chose_seed":false,"campfire_upgraded":10,"win_rate":0,"timestamp":1564991873,"path_taken":["M","?","$","M","M","R","E","?","T","R","E","$","M","M","R","BOSS","M","M","?","$","?","R","?","E","T","M","?","R","M","M","R","BOSS","M","M","$","M","?","E","R","E","T","R","R","R","E","?","R","BOSS"],"build_version":"2019-07-18","purchased_purges":2,"victory":true,"max_hp_per_floor":[70,70,70,70,70,70,70,70,70,70,70,70,70,70,70,70,70,70,70,70,70,70,70,70,70,70,72,72,72,74,76,76,76,76,76,78,78,78,78,80,80,80,80,80,80,80,80,80,80,80],"card_choices":[{"not_picked":["Prepared","Endless Agony"],"picked":"Blur","floor":1.0},{"not_picked":["Dagger Throw","Terror"],"picked":"Dagger Spray","floor":4.0},{"not_picked":["Dagger Throw","Dagger Spray"],"picked":"Outmaneuver","floor":5.0},{"not_picked":["Underhanded Strike","Outmaneuver"],"picked":"PiercingWail","floor":7.0},{"not_picked":["Bullet Time","Flying Knee"],"picked":"Dodge and Roll","floor":11.0},{"not_picked":["Dash","Skewer"],"picked":"Deadly Poison","floor":13.0},{"not_picked":["Flying Knee","Dagger Throw"],"picked":"Deadly Poison","floor":14.0},{"not_picked":["Tools of the Trade","Bullet Time"],"picked":"Malaise","floor":16.0},{"not_picked":["Slice","Deadly Poison","Prepared"],"picked":"SKIP","floor":18.0},{"not_picked":["Bane+1","Flechettes"],"picked":"Well Laid Plans","floor":19.0},{"not_picked":["Dagger Spray","Well Laid Plans"],"picked":"Malaise","floor":25.0},{"not_picked":["Quick Slash","Slice","Acrobatics"],"picked":"Singing Bowl","floor":27.0},{"not_picked":["Poisoned Stab","Acrobatics","Underhanded Strike+1"],"picked":"Singing Bowl","floor":30.0},{"not_picked":["Finisher","Calculated Gamble","Outmaneuver"],"picked":"Singing Bowl","floor":31.0},{"not_picked":["Wraith Form v2","Envenom"],"picked":"Corpse Explosion","floor":33.0},{"not_picked":["Escape Plan+1","Eviscerate"],"picked":"Noxious Fumes","floor":35.0},{"not_picked":["Poisoned Stab","All Out Attack","Flying Knee"],"picked":"Singing Bowl","floor":36.0},{"not_picked":["Flying Knee","Escape Plan+1"],"picked":"Footwork+1","floor":38.0},{"not_picked":["Poisoned Stab+1","Flechettes+1","Reflex"],"picked":"Singing Bowl","floor":40.0},{"not_picked":["Leg Sweep+1","Prepared+1"],"picked":"Dodge and Roll+1","floor":42.0},{"not_picked":["Bane+1","Outmaneuver+1"],"picked":"Blur+1","floor":47.0},{"not_picked":["Predator","Poisoned Stab"],"picked":"Dodge and Roll","floor":48.0}],"player_experience":115473,"relics_obtained":[{"floor":7.0,"key":"Thread and Needle"},{"floor":9.0,"key":"Bottled Flame"},{"floor":11.0,"key":"Whetstone"},{"floor":25.0,"key":"Tiny Chest"},{"floor":26.0,"key":"Singing Bowl"},{"floor":39.0,"key":"Art of War"},{"floor":40.0,"key":"WingedGreaves"},{"floor":42.0,"key":"Girya"},{"floor":43.0,"key":"Juzu Bracelet"},{"floor":47.0,"key":"The Courier"},{"floor":48.0,"key":"Calipers"}],"event_choices":[{"damage_healed":0.0,"max_hp_gain":0.0,"max_hp_loss":0.0,"gold_gain":0.0,"event_name":"Golden Idol","player_choice":"Take Damage","floor":2.0,"gold_loss":0.0,"damage_taken":17.0,"relics_obtained":["Golden Idol"]},{"cards_removed":["Strike_G"],"damage_healed":0.0,"max_hp_gain":0.0,"max_hp_loss":0.0,"gold_gain":0.0,"event_name":"Golden Wing","player_choice":"Card Removal","floor":8.0,"gold_loss":0.0,"damage_taken":7.0},{"damage_healed":0.0,"max_hp_gain":0.0,"max_hp_loss":0.0,"gold_gain":99.0,"event_name":"Nest","player_choice":"Stole From Cult","floor":20.0,"gold_loss":0.0,"damage_taken":0.0},{"damage_healed":23.0,"max_hp_gain":0.0,"max_hp_loss":0.0,"gold_gain":0.0,"event_name":"The Library","player_choice":"Heal","floor":22.0,"gold_loss":0.0,"damage_taken":0.0},{"cards_removed":["Strike_G"],"damage_healed":0.0,"max_hp_gain":0.0,"max_hp_loss":0.0,"gold_gain":0.0,"event_name":"Back to Basics","player_choice":"Elegance","floor":24.0,"gold_loss":0.0,"damage_taken":0.0},{"damage_healed":0.0,"max_hp_gain":0.0,"max_hp_loss":0.0,"gold_gain":0.0,"event_name":"Upgrade Shrine","player_choice":"Upgraded","floor":28.0,"gold_loss":0.0,"damage_taken":0.0,"cards_upgraded":["Deadly Poison"]},{"damage_healed":0.0,"max_hp_gain":0.0,"max_hp_loss":0.0,"gold_gain":0.0,"event_name":"MindBloom","player_choice":"Fight","floor":48.0,"gold_loss":0.0,"damage_taken":0.0}],"is_beta":true,"boss_relics":[{"not_picked":["Lizard Tail","HoveringKite"],"picked":"Eternal Feather"},{"not_picked":["Coffee Dripper","Velvet Choker"],"picked":"Ring of the Serpent"}],"items_purged_floors":[3,37],"is_endless":false,"potions_floor_spawned":[5,7,16,25,27,33,36,38,47],"ascension_level":6}