{"gold_per_floor":[115,133,148,168,243,272,272,302,302,360,372,389,389,405,405,504,504,520,520,4,4,23,23,40,74,97,20,40,40,59,73,73,173,173,184,207,225,235,247,247,272,272,272,372,419,27,43,61,61,61],"floor_reached":50,"playtime":4425,"items_purged":["Strike_G","Strike_G"],"score":621,"play_id":"61615192-d864-4492-a82e-b48cc93783cf","local_time":"20190603230149","is_ascension_mode":true,"campfire_choices":[{"data":"Backstab","floor":7.0,"key":"SMITH"},{"floor":13.0,"key":"REST"},{"floor":15.0,"key":"REST"},{"data":"Leg Sweep","floor":23,"key":"SMITH"},{"floor":29,"key":"REST"},{"data":"Crippling Poison","floor":32,"key":"SMITH"},{"floor":40,"key":"REST"},{"floor":42,"key":"REST"},{"floor":49,"key":"REST"}],"neow_cost":"NONE","seed_source_timestamp":0,"circlet_count":0,"master_deck":["Defend_G+1","Defend_G","Defend_G","Defend_G","Defend_G+1","Strike_G","Strike_G","Strike_G","Survivor","Neutralize","Predator","Backstab+1","Leg Sweep+1","Deadly Poison","Dodge and Roll","Dodge and Roll","Well Laid Plans","All Out Attack+1","PiercingWail","Backflip","After Image+1","Calculated Gamble","Sucker Punch+1","Backflip","Deflect","Terror","Die Die Die+1","Poisoned Stab+1","Predator+1","Cloak And Dagger+1","Bouncing Flask","Deadly Poison+1","Footwork","Blur","Crippling Poison+1","Poisoned Stab+1","Wraith Form v2","Sucker Punch+1","Dash+1","All Out Attack+1","Sucker Punch+1","Dash+1","Dagger Spray+1","Backflip+1","Noxious Fumes","Poisoned Stab+1"],"special_seed":0,"relics":["Ring of the Serpent","War Paint","Smiling Mask","Molten Egg 2","Sundial","Tiny Chest","Orrery","Bag of Marbles","Kunai","Dead Branch","Dream Catcher","Vajra","Snake Skull","Tough Bandages","Ginger","Orichalcum","Happy Flower"],"potions_floor_usage":[25,25,31,33,41,48,50],"damage_taken":[{"damage":0.0,"enemies":"2 Louse","floor":1.0,"turns":4.0},{"damage":0.0,"enemies":"Jaw Worm","floor":2.0,"turns":3.0},{"damage":0.0,"enemies":"Cultist","floor":3.0,"turns":3.0},{"damage":2.0,"enemies":"Exordium Thugs","floor":4.0,"turns":5.0},{"damage":0.0,"enemies":"Gremlin Nob","floor":6.0,"turns":2.0},{"damage":28.0,"enemies":"Lagavulin","floor":8.0,"turns":5.0},{"damage":19.0,"enemies":"Gremlin Nob","floor":10.0,"turns":5.0},{"damage":5.0,"enemies":"Red Slaver","floor":11.0,"turns":3.0},{"damage":0.0,"enemies":"Lots of Slimes","floor":12.0,"turns":1.0},{"damage":0.0,"enemies":"Blue Slaver","floor":14.0,"turns":4.0},{"damage":30.0,"enemies":"Slime Boss","floor":16.0,"turns":16.0},{"damage":6.0,"enemies":"3 Byrds","floor":18.0,"turns":2.0},{"damage":8,"enemies":"Shell Parasite","floor":22,"turns":4},{"damage":7,"enemies":"Cultist and Chosen","floor":24,"turns":5},{"damage":0,"enemies":"Gremlin Leader","floor":25,"turns":6},{"damage":8,"enemies":"Sentry and Sphere","floor":28,"turns":6},{"damage":4,"enemies":"Centurion and Healer","floor":30,"turns":6},{"damage":0,"enemies":"3 Cultists","floor":31,"turns":6},{"damage":42,"enemies":"Automaton","floor":33,"turns":9},{"damage":0,"enemies":"3 Shapes","floor":35,"turns":5},{"damage":27,"enemies":"3 Darklings","floor":37,"turns":5},{"damage":0,"enemies":"Transient","floor":38,"turns":5},{"damage":15,"enemies":"Sphere and 2 Shapes","floor":39,"turns":7},{"damage":36,"enemies":"Nemesis","floor":41,"turns":9},{"damage":0,"enemies":"Mind Bloom Boss Battle","floor":44,"turns":7},{"damage":0,"enemies":"3 Darklings","floor":47,"turns":3},{"damage":18,"enemies":"Spire Growth","floor":48,"turns":5},{"damage":41,"enemies":"Awakened One","floor":50,"turns":3}],"seed_played":"-6581327841862223018","potions_obtained":[{"floor":1.0,"key":"Energy Potion"},{"floor":2.0,"key":"FearPotion"},{"floor":4.0,"key":"Strength Potion"},{"floor":8.0,"key":"EssenceOfSteel"},{"floor":11.0,"key":"LiquidBronze"},{"floor":16.0,"key":"EssenceOfSteel"},{"floor":18.0,"key":"PowerPotion"},{"floor":24,"key":"Energy Potion"},{"floor":30,"key":"GhostInAJar"},{"floor":31,"key":"Energy Potion"},{"floor":38,"key":"Block Potion"},{"floor":44,"key":"Weak Potion"},{"floor":47,"key":"PowerPotion"},{"floor":48,"key":"SpeedPotion"}],"is_trial":false,"path_per_floor":["M","M","M","M","?","E","R","E","T","E","M","M","R","M","R","B",null,"M","?","$","?","M","R","M","E","T","$","M","R","M","M","R","B",null,"M","T","M","M","M","R","E","R","T","?","T","$","M","M","R","B"],"character_chosen":"THE_SILENT","items_purchased":["Bag of Marbles","Predator+1","Kunai","Footwork","Noxious Fumes","Orichalcum","Happy Flower"],"campfire_rested":6,"item_purchase_floors":[20,20,20,27,46,46,46],"current_hp_per_floor":[70,70,70,68,57,57,57,29,29,10,5,5,26,26,47,17,70,64,64,64,64,56,56,49,49,49,49,41,62,58,58,58,16,70,70,70,43,43,28,49,13,34,34,34,34,34,34,16,37,0],"gold":61,"neow_bonus":"RANDOM_COMMON_RELIC","is_prod":false,"is_daily":false,"chose_seed":false,"campfire_upgraded":3,"win_rate":0,"timestamp":1559617309,"path_taken":["M","M","M","M","?","E","R","E","T","E","M","M","R","M","R","BOSS","M","?","$","?","?","R","M","E","T","?","M","R","M","M","R","BOSS","M","?","?","M","M","R","E","R","T","?","?","$","M","M","R","BOSS"],"build_version":"2019-01-23","purchased_purges":2,"victory":false,"max_hp_per_floor":[70,70,70,70,70,70,70,70,70,70,70,70,70,70,70,70,70,70,70,70,70,70,70,70,70,70,70,70,70,70,70,70,70,70,70,70,70,70,70,70,70,70,70,70,70,70,70,70,70,70],"card_choices":[{"not_picked":["PiercingWail","Flechettes"],"picked":"Predator","floor":1.0},{"not_picked":["Prepared","Leg Sweep"],"picked":"Backstab","floor":2.0},{"not_picked":["PiercingWail","Quick Slash"],"picked":"Leg Sweep","floor":3.0},{"not_picked":["Cloak And Dagger","Outmaneuver"],"picked":"Deadly Poison","floor":4.0},{"not_picked":["Bane","Leg Sweep"],"picked":"Dodge and Roll","floor":6.0},{"not_picked":["Envenom","Flying Knee"],"picked":"Dodge and Roll","floor":8.0},{"not_picked":["Blade Dance","Quick Slash+1"],"picked":"Well Laid Plans","floor":10.0},{"not_picked":["Flying Knee+1","Quick Slash+1"],"picked":"All Out Attack+1","floor":11.0},{"not_picked":["Prepared","Backflip"],"picked":"PiercingWail","floor":12.0},{"not_picked":["Leg Sweep","Quick Slash+1"],"picked":"Backflip","floor":14.0},{"not_picked":["Die Die Die+1","Phantasmal Killer"],"picked":"After Image","floor":16.0},{"not_picked":["Bane+1","Dagger Throw+1"],"picked":"Calculated Gamble","floor":17.0},{"not_picked":["Prepared","Dagger Throw+1"],"picked":"Sucker Punch+1","floor":17.0},{"not_picked":["Finisher+1","Quick Slash+1"],"picked":"Backflip","floor":17.0},{"not_picked":["Heel Hook+1","Acrobatics"],"picked":"Deflect","floor":17.0},{"not_picked":["Prepared","Flying Knee+1"],"picked":"Terror","floor":17.0},{"not_picked":["Terror","Finisher+1"],"picked":"Die Die Die+1","floor":18.0},{"not_picked":["Acrobatics","All Out Attack+1"],"picked":"Cloak And Dagger+1","floor":22},{"not_picked":["Deadly Poison+1","Blur"],"picked":"Bouncing Flask","floor":24},{"not_picked":["Dagger Spray+1","Malaise"],"picked":"Deadly Poison+1","floor":25},{"not_picked":["Dagger Throw+1","Caltrops"],"picked":"Blur","floor":28},{"not_picked":["Dodge and Roll","Prepared"],"picked":"Crippling Poison","floor":29},{"not_picked":["Bane+1","Dodge and Roll","Slice+1"],"picked":"SKIP","floor":30},{"not_picked":["Predator+1","Deflect"],"picked":"Poisoned Stab+1","floor":31},{"not_picked":["Die Die Die+1","After Image"],"picked":"Wraith Form v2","floor":33},{"not_picked":["Accuracy+1","Eviscerate+1"],"picked":"Sucker Punch+1","floor":35},{"not_picked":["Terror","Dagger Throw+1","Flying Knee+1"],"picked":"SKIP","floor":37},{"not_picked":["Calculated Gamble","Endless Agony+1"],"picked":"Dash+1","floor":38},{"not_picked":["Bane+1","Slice+1"],"picked":"All Out Attack+1","floor":39},{"not_picked":["Skewer+1","Underhanded Strike+1"],"picked":"Sucker Punch+1","floor":40},{"not_picked":["Underhanded Strike+1","Expertise"],"picked":"Dash+1","floor":41},{"not_picked":["Riddle With Holes+1","Finisher+1"],"picked":"Dagger Spray+1","floor":42},{"not_picked":["Quick Slash+1","Deflect"],"picked":"Backflip+1","floor":44},{"not_picked":["Outmaneuver","Bane+1","Masterful Stab+1"],"picked":"SKIP","floor":47},{"not_picked":["Dagger Throw+1","A Thousand Cuts"],"picked":"Poisoned Stab+1","floor":48}],"player_experience":196495,"relics_obtained":[{"floor":6.0,"key":"Smiling Mask"},{"floor":8.0,"key":"Molten Egg 2"},{"floor":9.0,"key":"Sundial"},{"floor":10.0,"key":"Tiny Chest"},{"floor":25,"key":"Dead Branch"},{"floor":26,"key":"Dream Catcher"},{"floor":36,"key":"Vajra"},{"floor":41,"key":"Snake Skull"},{"floor":43,"key":"Tough Bandages"},{"floor":44,"key":"Ginger"}],"event_choices":[{"damage_healed":0.0,"max_hp_gain":0.0,"max_hp_loss":0.0,"gold_gain":75.0,"event_name":"World of Goop","player_choice":"Gather Gold","floor":5.0,"gold_loss":0.0,"damage_taken":11.0},{"damage_healed":0,"gold_gain":0,"player_choice":"Read","damage_taken":0,"max_hp_gain":0,"max_hp_loss":0,"event_name":"The Library","floor":19,"gold_loss":0,"cards_obtained":["Poisoned Stab"]},{"damage_healed":0,"gold_gain":0,"player_choice":"Upgraded","damage_taken":0,"max_hp_gain":0,"max_hp_loss":0,"event_name":"Upgrade Shrine","floor":21,"gold_loss":0,"cards_upgraded":["After Image"]},{"damage_healed":0,"gold_gain":0,"player_choice":"Fight","damage_taken":0,"max_hp_gain":0,"max_hp_loss":0,"event_name":"MindBloom","floor":44,"gold_loss":0}],"is_beta":false,"boss_relics":[{"not_picked":["Philosopher\u0027s Stone","Coffee Dripper"],"picked":"Orrery"},{"not_picked":["Runic Dome","Empty Cage"],"picked":"Ring of the Serpent"}],"items_purged_floors":[20,46],"is_endless":false,"potions_floor_spawned":[1,2,4,8,11,16,18,24,30,31,38,44,47,48],"killed_by":"Awakened One","ascension_level":1}