{"gold_per_floor":[109,109,134,157,157,157,191,191,191,291,291,326,344,360,360,490,490,481,506,520,520,536,536,555,555,608,608,621,646,142,177,177,177],"floor_reached":33,"playtime":1798,"items_purged":["Injury"],"score":335,"play_id":"04872d3f-a576-42a5-a6e6-c80136f6eda3","local_time":"20190701203841","is_ascension_mode":true,"campfire_choices":[{"data":"Iron Wave","floor":6,"key":"SMITH"},{"data":"Shockwave","floor":8,"key":"SMITH"},{"data":"Bash","floor":11,"key":"SMITH"},{"floor":15,"key":"REST"},{"floor":23,"key":"REST"},{"floor":25,"key":"REST"},{"data":"Bandage Up","floor":27,"key":"SMITH"},{"floor":32,"key":"REST"}],"neow_cost":"TEN_PERCENT_HP_LOSS","seed_source_timestamp":1383142341590500,"circlet_count":0,"master_deck":["Strike_R","Strike_R","Strike_R","Strike_R","Strike_R","Defend_R","Defend_R","Defend_R","Defend_R","Bash+1","Bandage Up+1","Panacea+1","Armaments+1","Iron Wave+1","Hemokinesis","Shockwave+1","Whirlwind","Spot Weakness","Exhume","Heavy Blade","Writhe","Ghostly Armor"],"relics":["Burning Blood","Golden Idol","The Courier","Bottled Flame","Art of War","Busted Crown","Question Card","Bag of Preparation","Self Forming Clay","Girya","Blue Candle"],"potions_floor_usage":[7,12,13,19,24,28,28,29],"damage_taken":[{"damage":7,"enemies":"2 Louse","floor":1,"turns":2},{"damage":11,"enemies":"Cultist","floor":3,"turns":4},{"damage":0,"enemies":"Small Slimes","floor":4,"turns":3},{"damage":13,"enemies":"Lagavulin","floor":7,"turns":10},{"damage":29,"enemies":"Gremlin Nob","floor":12,"turns":4},{"damage":14,"enemies":"Blue Slaver","floor":13,"turns":3},{"damage":8,"enemies":"3 Louse","floor":14,"turns":4},{"damage":45,"enemies":"The Guardian","floor":16,"turns":11},{"damage":22,"enemies":"2 Thieves","floor":18,"turns":4},{"damage":16,"enemies":"Shell Parasite","floor":19,"turns":4},{"damage":36,"enemies":"Snake Plant","floor":20,"turns":5},{"damage":21,"enemies":"Cultist and Chosen","floor":22,"turns":6},{"damage":39,"enemies":"3 Cultists","floor":24,"turns":6},{"damage":18,"enemies":"Chosen and Byrds","floor":28,"turns":6},{"damage":30,"enemies":"Centurion and Healer","floor":29,"turns":5},{"damage":68,"enemies":"Gremlin Leader","floor":31,"turns":9},{"damage":51,"enemies":"Champ","floor":33,"turns":10}],"seed_played":"-4342863825002479368","potions_obtained":[{"floor":1,"key":"SpeedPotion"},{"floor":7,"key":"Strength Potion"},{"floor":12,"key":"Fruit Juice"},{"floor":16,"key":"SkillPotion"},{"floor":19,"key":"Swift Potion"},{"floor":22,"key":"PowerPotion"},{"floor":24,"key":"BloodPotion"},{"floor":28,"key":"BloodPotion"}],"is_trial":false,"path_per_floor":["M","?","M","M","?","R","E","R","T","?","R","E","M","M","R","B",null,"M","M","M","?","M","R","M","R","T","R","M","M","$","E","R","B"],"character_chosen":"IRONCLAD","items_purchased":["Self Forming Clay","Girya"],"campfire_rested":4,"item_purchase_floors":[30,30],"current_hp_per_floor":[71,71,72,72,58,58,57,57,57,57,57,38,39,41,64,31,77,66,60,34,34,27,50,21,44,44,44,63,65,65,15,38,0],"gold":177,"neow_bonus":"RANDOM_COLORLESS_2","is_prod":false,"is_daily":false,"chose_seed":false,"campfire_upgraded":4,"win_rate":0,"timestamp":1562038721,"path_taken":["M","?","M","M","?","R","E","R","T","?","R","E","M","M","R","BOSS","M","?","M","?","M","R","M","R","T","R","M","M","$","E","R","BOSS"],"build_version":"2019-07-01","purchased_purges":1,"victory":false,"max_hp_per_floor":[72,72,72,72,72,72,72,72,72,72,72,72,77,77,77,77,77,77,77,77,77,77,77,77,77,77,77,77,77,77,77,77,77],"card_choices":[{"not_picked":["Power Through","Shrug It Off"],"picked":"Armaments","floor":1},{"not_picked":["Havoc","Combust"],"picked":"Iron Wave","floor":3},{"not_picked":["Entrench","Armaments"],"picked":"Hemokinesis","floor":4},{"not_picked":["Thunderclap","Shrug It Off"],"picked":"Shockwave","floor":7},{"not_picked":["Power Through","Carnage"],"picked":"Whirlwind","floor":12},{"not_picked":["Inflame","Hemokinesis"],"picked":"Spot Weakness","floor":13},{"not_picked":["Sword Boomerang","Clash","Twin Strike"],"picked":"SKIP","floor":14},{"not_picked":["Dark Embrace","Fiend Fire"],"picked":"Exhume","floor":16},{"not_picked":[],"picked":"Heavy Blade","floor":18},{"not_picked":["Perfected Strike"],"picked":"SKIP","floor":19},{"not_picked":["Twin Strike"],"picked":"SKIP","floor":20},{"not_picked":["Uppercut"],"picked":"Ghostly Armor","floor":22},{"not_picked":["Blood for Blood+1","Body Slam"],"picked":"SKIP","floor":24},{"not_picked":["Havoc","Armaments"],"picked":"SKIP","floor":28},{"not_picked":["Twin Strike","Havoc"],"picked":"SKIP","floor":29},{"not_picked":["Clash+1","Hemokinesis+1"],"picked":"SKIP","floor":31}],"player_experience":596648,"relics_obtained":[{"floor":7,"key":"The Courier"},{"floor":9,"key":"Bottled Flame"},{"floor":12,"key":"Art of War"},{"floor":26,"key":"Bag of Preparation"},{"floor":31,"key":"Blue Candle"}],"event_choices":[{"damage_healed":0,"gold_gain":0,"player_choice":"Take Wound","damage_taken":0,"relics_obtained":["Golden Idol"],"max_hp_gain":0,"max_hp_loss":0,"event_name":"Golden Idol","floor":2,"gold_loss":0,"cards_obtained":["Injury"]},{"damage_healed":0,"gold_gain":0,"player_choice":"Entered Light","damage_taken":14,"max_hp_gain":0,"max_hp_loss":0,"event_name":"Shining Light","floor":5,"gold_loss":0,"cards_upgraded":["Armaments","Panacea"]},{"damage_healed":0,"gold_gain":100,"player_choice":"Gold","damage_taken":0,"max_hp_gain":0,"max_hp_loss":0,"event_name":"Wheel of Change","floor":10,"gold_loss":0},{"damage_healed":0,"gold_gain":0,"player_choice":"Opened","damage_taken":0,"relics_obtained":["Question Card"],"max_hp_gain":0,"max_hp_loss":0,"event_name":"The Mausoleum","floor":21,"gold_loss":0,"cards_obtained":["Writhe"]}],"is_beta":false,"boss_relics":[{"not_picked":["Cursed Key","Runic Cube"],"picked":"Busted Crown"}],"items_purged_floors":[30],"is_endless":false,"potions_floor_spawned":[1,7,12,16,19,22,24,28],"killed_by":"Champ","ascension_level":4}