{"gold_per_floor":[111,125,125,21,33,63,75,104,129,129,129,149,149,149,149,249,299,313,513,533,117,131,131,158,190,273,285],"floor_reached":27,"playtime":1541,"items_purged":["Strike_B"],"score":268,"play_id":"c2d470e5-21f7-4c11-910c-11049b5b79d9","local_time":"20181231091757","is_ascension_mode":false,"campfire_choices":[{"floor":10,"key":"REST"},{"floor":13,"key":"REST"},{"data":"Biased Cognition","floor":15,"key":"SMITH"},{"floor":23,"key":"REST"}],"neow_cost":"NONE","seed_source_timestamp":0,"circlet_count":0,"master_deck":["Strike_B","Strike_B","Defend_B","Defend_B","Defend_B","Zap","Dualcast","Ball Lightning+1","Sweeping Beam+1","Go for the Eyes","Sweeping Beam","Ball Lightning","Buffer","Go for the Eyes+1","Rebound","Go for the Eyes","Biased Cognition+1","Creative AI","Ball Lightning","Gash+1","Reinforced Body","Loop","Gash","Double Energy","Capacitor","Consume+1"],"special_seed":0,"relics":["Cracked Core","Potion Belt","Whetstone","Lantern","Oddly Smooth Stone","Tiny House","Pantograph","MawBank","Meat on the Bone"],"potions_floor_usage":[6,17,18,24,25,27,27],"damage_taken":[{"damage":0.0,"enemies":"2 Louse","floor":1.0,"turns":3.0},{"damage":1.0,"enemies":"Jaw Worm","floor":2.0,"turns":3.0},{"damage":1.0,"enemies":"Cultist","floor":5.0,"turns":3.0},{"damage":10,"enemies":"3 Sentries","floor":6,"turns":4},{"damage":18,"enemies":"Exordium Wildlife","floor":7,"turns":3},{"damage":6,"enemies":"Gremlin Nob","floor":8,"turns":4},{"damage":4,"enemies":"Looter","floor":12,"turns":3},{"damage":36,"enemies":"The Guardian","floor":16,"turns":10},{"damage":0,"enemies":"Shell Parasite","floor":18,"turns":3},{"damage":34,"enemies":"2 Thieves","floor":20,"turns":3},{"damage":17,"enemies":"3 Cultists","floor":22,"turns":4},{"damage":48,"enemies":"Slavers","floor":24,"turns":5},{"damage":5,"enemies":"Snecko","floor":25,"turns":4},{"damage":17,"enemies":"Book of Stabbing","floor":27,"turns":4}],"seed_played":"5394405263658970970","potions_obtained":[{"floor":2.0,"key":"LiquidBronze"},{"floor":5,"key":"EssenceOfSteel"},{"floor":6,"key":"Ancient Potion"},{"floor":7,"key":"Strength Potion"},{"floor":8,"key":"EssenceOfSteel"},{"floor":17,"key":"Fruit Juice"},{"floor":24,"key":"SpeedPotion"}],"is_trial":false,"path_per_floor":["M","M","?","$","M","M","E","M","E","T","R","?","M","R","?","R","B",null,"M","?","M","$","M","R","E","M","T","E"],"character_chosen":"DEFECT","items_purchased":["Go for the Eyes","Sweeping Beam","Loop","Gash","Pantograph"],"campfire_rested":3,"item_purchase_floors":[4,4,21,21,21],"current_hp_per_floor":[82,81,74,74,73,63,45,39,39,63,60,56,80,80,80,44,92,92,92,58,58,41,68,20,15,15,0],"gold":285,"neow_bonus":"TEN_PERCENT_HP_BONUS","is_prod":false,"is_daily":false,"chose_seed":false,"campfire_upgraded":1,"win_rate":0,"timestamp":1546208277,"path_taken":["M","M","?","$","M","E","M","E","T","R","?","M","R","?","R","BOSS","M","?","?","$","M","R","E","M","T","E"],"build_version":"2018-12-20","purchased_purges":1,"victory":false,"max_hp_per_floor":[82,82,82,82,82,82,82,82,82,82,82,82,82,82,82,82,92,92,92,92,92,92,92,92,92,92,92],"card_choices":[{"not_picked":["Leap","Streamline"],"picked":"Ball Lightning","floor":1.0},{"not_picked":["Scrape","Hologram"],"picked":"Sweeping Beam","floor":2.0},{"not_picked":["Lockon","Rebound"],"picked":"Ball Lightning","floor":5},{"not_picked":["Hologram","Conserve Battery"],"picked":"Buffer","floor":6},{"not_picked":["Blizzard","Glacier"],"picked":"Go for the Eyes","floor":7},{"not_picked":["Conserve Battery","Darkness"],"picked":"Rebound","floor":8},{"not_picked":["Coolheaded","Streamline"],"picked":"Go for the Eyes","floor":12},{"not_picked":["Buffer","Electrodynamics"],"picked":"Creative AI","floor":16},{"not_picked":["Steam","Scrape"],"picked":"Ball Lightning","floor":17},{"not_picked":["Storm","Ball Lightning"],"picked":"Gash+1","floor":18},{"not_picked":["FTL","Hologram"],"picked":"Reinforced Body","floor":20},{"not_picked":["Tempest+1","Streamline"],"picked":"Double Energy","floor":22},{"not_picked":["Beam Cell","Conserve Battery"],"picked":"Capacitor","floor":24},{"not_picked":["Blizzard","Sweeping Beam"],"picked":"Consume+1","floor":25}],"player_experience":354887,"relics_obtained":[{"floor":6,"key":"Potion Belt"},{"floor":8,"key":"Whetstone"},{"floor":9,"key":"Lantern"},{"floor":24,"key":"MawBank"},{"floor":26,"key":"Meat on the Bone"}],"event_choices":[{"cards_removed":["Strike_B"],"damage_healed":0.0,"max_hp_gain":0.0,"max_hp_loss":0.0,"gold_gain":0.0,"event_name":"Golden Wing","player_choice":"Card Removal","floor":3.0,"gold_loss":0.0,"damage_taken":7.0},{"damage_healed":0,"gold_gain":0,"player_choice":"Success","damage_taken":3,"relics_obtained":["Oddly Smooth Stone"],"max_hp_gain":0,"max_hp_loss":0,"event_name":"Scrap Ooze","floor":11,"gold_loss":0},{"damage_healed":0,"gold_gain":0,"cards_transformed":["Defend_B"],"player_choice":"Change","damage_taken":0,"max_hp_gain":0,"max_hp_loss":0,"event_name":"Living Wall","floor":14,"gold_loss":0,"cards_obtained":["Biased Cognition"]},{"damage_healed":0,"gold_gain":200,"player_choice":"Gold","damage_taken":0,"max_hp_gain":0,"max_hp_loss":0,"event_name":"Wheel of Change","floor":19,"gold_loss":0}],"is_beta":false,"boss_relics":[{"not_picked":["Lizard Tail","Empty Cage"],"picked":"Tiny House"}],"items_purged_floors":[21],"is_endless":false,"potions_floor_spawned":[2,5,6,7,8,24],"killed_by":"Book of Stabbing","ascension_level":0}