{"gold_per_floor":[118,137,150,163,183,213,213,245,245,245],"floor_reached":10,"playtime":563,"items_purged":[],"score":116,"play_id":"a6b53f6e-0849-49c3-b5cc-74d8cb93a9c6","local_time":"20190609160340","is_ascension_mode":true,"campfire_choices":[{"data":"Armaments","floor":7,"key":"SMITH"}],"neow_cost":"NONE","seed_source_timestamp":5163256310796408,"circlet_count":0,"master_deck":["Strike_R","Strike_R","Strike_R","Strike_R","Strike_R","Defend_R","Defend_R","Defend_R","Defend_R","Bash","Cleave","Body Slam","Wild Strike","Battle Trance","Inflame","Armaments+1","Warcry"],"relics":["Burning Blood","Ancient Tea Set","Pen Nib","Blue Candle"],"potions_floor_usage":[6,6],"damage_taken":[{"damage":6,"enemies":"Cultist","floor":1,"turns":3},{"damage":4,"enemies":"Small Slimes","floor":2,"turns":4},{"damage":8,"enemies":"Jaw Worm","floor":3,"turns":4},{"damage":19,"enemies":"Exordium Wildlife","floor":4,"turns":6},{"damage":28,"enemies":"Gremlin Gang","floor":5,"turns":4},{"damage":8,"enemies":"Gremlin Nob","floor":6,"turns":3},{"damage":31,"enemies":"3 Sentries","floor":8,"turns":6},{"damage":27,"enemies":"Gremlin Nob","floor":10,"turns":3}],"seed_played":"-684718562847170906","potions_obtained":[{"floor":2,"key":"Regen Potion"},{"floor":3,"key":"Energy Potion"},{"floor":5,"key":"SpeedPotion"}],"is_trial":false,"path_per_floor":["M","M","M","M","M","E","R","E","T","E"],"character_chosen":"IRONCLAD","items_purchased":[],"campfire_rested":0,"item_purchase_floors":[],"current_hp_per_floor":[80,82,80,67,45,48,48,23,23,0],"gold":245,"neow_bonus":"TEN_PERCENT_HP_BONUS","is_prod":false,"is_daily":false,"chose_seed":false,"campfire_upgraded":1,"win_rate":0,"timestamp":1560110620,"path_taken":["M","?","M","M","M","E","R","E","T","E"],"build_version":"2019-01-23","purchased_purges":0,"victory":false,"max_hp_per_floor":[88,88,88,88,88,88,88,88,88,88],"card_choices":[{"not_picked":["Wild Strike","True Grit"],"picked":"Cleave","floor":1},{"not_picked":["Dual Wield","Flex"],"picked":"Body Slam","floor":2},{"not_picked":["Clothesline","Evolve"],"picked":"Wild Strike","floor":3},{"not_picked":["Fire Breathing","Bloodletting"],"picked":"Battle Trance","floor":4},{"not_picked":["Burning Pact","Warcry"],"picked":"Inflame","floor":5},{"not_picked":["Infernal Blade","Blood for Blood"],"picked":"Armaments","floor":6},{"not_picked":["Iron Wave","Thunderclap"],"picked":"Warcry","floor":8}],"player_experience":224787,"relics_obtained":[{"floor":6,"key":"Ancient Tea Set"},{"floor":8,"key":"Pen Nib"},{"floor":9,"key":"Blue Candle"}],"event_choices":[],"is_beta":false,"boss_relics":[],"items_purged_floors":[],"is_endless":false,"potions_floor_spawned":[2,3,5],"killed_by":"Gremlin Nob","ascension_level":9}