{"gold_per_floor":[117,132,145,22,22,49,63,63,89,89,89,89,102,129,141,153],"floor_reached":16,"playtime":639,"items_purged":["Strike_B"],"score":143,"play_id":"d7038b90-fd85-4212-801a-a3104f8fd284","local_time":"20190805053606","is_ascension_mode":true,"campfire_choices":[{"data":"Hyperbeam","floor":8,"key":"SMITH"},{"data":"Sweeping Beam","floor":10,"key":"SMITH"},{"data":"Dualcast","floor":12,"key":"SMITH"},{"data":"Go for the Eyes","floor":15,"key":"SMITH"}],"neow_cost":"NONE","seed_source_timestamp":2190704183212299,"circlet_count":0,"master_deck":["Strike_B","Strike_B","Strike_B","Defend_B","Defend_B+1","Defend_B+1","Defend_B","Zap+1","Dualcast+1","Go for the Eyes+1","Conserve Battery","Cold Snap","Sweeping Beam+1","Hyperbeam+1","Cold Snap","Steam","Creative AI"],"relics":["Cracked Core","Dream Catcher","Blood Vial","War Paint","MawBank"],"potions_floor_usage":[],"damage_taken":[{"damage":2,"enemies":"Jaw Worm","floor":1,"turns":3},{"damage":4,"enemies":"Small Slimes","floor":2,"turns":2},{"damage":0,"enemies":"Cultist","floor":3,"turns":3},{"damage":12,"enemies":"3 Sentries","floor":6,"turns":8},{"damage":0,"enemies":"2 Fungi Beasts","floor":7,"turns":1},{"damage":0,"enemies":"3 Louse","floor":13,"turns":1},{"damage":7,"enemies":"Gremlin Nob","floor":14,"turns":3},{"damage":47,"enemies":"Hexaghost","floor":16,"turns":11}],"seed_played":"-7538715412062046598","potions_obtained":[{"floor":1,"key":"Ancient Potion"},{"floor":3,"key":"Dexterity Potion"}],"is_trial":false,"path_per_floor":["M","M","M","$","?","E","M","R","T","R","?","R","M","E","R","B"],"character_chosen":"DEFECT","items_purchased":["Sweeping Beam"],"campfire_rested":0,"item_purchase_floors":[4],"current_hp_per_floor":[66,62,62,62,55,43,45,45,45,45,45,45,47,42,42,0],"gold":153,"neow_bonus":"UPGRADE_CARD","is_prod":false,"is_daily":false,"chose_seed":false,"campfire_upgraded":4,"win_rate":0,"timestamp":1565004966,"path_taken":["M","M","M","$","?","E","M","R","T","R","?","R","M","E","R","BOSS"],"build_version":"2019-07-18","purchased_purges":1,"victory":false,"max_hp_per_floor":[75,75,75,75,75,75,75,75,75,75,75,75,75,75,75,75],"card_choices":[{"not_picked":["Aggregate","Reprogram"],"picked":"Go for the Eyes","floor":1},{"not_picked":["Double Energy","Rebound"],"picked":"Conserve Battery","floor":2},{"not_picked":["Self Repair","Rebound"],"picked":"Cold Snap","floor":3},{"not_picked":["Barrage","Conserve Battery"],"picked":"Hyperbeam","floor":6},{"not_picked":["Heatsinks","Go for the Eyes"],"picked":"Cold Snap","floor":7},{"not_picked":["Turbo","Rebound"],"picked":"Steam","floor":13},{"not_picked":["All For One","Go for the Eyes"],"picked":"Creative AI","floor":14}],"player_experience":123445,"relics_obtained":[{"floor":6,"key":"Blood Vial"},{"floor":9,"key":"War Paint"},{"floor":14,"key":"MawBank"}],"event_choices":[{"damage_healed":0,"gold_gain":0,"player_choice":"Success","damage_taken":7,"relics_obtained":["Dream Catcher"],"max_hp_gain":0,"max_hp_loss":0,"event_name":"Scrap Ooze","floor":5,"gold_loss":0},{"damage_healed":0,"gold_gain":0,"player_choice":"Ignored","damage_taken":0,"max_hp_gain":0,"max_hp_loss":0,"event_name":"Liars Game","floor":11,"gold_loss":0}],"is_beta":true,"boss_relics":[],"items_purged_floors":[4],"is_endless":false,"potions_floor_spawned":[1,3],"killed_by":"Hexaghost","ascension_level":6}