{"gold_per_floor":[110,110,35,35,49,93,93,131,180,180,180,221,12,12,12,133,133,151,166,9,9,29,29,103,103,103,119,159,159,159,172,172,172],"floor_reached":33,"playtime":2267,"items_purged":["Injury","Brutality"],"score":409,"play_id":"d5ff0656-524a-4d15-9b43-39d86dcfa856","local_time":"20190515233733","is_ascension_mode":true,"campfire_choices":[{"floor":7,"key":"REST"},{"data":"Feed","floor":10,"key":"SMITH"},{"floor":15,"key":"REST"},{"data":"Armaments","floor":23,"key":"SMITH"},{"floor":25,"key":"RECALL"},{"data":"True Grit","floor":29,"key":"SMITH"},{"data":"Ghostly Armor","floor":32,"key":"SMITH"}],"neow_cost":"NONE","seed_source_timestamp":27144376727500,"circlet_count":0,"master_deck":["Bash","Ghostly Armor+1","Feed+1","Cleave","Armaments+1","Offering","Clash","Blood for Blood","Body Slam","Immolate","Heavy Blade","Wild Strike","Armaments","Battle Trance","Inflame","Pummel","True Grit+1"],"relics":["Burning Blood","Golden Idol","Red Skull","Anchor","Art of War","Oddly Smooth Stone","Ancient Tea Set","Membership Card","Pandora\u0027s Box","Blood Vial","MutagenicStrength","Tiny Chest","Bronze Scales","Toxic Egg 2"],"potions_floor_usage":[12,12,18,28,33,33],"damage_taken":[{"damage":6,"enemies":"2 Louse","floor":1,"turns":3},{"damage":28,"enemies":"Jaw Worm","floor":5,"turns":4},{"damage":41,"enemies":"Lagavulin","floor":6,"turns":7},{"damage":28,"enemies":"Gremlin Nob","floor":8,"turns":4},{"damage":22,"enemies":"Lagavulin","floor":12,"turns":6},{"damage":61,"enemies":"Slime Boss","floor":16,"turns":15},{"damage":11,"enemies":"Shell Parasite","floor":18,"turns":4},{"damage":0,"enemies":"Chosen","floor":19,"turns":4},{"damage":7,"enemies":"3 Cultists","floor":22,"turns":3},{"damage":8,"enemies":"Gremlin Leader","floor":24,"turns":5},{"damage":11,"enemies":"Centurion and Healer","floor":27,"turns":4},{"damage":30,"enemies":"Slavers","floor":28,"turns":5},{"damage":6,"enemies":"Sentry and Sphere","floor":31,"turns":1},{"damage":103,"enemies":"Automaton","floor":33,"turns":6}],"seed_played":"8556152202688333737","potions_obtained":[{"floor":6,"key":"BloodPotion"},{"floor":8,"key":"Weak Potion"},{"floor":16,"key":"SkillPotion"},{"floor":18,"key":"Swift Potion"},{"floor":24,"key":"SpeedPotion"},{"floor":27,"key":"Swift Potion"}],"is_trial":false,"path_per_floor":["M","?","$","?","M","E","R","E","T","R","$","E","$","?","R","B",null,"M","M","$","?","M","R","E","R","T","M","E","R","T","M","R","B"],"character_chosen":"IRONCLAD","items_purchased":["Membership Card","Blood Vial","Inflame"],"campfire_rested":2,"item_purchase_floors":[13,20,20],"current_hp_per_floor":[88,88,88,88,66,31,57,38,38,38,38,31,31,31,58,7,95,94,103,103,103,102,102,101,101,101,102,84,84,84,90,90,0],"gold":172,"neow_bonus":"TEN_PERCENT_HP_BONUS","is_prod":false,"is_daily":false,"chose_seed":false,"campfire_upgraded":4,"win_rate":0,"timestamp":1557988653,"path_taken":["M","?","$","?","?","E","R","E","T","R","$","E","?","?","R","BOSS","M","M","$","?","M","R","E","R","T","M","E","R","?","M","R","BOSS"],"build_version":"2019-01-23","purchased_purges":2,"victory":false,"max_hp_per_floor":[88,88,88,88,88,88,88,91,91,91,91,91,91,91,91,95,95,99,103,103,103,103,103,103,103,103,107,111,111,111,115,115,115],"card_choices":[{"not_picked":["Shrug It Off","Clash"],"picked":"Ghostly Armor","floor":1},{"not_picked":["Clothesline","Havoc","Sword Boomerang"],"picked":"SKIP","floor":5},{"not_picked":["Corruption","Shrug It Off"],"picked":"Feed","floor":6},{"not_picked":["Heavy Blade","Anger"],"picked":"Cleave","floor":8},{"not_picked":["Corruption","Sword Boomerang"],"picked":"Armaments","floor":12},{"not_picked":["Berserk","Limit Break"],"picked":"Offering","floor":16},{"not_picked":["True Grit","Havoc","Dropkick"],"picked":"SKIP","floor":18},{"not_picked":["Sword Boomerang","Body Slam+1","Feel No Pain"],"picked":"SKIP","floor":19},{"not_picked":["Sword Boomerang","Perfected Strike"],"picked":"Pummel","floor":22},{"not_picked":["Metallicize","Inflame+1","Second Wind"],"picked":"SKIP","floor":24},{"not_picked":["Flex","Sword Boomerang","Rupture"],"picked":"SKIP","floor":27},{"not_picked":["Cleave+1","Headbutt"],"picked":"True Grit","floor":28},{"not_picked":["Thunderclap","Bludgeon","Armaments+1"],"picked":"SKIP","floor":31}],"player_experience":501492,"relics_obtained":[{"floor":4,"key":"Red Skull"},{"floor":6,"key":"Anchor"},{"floor":8,"key":"Art of War"},{"floor":9,"key":"Oddly Smooth Stone"},{"floor":12,"key":"Ancient Tea Set"},{"floor":24,"key":"Tiny Chest"},{"floor":28,"key":"Bronze Scales"},{"floor":30,"key":"Toxic Egg 2"}],"event_choices":[{"damage_healed":0,"gold_gain":0,"player_choice":"Take Wound","damage_taken":0,"relics_obtained":["Golden Idol"],"max_hp_gain":0,"max_hp_loss":0,"event_name":"Golden Idol","floor":2,"gold_loss":0,"cards_obtained":["Injury"]},{"damage_healed":0,"gold_gain":0,"player_choice":"Relic","damage_taken":0,"max_hp_gain":0,"max_hp_loss":0,"event_name":"Wheel of Change","floor":4,"gold_loss":0},{"damage_healed":0,"gold_gain":0,"player_choice":"Leave","damage_taken":0,"max_hp_gain":0,"max_hp_loss":0,"event_name":"The Cleric","floor":14,"gold_loss":0},{"damage_healed":0,"gold_gain":0,"player_choice":"Inject Mutagens","damage_taken":0,"relics_obtained":["MutagenicStrength"],"max_hp_gain":0,"max_hp_loss":0,"event_name":"Drug Dealer","floor":21,"gold_loss":0}],"is_beta":false,"boss_relics":[{"not_picked":["Orrery","Philosopher\u0027s Stone"],"picked":"Pandora\u0027s Box"}],"items_purged_floors":[3,20],"is_endless":false,"potions_floor_spawned":[6,8,16,18,24,27],"killed_by":"Automaton","ascension_level":4}