{"gold_per_floor":[118,128,46,46,62,62,39,49,103,137,104,130,130,140,140,243,243,256,24,40,40,50,50,81,81,81,96,96,110,122,140,140,244,244,261,122,222,222,242,242,257,257,334,334,350,26,37,48,48,48],"floor_reached":51,"playtime":6592,"items_purged":["Pain","Bash","Shame"],"score":773,"play_id":"962609cf-33e7-4f7b-8501-dcbcc717e6a5","local_time":"20190730030825","is_ascension_mode":false,"campfire_choices":[{"data":"Finesse","floor":6,"key":"SMITH"},{"floor":15,"key":"REST"},{"data":"Barricade","floor":23,"key":"SMITH"},{"data":"Iron Wave","floor":25,"key":"SMITH"},{"data":"Flame Barrier","floor":28,"key":"SMITH"},{"data":"Armaments","floor":32,"key":"SMITH"},{"data":"Impervious","floor":40,"key":"SMITH"},{"data":"Shrug It Off","floor":42,"key":"SMITH"},{"data":"Shrug It Off","floor":44,"key":"SMITH"},{"floor":49,"key":"REST"}],"neow_cost":"NONE","seed_source_timestamp":279087821476675,"circlet_count":0,"master_deck":["Strike_R","Strike_R","Strike_R","Strike_R","Strike_R","Defend_R","Defend_R","Defend_R","Defend_R","Shrug It Off+1","Thunderclap+1","Finesse+1","Shrug It Off+1","Headbutt+1","Barricade+1","Cleave","Ghostly Armor","Impervious+1","Finesse+1","Iron Wave+1","Flame Barrier+1","Armaments+1","Body Slam","Anger+1","Barricade+1","Metallicize+1","Body Slam","Body Slam+1","Body Slam","Shrug It Off","Infernal Blade+1"],"relics":["Burning Blood","WarpedTongs","Red Skull","PreservedInsect","Whetstone","Anchor","Velvet Choker","Vajra","Bottled Lightning","Frozen Egg 2","Cursed Key","Mango","FaceOfCleric","Paper Frog","Lantern"],"potions_floor_usage":[11,16,24,27,50],"damage_taken":[{"damage":5,"enemies":"Small Slimes","floor":1,"turns":4},{"damage":5,"enemies":"Cultist","floor":2,"turns":4},{"damage":14,"enemies":"Jaw Worm","floor":5,"turns":3},{"damage":10,"enemies":"3 Louse","floor":8,"turns":5},{"damage":27,"enemies":"3 Sentries","floor":10,"turns":8},{"damage":16,"enemies":"Exordium Thugs","floor":11,"turns":5},{"damage":2,"enemies":"Lots of Slimes","floor":14,"turns":1},{"damage":40,"enemies":"The Guardian","floor":16,"turns":14},{"damage":16,"enemies":"Shell Parasite","floor":18,"turns":9},{"damage":2,"enemies":"3 Byrds","floor":20,"turns":5},{"damage":0,"enemies":"Snecko","floor":22,"turns":5},{"damage":0,"enemies":"Book of Stabbing","floor":24,"turns":8},{"damage":27,"enemies":"Snake Plant","floor":27,"turns":7},{"damage":0,"enemies":"Centurion and Healer","floor":29,"turns":23},{"damage":9,"enemies":"Shelled Parasite and Fungi","floor":30,"turns":9},{"damage":10,"enemies":"Cultist and Chosen","floor":31,"turns":9},{"damage":11,"enemies":"Champ","floor":33,"turns":16},{"damage":0,"enemies":"3 Darklings","floor":35,"turns":9},{"damage":0,"enemies":"Mind Bloom Boss Battle","floor":37,"turns":8},{"damage":19,"enemies":"Orb Walker","floor":39,"turns":5},{"damage":9,"enemies":"Jaw Worm Horde","floor":41,"turns":5},{"damage":21,"enemies":"4 Shapes","floor":45,"turns":5},{"damage":0,"enemies":"Spire Growth","floor":47,"turns":5},{"damage":0,"enemies":"Maw","floor":48,"turns":8},{"damage":0,"enemies":"Donu and Deca","floor":50,"turns":10}],"seed_played":"5162396572711887715","potions_obtained":[{"floor":1,"key":"SteroidPotion"},{"floor":10,"key":"FearPotion"},{"floor":11,"key":"Energy Potion"},{"floor":14,"key":"Energy Potion"},{"floor":22,"key":"Dexterity Potion"},{"floor":24,"key":"PowerPotion"},{"floor":27,"key":"Ancient Potion"},{"floor":29,"key":"FearPotion"},{"floor":33,"key":"SpeedPotion"},{"floor":37,"key":"SkillPotion"},{"floor":41,"key":"LiquidBronze"},{"floor":48,"key":"Swift Potion"}],"is_trial":false,"path_per_floor":["M","M","$","?","M","R","$","M","T","E","M","T","?","M","R","B",null,"M","$","M","?","M","R","E","R","T","M","R","M","M","M","R","B",null,"M","$","?","?","M","R","M","R","T","R","M","$","M","M","R","B",null],"character_chosen":"IRONCLAD","items_purchased":["Finesse","Headbutt","Vajra","Metallicize+1","Lantern","Shrug It Off"],"campfire_rested":2,"item_purchase_floors":[3,7,19,36,46,46],"current_hp_per_floor":[88,88,88,88,80,80,80,76,76,55,45,45,33,37,63,29,88,78,78,82,82,88,88,88,88,88,67,67,73,70,66,66,61,88,88,88,102,102,90,90,88,88,88,88,74,74,81,88,107,108],"gold":48,"neow_bonus":"TEN_PERCENT_HP_BONUS","is_prod":false,"is_daily":false,"chose_seed":false,"campfire_upgraded":8,"win_rate":0,"timestamp":1564448905,"path_taken":["M","M","$","?","M","R","?","M","T","E","M","?","?","M","R","BOSS","M","$","M","?","?","R","E","R","T","M","R","M","M","M","R","BOSS","M","$","?","?","M","R","?","R","T","R","M","$","M","M","R","BOSS"],"build_version":"2019-07-17","purchased_purges":3,"victory":true,"max_hp_per_floor":[88,88,88,88,88,88,88,88,88,88,88,88,88,88,88,88,88,88,88,88,88,88,88,88,88,88,88,88,88,88,88,88,88,88,88,88,102,102,103,103,104,104,104,104,105,105,106,107,107,108],"card_choices":[{"not_picked":["Hemokinesis","Pommel Strike"],"picked":"Shrug It Off","floor":1},{"not_picked":["Shockwave","Cleave"],"picked":"Thunderclap","floor":2},{"not_picked":["Clothesline","Entrench"],"picked":"Shrug It Off","floor":5},{"not_picked":["True Grit","Pummel","Clash"],"picked":"SKIP","floor":8},{"not_picked":["Headbutt","Corruption"],"picked":"Barricade","floor":10},{"not_picked":["Uppercut","Thunderclap"],"picked":"Cleave","floor":11},{"not_picked":["Uppercut","Armaments"],"picked":"Ghostly Armor","floor":14},{"not_picked":["Immolate","Bludgeon"],"picked":"Impervious","floor":16},{"not_picked":["Rage","Disarm","Headbutt"],"picked":"SKIP","floor":18},{"not_picked":["Perfected Strike+1","Second Wind+1","Wild Strike"],"picked":"SKIP","floor":20},{"not_picked":["Hemokinesis","Headbutt","Wild Strike"],"picked":"SKIP","floor":22},{"not_picked":["Feel No Pain","Combust+1"],"picked":"Iron Wave","floor":24},{"not_picked":["Bloodletting","Clash"],"picked":"Flame Barrier","floor":27},{"not_picked":["Iron Wave","Perfected Strike"],"picked":"Armaments","floor":29},{"not_picked":["Whirlwind","Rampage"],"picked":"Body Slam","floor":30},{"not_picked":["Shockwave","Twin Strike"],"picked":"Anger+1","floor":31},{"not_picked":["Fiend Fire","Bludgeon"],"picked":"Barricade+1","floor":33},{"not_picked":["Rage+1","Heavy Blade","Anger+1"],"picked":"SKIP","floor":35},{"not_picked":["Clothesline+1","Clash+1"],"picked":"Body Slam","floor":39},{"not_picked":["Sever Soul","Clash+1"],"picked":"Body Slam+1","floor":41},{"not_picked":["Clothesline+1","Blood for Blood"],"picked":"Body Slam","floor":45},{"not_picked":["Pommel Strike+1","Heavy Blade+1","Thunderclap+1"],"picked":"SKIP","floor":47},{"not_picked":["Wild Strike","Hemokinesis"],"picked":"Infernal Blade+1","floor":48}],"player_experience":99014,"relics_obtained":[{"floor":9,"key":"Red Skull"},{"floor":10,"key":"PreservedInsect"},{"floor":12,"key":"Whetstone"},{"floor":24,"key":"Bottled Lightning"},{"floor":26,"key":"Frozen Egg 2"},{"floor":37,"key":"Mango"},{"floor":43,"key":"Paper Frog"}],"event_choices":[{"damage_healed":0,"gold_gain":0,"player_choice":"Rummage","damage_taken":0,"relics_obtained":["WarpedTongs"],"max_hp_gain":0,"max_hp_loss":0,"event_name":"Accursed Blacksmith","floor":4,"gold_loss":0,"cards_obtained":["Pain"]},{"damage_healed":0,"gold_gain":0,"player_choice":"Success","damage_taken":12,"relics_obtained":["Anchor"],"max_hp_gain":0,"max_hp_loss":0,"event_name":"Scrap Ooze","floor":13,"gold_loss":0},{"damage_healed":0,"gold_gain":0,"player_choice":"Copied","damage_taken":0,"max_hp_gain":0,"max_hp_loss":0,"event_name":"Duplicator","floor":21,"gold_loss":0,"cards_obtained":["Finesse"]},{"damage_healed":0,"gold_gain":0,"player_choice":"Fight","damage_taken":0,"max_hp_gain":0,"max_hp_loss":0,"event_name":"MindBloom","floor":37,"gold_loss":0},{"damage_healed":0,"gold_gain":0,"player_choice":"Trade","damage_taken":0,"relics_obtained":["FaceOfCleric"],"max_hp_gain":0,"max_hp_loss":0,"event_name":"FaceTrader","floor":38,"gold_loss":0}],"is_beta":false,"boss_relics":[{"not_picked":["Coffee Dripper","Runic Pyramid"],"picked":"Velvet Choker"},{"not_picked":["Orrery","White Beast Statue"],"picked":"Cursed Key"}],"items_purged_floors":[19,36,46],"is_endless":false,"potions_floor_spawned":[1,10,11,14,22,24,27,29,33,35,37,41,48],"ascension_level":0}