{"gold_per_floor":[118,193,118,137,137,137,197,197,197,223,223,237,237,267,267,339,339,350,350,350,26,41,41],"floor_reached":23,"playtime":658,"items_purged":["Strike_B","Pain"],"score":390,"play_id":"5c1ad203-797c-4c47-854a-9f55c74bb45b","local_time":"20190530120504","is_ascension_mode":true,"campfire_choices":[{"data":"Recycle","floor":6.0,"key":"SMITH"},{"data":"Coolheaded","floor":11.0,"key":"SMITH"},{"data":"Hologram","floor":13.0,"key":"SMITH"},{"data":"Streamline","floor":15.0,"key":"SMITH"}],"neow_cost":"NONE","seed_source_timestamp":781661182868920,"circlet_count":0,"master_deck":["AscendersBane","Strike_B","Strike_B","Defend_B","Defend_B","Defend_B","Defend_B","Zap","Dualcast","Recycle+1","Ball Lightning","Coolheaded+1","Hologram+1","Streamline+1","Biased Cognition","Cold Snap","Turbo"],"special_seed":0,"relics":["Cracked Core","NeowsBlessing","Kunai","WarpedTongs","Meat on the Bone","Lantern","Potion Belt","Inserter","Bag of Preparation"],"potions_floor_usage":[23],"damage_taken":[{"damage":0.0,"enemies":"Cultist","floor":1.0,"turns":1.0},{"damage":0.0,"enemies":"Small Slimes","floor":4.0,"turns":1.0},{"damage":0.0,"enemies":"3 Sentries","floor":7.0,"turns":1.0},{"damage":23.0,"enemies":"3 Sentries","floor":10.0,"turns":7.0},{"damage":3.0,"enemies":"2 Louse","floor":12.0,"turns":4.0},{"damage":35.0,"enemies":"Gremlin Nob","floor":14.0,"turns":4.0},{"damage":7.0,"enemies":"The Guardian","floor":16.0,"turns":10.0},{"damage":14.0,"enemies":"Spheric Guardian","floor":18.0,"turns":4.0},{"damage":0.0,"enemies":"3 Byrds","floor":22.0,"turns":3.0},{"damage":39,"enemies":"Book of Stabbing","floor":23,"turns":5}],"seed_played":"-197994283073427256","potions_obtained":[{"floor":4.0,"key":"Strength Potion"},{"floor":7.0,"key":"Explosive Potion"},{"floor":10.0,"key":"FocusPotion"},{"floor":12.0,"key":"Poison Potion"},{"floor":18.0,"key":"Explosive Potion"}],"is_trial":false,"path_per_floor":["M","?","$","M","?","R","?","?","T","E","R","M","R","E","R","B",null,"M","?","?","$","M","E"],"character_chosen":"DEFECT","items_purchased":["Turbo","Bag of Preparation"],"campfire_rested":0,"item_purchase_floors":[21,21],"current_hp_per_floor":[64,53,53,53,46,46,46,46,46,35,35,44,44,21,21,26,60,46,46,26,26,38,0],"gold":41,"neow_bonus":"THREE_ENEMY_KILL","is_prod":false,"is_daily":false,"chose_seed":false,"campfire_upgraded":4,"win_rate":0,"timestamp":1559189104,"path_taken":["M","?","$","M","?","R","?","?","T","E","R","?","R","E","R","BOSS","M","?","?","$","M","E"],"build_version":"2019-01-23","purchased_purges":2,"victory":false,"max_hp_per_floor":[71,71,71,71,71,71,71,71,71,71,71,71,71,71,71,71,71,71,71,76,76,76,76],"card_choices":[{"not_picked":["Go for the Eyes","Redo"],"picked":"Recycle","floor":1.0},{"not_picked":["Beam Cell","Barrage","Blizzard"],"picked":"SKIP","floor":4.0},{"not_picked":["Reinforced Body","Reprogram"],"picked":"Ball Lightning","floor":7.0},{"not_picked":["Reinforced Body","Genetic Algorithm"],"picked":"Coolheaded","floor":10.0},{"not_picked":["Stack","Tempest"],"picked":"Hologram","floor":12.0},{"not_picked":["Cold Snap","Go for the Eyes"],"picked":"Streamline","floor":14.0},{"not_picked":["Hyperbeam","All For One"],"picked":"Biased Cognition","floor":16.0},{"not_picked":["Stack","Leap+1"],"picked":"Cold Snap","floor":18.0},{"not_picked":["Hologram","Turbo","Coolheaded"],"picked":"SKIP","floor":22.0}],"player_experience":958325,"relics_obtained":[{"floor":7.0,"key":"Kunai"},{"floor":9.0,"key":"Meat on the Bone"},{"floor":10.0,"key":"Lantern"},{"floor":14.0,"key":"Potion Belt"}],"event_choices":[{"damage_healed":0.0,"max_hp_gain":0.0,"max_hp_loss":0.0,"gold_gain":75.0,"event_name":"World of Goop","player_choice":"Gather Gold","floor":2.0,"gold_loss":0.0,"damage_taken":11.0},{"cards_removed":["Strike_B"],"damage_healed":0.0,"max_hp_gain":0.0,"max_hp_loss":0.0,"gold_gain":0.0,"event_name":"Golden Wing","player_choice":"Card Removal","floor":5.0,"gold_loss":0.0,"damage_taken":7.0},{"damage_healed":0.0,"max_hp_gain":0.0,"max_hp_loss":0.0,"gold_gain":0.0,"event_name":"Dead Adventurer","player_choice":"Searched \u00271\u0027 times","floor":7.0,"gold_loss":0.0,"damage_taken":0.0},{"damage_healed":0.0,"max_hp_gain":0.0,"max_hp_loss":0.0,"gold_gain":0.0,"event_name":"Accursed Blacksmith","player_choice":"Rummage","floor":8.0,"gold_loss":0.0,"damage_taken":0.0,"relics_obtained":["WarpedTongs"],"cards_obtained":["Pain"]},{"damage_healed":0.0,"max_hp_gain":0.0,"max_hp_loss":0.0,"gold_gain":0.0,"event_name":"Vampires","player_choice":"Ignored","floor":19.0,"gold_loss":0.0,"damage_taken":0.0},{"damage_healed":0.0,"max_hp_gain":5.0,"max_hp_loss":0.0,"gold_gain":0.0,"event_name":"Forgotten Altar","player_choice":"Shed Blood","floor":20.0,"gold_loss":0.0,"damage_taken":25.0}],"is_beta":false,"boss_relics":[{"not_picked":["Nuclear Battery","Velvet Choker"],"picked":"Inserter"}],"items_purged_floors":[3,21],"is_endless":false,"potions_floor_spawned":[4,7,10,12,18],"killed_by":"Book of Stabbing","ascension_level":20}