{"gold_per_floor":[112,112,124,199,199,232,232,242,269,269,329,254,254,254,254,331,331,341,266,18,18,31,31,42,70,70,70,70,70],"floor_reached":29,"playtime":1057,"items_purged":[],"score":644,"play_id":"bc504bcd-39eb-428f-a2c4-40069f98f5de","local_time":"20190715145343","is_ascension_mode":true,"campfire_choices":[{"data":"Bouncing Flask","floor":7.0,"key":"SMITH"},{"data":"Neutralize","floor":13.0,"key":"SMITH"},{"data":"Well Laid Plans","floor":15.0,"key":"SMITH"},{"data":"Footwork","floor":23.0,"key":"SMITH"}],"neow_cost":"NONE","seed_source_timestamp":352385698286450,"circlet_count":0,"master_deck":["AscendersBane","Strike_G+1","Strike_G+1","Strike_G+1","Defend_G+1","Defend_G+1","Defend_G+1","Defend_G+1","Defend_G+1","Survivor","Neutralize+1","Bouncing Flask+1","Well Laid Plans+1","Backflip","Burst","Escape Plan","Footwork+1","Acrobatics","Escape Plan","Escape Plan"],"special_seed":0,"relics":["Ring of the Snake","NeowsBlessing","Whetstone","Tiny Chest","Blue Candle","Black Star","Membership Card","The Courier","Mummified Hand","Calipers"],"potions_floor_usage":[],"damage_taken":[{"damage":0.0,"enemies":"Cultist","floor":1.0,"turns":1.0},{"damage":0.0,"enemies":"2 Louse","floor":3.0,"turns":1.0},{"damage":0.0,"enemies":"3 Sentries","floor":6.0,"turns":1.0},{"damage":4.0,"enemies":"Small Slimes","floor":8.0,"turns":3.0},{"damage":24.0,"enemies":"Lagavulin","floor":11.0,"turns":7.0},{"damage":1.0,"enemies":"Hexaghost","floor":16.0,"turns":8.0},{"damage":14.0,"enemies":"Chosen","floor":18.0,"turns":5.0},{"damage":0.0,"enemies":"Spheric Guardian","floor":22.0,"turns":5.0},{"damage":0.0,"enemies":"Snecko","floor":24.0,"turns":6.0},{"damage":20.0,"enemies":"Gremlin Leader","floor":25.0,"turns":8.0},{"damage":0,"enemies":"Cultist and Chosen","floor":29,"turns":2}],"seed_played":"5339883045201562686","potions_obtained":[{"floor":1.0,"key":"Ancient Potion"},{"floor":2.0,"key":"Fruit Juice"},{"floor":2.0,"key":"SneckoOil"},{"floor":3.0,"key":"SkillPotion"},{"floor":22.0,"key":"GhostInAJar"},{"floor":24.0,"key":"Energy Potion"}],"is_trial":false,"path_per_floor":["M","?","M","?","?","E","R","M","T","?","E","?","R","?","R","B",null,"M","?","$","?","M","R","M","E","T","?","?","M"],"character_chosen":"THE_SILENT","items_purchased":["Membership Card","Footwork"],"campfire_rested":0,"item_purchase_floors":[20,20],"current_hp_per_floor":[59,64,64,53,53,53,53,49,49,49,25,25,25,25,25,24,59,45,45,45,45,45,45,45,25,25,25,25,25],"gold":70,"neow_bonus":"THREE_ENEMY_KILL","is_prod":false,"is_daily":false,"chose_seed":false,"campfire_upgraded":4,"win_rate":0,"timestamp":1563173623,"path_taken":["M","?","?","?","?","E","R","M","T","?","E","?","R","?","R","BOSS","M","?","$","?","M","R","M","E","T","?","?","M"],"build_version":"2019-07-05","purchased_purges":0,"victory":false,"max_hp_per_floor":[66,71,71,71,71,71,71,71,71,71,71,71,71,71,71,71,71,71,71,71,71,71,71,71,71,71,71,71,71],"card_choices":[{"not_picked":["PiercingWail","Expertise"],"picked":"Bouncing Flask","floor":1.0},{"not_picked":["Underhanded Strike","Slice"],"picked":"Bane","floor":3.0},{"not_picked":["Finisher","Cloak And Dagger"],"picked":"Backflip","floor":6.0},{"not_picked":["Quick Slash","Sucker Punch"],"picked":"Burst","floor":8.0},{"not_picked":["Dagger Throw","Cloak And Dagger"],"picked":"Escape Plan","floor":11.0},{"not_picked":["Dodge and Roll","Dagger Throw+1","Blade Dance"],"picked":"SKIP","floor":18.0},{"not_picked":["Heel Hook","Backflip","Slice"],"picked":"SKIP","floor":22.0},{"not_picked":["Flying Knee","Prepared"],"picked":"Acrobatics","floor":24.0},{"not_picked":["Blade Dance","Crippling Poison"],"picked":"A Thousand Cuts","floor":25.0}],"player_experience":1115405,"relics_obtained":[{"floor":6.0,"key":"Whetstone"},{"floor":11.0,"key":"Tiny Chest"},{"floor":25.0,"key":"The Courier"},{"floor":25.0,"key":"Mummified Hand"},{"floor":26.0,"key":"Calipers"}],"event_choices":[{"damage_healed":0.0,"max_hp_gain":0.0,"max_hp_loss":0.0,"gold_gain":0.0,"event_name":"Lab","player_choice":"Got Potions","floor":2.0,"gold_loss":0.0,"damage_taken":0.0},{"damage_healed":0.0,"max_hp_gain":0.0,"max_hp_loss":0.0,"gold_gain":75.0,"event_name":"World of Goop","player_choice":"Gather Gold","floor":4.0,"gold_loss":0.0,"damage_taken":11.0},{"damage_healed":0.0,"max_hp_gain":0.0,"max_hp_loss":0.0,"gold_gain":0.0,"cards_transformed":["Bane"],"event_name":"Living Wall","player_choice":"Change","floor":5.0,"gold_loss":0.0,"damage_taken":0.0,"cards_obtained":["Well Laid Plans"]},{"damage_healed":0.0,"max_hp_gain":0.0,"max_hp_loss":0.0,"gold_gain":0.0,"event_name":"Liars Game","player_choice":"Ignored","floor":10.0,"gold_loss":0.0,"damage_taken":0.0},{"cards_removed":["Strike_G"],"damage_healed":0.0,"max_hp_gain":0.0,"max_hp_loss":0.0,"gold_gain":0.0,"event_name":"The Cleric","player_choice":"Card Removal","floor":12.0,"gold_loss":75.0,"damage_taken":0.0},{"damage_healed":0.0,"max_hp_gain":0.0,"max_hp_loss":0.0,"gold_gain":0.0,"event_name":"Big Fish","player_choice":"Box","floor":14.0,"gold_loss":0.0,"damage_taken":0.0,"relics_obtained":["Blue Candle"],"cards_obtained":["Regret"]},{"cards_removed":["Regret"],"damage_healed":0.0,"max_hp_gain":0.0,"max_hp_loss":0.0,"gold_gain":0.0,"event_name":"Beggar","player_choice":"Gave Gold","floor":19.0,"gold_loss":75.0,"damage_taken":0.0},{"damage_healed":0.0,"max_hp_gain":0.0,"max_hp_loss":0.0,"gold_gain":0.0,"event_name":"Back to Basics","player_choice":"Simplicity","floor":21.0,"gold_loss":0.0,"damage_taken":0.0,"cards_upgraded":["Strike_G","Strike_G","Defend_G","Defend_G","Defend_G","Defend_G","Defend_G"]},{"damage_healed":0,"gold_gain":0,"cards_transformed":["A Thousand Cuts","Strike_G"],"player_choice":"Became Test Subject","damage_taken":0,"max_hp_gain":0,"max_hp_loss":0,"event_name":"Drug Dealer","floor":27,"gold_loss":0,"cards_obtained":["Escape Plan","Escape Plan"]},{"damage_healed":0,"gold_gain":0,"player_choice":"Ignored","damage_taken":0,"max_hp_gain":0,"max_hp_loss":0,"event_name":"Vampires","floor":28,"gold_loss":0}],"is_beta":false,"boss_relics":[{"not_picked":["Fusion Hammer","Runic Pyramid"],"picked":"Black Star"}],"items_purged_floors":[],"is_endless":false,"potions_floor_spawned":[1,3,22,24],"killed_by":"Cultist and Chosen","ascension_level":20}