{"gold_per_floor":[117,67,78,96,110,136,149,183,183,183,203,28,57,57,57,152,152,171,191,207,14,30,30,58,73,96,96,129,41,41,51,51,153,153,169,0,0,12,12,12,37,48,48,48,66,96,112,187,187,187,187,187,47,80,80],"floor_reached":56,"playtime":5781,"items_purged":["Strike_B","Defend_B"],"score":1370,"play_id":"ad687e73-b25b-4694-8025-bebafb93d2a4","local_time":"20190801114933","is_ascension_mode":true,"campfire_choices":[{"data":"Zap","floor":15.0,"key":"SMITH"},{"data":"Beam Cell","floor":23.0,"key":"SMITH"},{"data":"Machine Learning","floor":32.0,"key":"SMITH"},{"data":"Hologram","floor":40.0,"key":"SMITH"},{"data":"Scrape","floor":44.0,"key":"SMITH"},{"floor":49.0,"key":"RECALL"},{"data":"Scrape","floor":52.0,"key":"SMITH"}],"neow_cost":"NONE","seed_source_timestamp":1860890240393600,"circlet_count":0,"master_deck":["Defend_B","Defend_B","Defend_B","Zap+1","Dualcast","Gash","Scrape+1","Gash","Hologram+1","Conserve Battery","Steam","Beam Cell+1","FTL","Gash","Scrape","Machine Learning+1","Fusion","Redo+1","Go for the Eyes+1","Conserve Battery","Echo Form","Leap+1","Stack+1","Bandage Up+1","Zap+1","Stack+1","Fission+1","Dark Shackles+1","Gash+1","Coolheaded+1","Scrape+1","Reinforced Body+1","Steam+1","Flash of Steel","Gash","BootSequence+1"],"special_seed":0,"relics":["Cracked Core","Potion Belt","Kunai","Shuriken","Omamori","Bronze Scales","Cursed Key","Toxic Egg 2","Juzu Bracelet","White Beast Statue","Red Mask","Lantern","Boot","Dodecahedron","Anchor","Strawberry"],"potions_floor_usage":[55,55,55,55,55],"damage_taken":[{"damage":1.0,"enemies":"Jaw Worm","floor":1.0,"turns":3.0},{"damage":3.0,"enemies":"Small Slimes","floor":3.0,"turns":3.0},{"damage":0.0,"enemies":"2 Louse","floor":4.0,"turns":2.0},{"damage":1.0,"enemies":"2 Fungi Beasts","floor":5.0,"turns":2.0},{"damage":18.0,"enemies":"Lagavulin","floor":6.0,"turns":5.0},{"damage":0.0,"enemies":"Gremlin Gang","floor":7.0,"turns":5.0},{"damage":13.0,"enemies":"Gremlin Nob","floor":8.0,"turns":4.0},{"damage":1.0,"enemies":"3 Louse","floor":11.0,"turns":3.0},{"damage":11.0,"enemies":"3 Sentries","floor":13.0,"turns":6.0},{"damage":8.0,"enemies":"The Guardian","floor":16.0,"turns":8.0},{"damage":3.0,"enemies":"Shell Parasite","floor":18.0,"turns":3.0},{"damage":15.0,"enemies":"2 Thieves","floor":19.0,"turns":3.0},{"damage":0.0,"enemies":"Snecko","floor":20.0,"turns":4.0},{"damage":12.0,"enemies":"Shelled Parasite and Fungi","floor":22.0,"turns":5.0},{"damage":21.0,"enemies":"Slavers","floor":24.0,"turns":3.0},{"damage":17.0,"enemies":"Snake Plant","floor":25.0,"turns":4.0},{"damage":1.0,"enemies":"Book of Stabbing","floor":28.0,"turns":6.0},{"damage":3.0,"enemies":"Centurion and Healer","floor":31.0,"turns":5.0},{"damage":10.0,"enemies":"Automaton","floor":33.0,"turns":8.0},{"damage":32.0,"enemies":"3 Shapes","floor":35.0,"turns":4.0},{"damage":2.0,"enemies":"3 Darklings","floor":38.0,"turns":6.0},{"damage":17.0,"enemies":"Reptomancer","floor":41.0,"turns":6.0},{"damage":0.0,"enemies":"4 Shapes","floor":42.0,"turns":7.0},{"damage":0.0,"enemies":"Maw","floor":45.0,"turns":6.0},{"damage":0.0,"enemies":"Giant Head","floor":46.0,"turns":6.0},{"damage":0.0,"enemies":"3 Darklings","floor":47.0,"turns":5.0},{"damage":0.0,"enemies":"Time Eater","floor":50.0,"turns":12.0},{"damage":16.0,"enemies":"Shield and Spear","floor":54.0,"turns":6.0},{"damage":68,"enemies":"The Heart","floor":55,"turns":8}],"seed_played":"-5556207059397685350","potions_obtained":[{"floor":4.0,"key":"SteroidPotion"},{"floor":6.0,"key":"Weak Potion"},{"floor":7.0,"key":"Strength Potion"},{"floor":19.0,"key":"Dexterity Potion"},{"floor":20.0,"key":"Ancient Potion"},{"floor":28.0,"key":"EssenceOfSteel"},{"floor":35.0,"key":"SkillPotion"},{"floor":38.0,"key":"Block Potion"},{"floor":41.0,"key":"Poison Potion"},{"floor":42.0,"key":"Dexterity Potion"},{"floor":45.0,"key":"Strength Potion"},{"floor":46.0,"key":"LiquidBronze"},{"floor":47.0,"key":"Regen Potion"},{"floor":54.0,"key":"EssenceOfSteel"}],"is_trial":false,"path_per_floor":["M","?","M","M","M","E","M","E","T","?","M","$","E","?","R","B",null,"M","M","M","$","M","R","E","M","T","?","E","$","?","M","R","B",null,"M","?","?","M","?","R","E","M","T","R","M","E","M","?","R","B",null,"R","$","E","B",null],"character_chosen":"DEFECT","items_purchased":["Gash","Scrape","Conserve Battery","SteroidPotion","Bandage Up+1","Flash of Steel","Gash"],"campfire_rested":0,"item_purchase_floors":[12,12,21,21,29,53,53],"current_hp_per_floor":[74,74,71,71,70,52,52,39,39,39,38,38,27,20,20,12,75,72,57,57,57,45,45,24,7,7,32,31,31,31,34,34,30,75,49,49,49,53,53,53,42,48,48,48,60,66,72,65,65,71,75,75,75,78,23],"gold":80,"neow_bonus":"RANDOM_COMMON_RELIC","is_prod":false,"is_daily":false,"chose_seed":false,"campfire_upgraded":6,"win_rate":0,"timestamp":1564681773,"path_taken":["M","?","M","M","M","E","M","E","T","?","M","$","E","?","R","BOSS","M","M","M","$","M","R","E","M","T","?","E","$","?","M","R","BOSS","M","?","?","M","?","R","E","M","T","R","M","E","M","?","R","BOSS","R","$","E","BOSS"],"build_version":"2019-07-18","purchased_purges":2,"victory":true,"max_hp_per_floor":[75,75,75,75,75,75,75,75,75,75,75,75,75,75,75,75,75,75,75,75,75,75,75,75,75,75,75,75,75,75,75,75,75,75,75,75,75,75,75,75,75,75,75,75,75,75,75,75,75,75,75,75,75,82,82],"card_choices":[{"not_picked":["Turbo","Reinforced Body"],"picked":"Gash","floor":1.0},{"not_picked":["Double Energy","Steam Power"],"picked":"Scrape","floor":3.0},{"not_picked":["Melter","Static Discharge"],"picked":"Gash","floor":4.0},{"not_picked":["Conserve Battery","White Noise"],"picked":"Hologram","floor":5.0},{"not_picked":["Hologram","Ball Lightning"],"picked":"Conserve Battery","floor":6.0},{"not_picked":["Hologram","Rebound"],"picked":"Steam","floor":7.0},{"not_picked":["Biased Cognition","Defragment"],"picked":"Beam Cell","floor":8.0},{"not_picked":["Reinforced Body","Glacier"],"picked":"FTL","floor":11.0},{"not_picked":["Loop","Fusion","Coolheaded"],"picked":"SKIP","floor":13.0},{"not_picked":["Amplify","Reboot"],"picked":"Machine Learning","floor":16.0},{"not_picked":["Compile Driver+1","Consume+1"],"picked":"Fusion","floor":18.0},{"not_picked":["Melter","Hologram"],"picked":"Redo+1","floor":19.0},{"not_picked":["Doom and Gloom","Static Discharge+1"],"picked":"Go for the Eyes+1","floor":20.0},{"not_picked":["Turbo","Steam Power+1"],"picked":"Echo Form","floor":22.0},{"not_picked":["Rebound","Loop"],"picked":"Leap","floor":24.0},{"not_picked":["Beam Cell","Loop","Barrage+1"],"picked":"SKIP","floor":25.0},{"not_picked":["Capacitor","Streamline"],"picked":"Stack+1","floor":28.0},{"not_picked":["Leap+1","Amplify+1"],"picked":"Stack+1","floor":31.0},{"not_picked":["Multi-Cast+1","Buffer"],"picked":"Fission+1","floor":33.0},{"not_picked":["Streamline+1","Turbo+1","Doom and Gloom+1"],"picked":"SKIP","floor":35.0},{"not_picked":["Bandage Up+1","Swift Strike"],"picked":"Dark Shackles+1","floor":37.0},{"not_picked":["Cold Snap+1","Doom and Gloom"],"picked":"Gash+1","floor":38.0},{"not_picked":["Fusion+1","FTL+1"],"picked":"Coolheaded+1","floor":41.0},{"not_picked":["Static Discharge+1","Rebound"],"picked":"Scrape","floor":42.0},{"not_picked":["Barrage+1","Blizzard","Cold Snap"],"picked":"SKIP","floor":45.0},{"not_picked":["Barrage+1","Blizzard","Cold Snap"],"picked":"SKIP","floor":45.0},{"not_picked":["Gash","Auto Shields+1"],"picked":"Reinforced Body+1","floor":46.0},{"not_picked":["Ball Lightning","Stack+1"],"picked":"Steam+1","floor":47.0},{"not_picked":["Melter+1","Blizzard"],"picked":"BootSequence+1","floor":54.0}],"player_experience":29125,"relics_obtained":[{"floor":6.0,"key":"Kunai"},{"floor":8.0,"key":"Shuriken"},{"floor":9.0,"key":"Omamori"},{"floor":13.0,"key":"Bronze Scales"},{"floor":24.0,"key":"Toxic Egg 2"},{"floor":28.0,"key":"Juzu Bracelet"},{"floor":41.0,"key":"Boot"},{"floor":43.0,"key":"Dodecahedron"},{"floor":46.0,"key":"Anchor"},{"floor":54.0,"key":"Strawberry"}],"event_choices":[{"cards_removed":["Strike_B"],"damage_healed":0.0,"max_hp_gain":0.0,"max_hp_loss":0.0,"gold_gain":0.0,"event_name":"The Cleric","player_choice":"Card Removal","floor":2.0,"gold_loss":50.0,"damage_taken":0.0},{"cards_removed":["Strike_B"],"damage_healed":0.0,"max_hp_gain":0.0,"max_hp_loss":0.0,"gold_gain":0.0,"event_name":"Living Wall","player_choice":"Forget","floor":10.0,"gold_loss":0.0,"damage_taken":0.0},{"cards_removed":["Strike_B"],"damage_healed":0.0,"max_hp_gain":0.0,"max_hp_loss":0.0,"gold_gain":0.0,"event_name":"Golden Wing","player_choice":"Card Removal","floor":14.0,"gold_loss":0.0,"damage_taken":7.0},{"damage_healed":25.0,"max_hp_gain":0.0,"max_hp_loss":0.0,"gold_gain":0.0,"event_name":"The Library","player_choice":"Heal","floor":27.0,"gold_loss":0.0,"damage_taken":0.0},{"damage_healed":0.0,"max_hp_gain":0.0,"max_hp_loss":0.0,"gold_gain":0.0,"event_name":"Match and Keep!","player_choice":"1 cards matched","floor":30.0,"gold_loss":0.0,"damage_taken":0.0,"cards_obtained":["Zap"]},{"damage_healed":0.0,"max_hp_gain":0.0,"max_hp_loss":0.0,"gold_gain":0.0,"event_name":"Tomb of Lord Red Mask","player_choice":"Paid","floor":36.0,"gold_loss":169.0,"damage_taken":0.0,"relics_obtained":["Red Mask"]},{"damage_healed":0.0,"max_hp_gain":0.0,"max_hp_loss":0.0,"gold_gain":0.0,"event_name":"SensoryStone","player_choice":"Memory 1","floor":37.0,"gold_loss":0.0,"damage_taken":0.0},{"damage_healed":0.0,"max_hp_gain":0.0,"max_hp_loss":0.0,"gold_gain":0.0,"event_name":"WeMeetAgain","player_choice":"Gave Potion","floor":39.0,"gold_loss":0.0,"damage_taken":0.0,"relics_obtained":["Lantern"]},{"damage_healed":0.0,"max_hp_gain":0.0,"max_hp_loss":0.0,"gold_gain":75.0,"event_name":"FaceTrader","player_choice":"Touch","floor":48.0,"gold_loss":0.0,"damage_taken":7.0}],"is_beta":true,"boss_relics":[{"not_picked":["Busted Crown","Philosopher\u0027s Stone"],"picked":"Cursed Key"},{"not_picked":["Fusion Hammer","Black Star"],"picked":"White Beast Statue"}],"items_purged_floors":[12,21],"is_endless":false,"potions_floor_spawned":[4,6,7,19,20,28,35,38,41,42,45,46,47,54],"ascension_level":1}