{"gold_per_floor":[20,35,35,210,210,210,243,25,25,25,37,65,65,65,65,164,164,174,174,155,105,119,119,129,44,68,18,18,18],"floor_reached":29,"playtime":1160,"items_purged":["Strike_R","Doubt","Strike_R"],"score":254,"play_id":"4b9c029d-2993-4d77-a0d4-48d804623fdc","local_time":"20181216142658","is_ascension_mode":false,"campfire_choices":[{"floor":6,"key":"RECALL"},{"floor":10,"key":"REST"},{"floor":15,"key":"REST"},{"floor":23,"key":"REST"},{"floor":28,"key":"REST"}],"neow_cost":"NO_GOLD","seed_source_timestamp":1797904295959273,"circlet_count":0,"master_deck":["Strike_R","Strike_R","Defend_R","Defend_R","Defend_R","Bash","Anger","Warcry","Rupture","True Grit","Flame Barrier","Limit Break","Demon Form","Heavy Blade+1","Shrug It Off"],"relics":["Burning Blood","Smiling Mask","Molten Egg 2","Pen Nib","Kunai","Bronze Scales","Question Card","Sozu","Sundial","Boot"],"potions_floor_usage":[12,16],"damage_taken":[{"damage":10,"enemies":"Jaw Worm","floor":1,"turns":4},{"damage":7,"enemies":"Small Slimes","floor":2,"turns":3},{"damage":28,"enemies":"Gremlin Nob","floor":7,"turns":4},{"damage":6,"enemies":"2 Louse","floor":11,"turns":3},{"damage":28,"enemies":"3 Sentries","floor":12,"turns":12},{"damage":51,"enemies":"Hexaghost","floor":16,"turns":11},{"damage":16,"enemies":"Chosen","floor":18,"turns":5},{"damage":34,"enemies":"2 Thieves","floor":20,"turns":4},{"damage":15,"enemies":"Snake Plant","floor":22,"turns":4},{"damage":25,"enemies":"Snecko","floor":24,"turns":5},{"damage":80,"enemies":"Gremlin Leader","floor":29,"turns":5}],"seed_played":"1553019817260622161","potions_obtained":[{"floor":7,"key":"EssenceOfSteel"},{"floor":12,"key":"Block Potion"}],"is_trial":false,"path_per_floor":["M","M","?","?","?","R","E","$","T","R","M","E","T","T","R","B",null,"M","?","M","$","M","R","M","?","T","$","R","E"],"character_chosen":"IRONCLAD","items_purchased":["Pen Nib","True Grit"],"campfire_rested":4,"item_purchase_floors":[8,8],"current_hp_per_floor":[76,75,80,80,73,73,51,51,51,76,76,54,54,54,79,34,85,75,75,47,47,38,63,44,44,44,44,69,0],"gold":18,"neow_bonus":"REMOVE_TWO","is_prod":false,"is_daily":false,"chose_seed":false,"campfire_upgraded":0,"win_rate":0,"timestamp":1544930818,"path_taken":["M","M","?","?","?","R","E","$","T","R","M","E","?","?","R","BOSS","M","?","M","$","M","R","M","?","T","$","R","E"],"build_version":"2018-12-13","purchased_purges":3,"victory":false,"max_hp_per_floor":[80,80,85,85,85,85,85,85,85,85,85,85,85,85,85,85,85,85,85,85,85,85,85,85,85,85,85,85,85],"card_choices":[{"not_picked":["Body Slam","Sentinel"],"picked":"Anger","floor":1},{"not_picked":["Thunderclap","Entrench"],"picked":"Warcry","floor":2},{"not_picked":["Anger","Entrench"],"picked":"Rupture","floor":7},{"not_picked":["Clothesline+1","Clash+1"],"picked":"Flame Barrier","floor":11},{"not_picked":["Hemokinesis+1","Exhume"],"picked":"Limit Break","floor":12},{"not_picked":["Berserk","Dark Embrace","Bludgeon+1"],"picked":"Demon Form","floor":16},{"not_picked":["Anger+1","Body Slam+1","Dropkick+1","Intimidate"],"picked":"SKIP","floor":18},{"not_picked":["Flex","Clash+1","Sever Soul+1"],"picked":"Shrug It Off","floor":20},{"not_picked":["Twin Strike+1","Wild Strike+1","Warcry","Iron Wave+1"],"picked":"SKIP","floor":22},{"not_picked":["Feel No Pain+1","Rupture","Warcry","Sword Boomerang+1"],"picked":"SKIP","floor":24}],"player_experience":247247,"relics_obtained":[{"floor":7,"key":"Molten Egg 2"},{"floor":9,"key":"Kunai"},{"floor":12,"key":"Bronze Scales"},{"floor":14,"key":"Question Card"},{"floor":26,"key":"Boot"}],"event_choices":[{"damage_healed":0,"gold_gain":0,"player_choice":"Donut","damage_taken":0,"max_hp_gain":5,"max_hp_loss":0,"event_name":"Big Fish","floor":3,"gold_loss":0},{"damage_healed":0,"gold_gain":175,"player_choice":"AGREE","damage_taken":0,"max_hp_gain":0,"max_hp_loss":0,"event_name":"Liars Game","floor":4,"gold_loss":0,"cards_obtained":["Doubt"]},{"damage_healed":0,"gold_gain":0,"player_choice":"Success","damage_taken":7,"relics_obtained":["Smiling Mask"],"max_hp_gain":0,"max_hp_loss":0,"event_name":"Scrap Ooze","floor":5,"gold_loss":0},{"damage_healed":0,"gold_gain":0,"player_choice":"Read","damage_taken":0,"max_hp_gain":0,"max_hp_loss":0,"event_name":"The Library","floor":19,"gold_loss":0,"cards_obtained":["Heavy Blade"]},{"damage_healed":0,"gold_gain":0,"player_choice":"Obtained Relic","damage_taken":0,"relics_obtained":["Sundial"],"max_hp_gain":0,"max_hp_loss":0,"event_name":"Addict","floor":25,"gold_loss":85}],"is_beta":false,"boss_relics":[{"not_picked":["Black Blood","Eternal Feather"],"picked":"Sozu"}],"items_purged_floors":[8,21,27],"is_endless":false,"potions_floor_spawned":[7,12],"killed_by":"Gremlin Leader","ascension_level":0}