{"gold_per_floor":[20,35,35,49,49,49,78,98,173,64,76,94,94,21,21,117,117,134,25,45,45,56,56,88,88,88,105,105,105,117,62,62,62],"floor_reached":33,"playtime":2320,"items_purged":["Strike_R"],"score":320,"play_id":"0774dc97-b5d9-4d63-8f8b-7def28056e93","local_time":"20190702133500","is_ascension_mode":true,"campfire_choices":[{"data":"Bash","floor":6,"key":"SMITH"},{"data":"Feel No Pain","floor":13,"key":"SMITH"},{"floor":15,"key":"REST"},{"data":"Barricade","floor":23,"key":"SMITH"},{"floor":29,"key":"REST"},{"floor":32,"key":"REST"}],"neow_cost":"NO_GOLD","seed_source_timestamp":1443599293421100,"circlet_count":0,"master_deck":["Strike_R","Strike_R","Strike_R","Defend_R","Defend_R","Defend_R","Bash+1","Pommel Strike","Second Wind","Spot Weakness","Armaments","Feel No Pain+1","Shockwave","Barricade+1","Iron Wave","True Grit","PanicButton","Shrug It Off+1","Hemokinesis","Berserk","Body Slam","Dropkick","Body Slam+1","Feed"],"relics":["Burning Blood","StoneCalendar","Bottled Flame","Lizard Tail","Art of War","Shuriken","Tiny Chest"],"potions_floor_usage":[12,16,16,16,27,27,30,33],"damage_taken":[{"damage":3,"enemies":"Small Slimes","floor":1,"turns":3},{"damage":1,"enemies":"Cultist","floor":2,"turns":3},{"damage":2,"enemies":"2 Louse","floor":4,"turns":2},{"damage":37,"enemies":"Lagavulin","floor":7,"turns":6},{"damage":15,"enemies":"2 Fungi Beasts","floor":8,"turns":4},{"damage":11,"enemies":"Looter","floor":11,"turns":2},{"damage":16,"enemies":"Blue Slaver","floor":12,"turns":5},{"damage":55,"enemies":"The Guardian","floor":16,"turns":10},{"damage":33,"enemies":"Shell Parasite","floor":18,"turns":7},{"damage":11,"enemies":"Chosen","floor":20,"turns":7},{"damage":29,"enemies":"Snecko","floor":22,"turns":7},{"damage":23,"enemies":"Gremlin Leader","floor":24,"turns":11},{"damage":38,"enemies":"3 Cultists","floor":27,"turns":7},{"damage":10,"enemies":"Snake Plant","floor":30,"turns":5},{"damage":108,"enemies":"Automaton","floor":33,"turns":8}],"seed_played":"5254640459160735362","potions_obtained":[{"floor":7,"key":"LiquidBronze"},{"floor":8,"key":"LiquidBronze"},{"floor":11,"key":"Regen Potion"},{"floor":12,"key":"GamblersBrew"},{"floor":20,"key":"SteroidPotion"},{"floor":24,"key":"Energy Potion"},{"floor":27,"key":"GamblersBrew"},{"floor":30,"key":"BloodPotion"}],"is_trial":false,"path_per_floor":["M","M","?","M","?","R","E","M","T","$","M","M","R","$","R","B",null,"M","$","M","?","M","R","E","?","T","M","?","R","M","?","R","B"],"character_chosen":"IRONCLAD","items_purchased":["Spot Weakness","Shockwave","True Grit","PanicButton"],"campfire_rested":3,"item_purchase_floors":[10,14,19,19],"current_hp_per_floor":[80,80,85,85,85,85,54,45,45,45,40,39,39,39,64,15,85,58,58,53,53,30,30,13,45,45,13,13,40,36,36,63,0],"gold":62,"neow_bonus":"REMOVE_TWO","is_prod":false,"is_daily":false,"chose_seed":false,"campfire_upgraded":3,"win_rate":0,"timestamp":1562099700,"path_taken":["M","M","?","M","?","R","E","M","T","$","M","?","R","$","R","BOSS","M","$","M","?","M","R","E","?","T","M","?","R","M","?","R","BOSS"],"build_version":"2019-07-01","purchased_purges":1,"victory":false,"max_hp_per_floor":[80,80,85,85,85,85,85,85,85,85,85,85,85,85,85,85,85,85,85,85,85,85,85,85,90,90,90,90,90,90,90,90,90],"card_choices":[{"not_picked":["Anger","Iron Wave"],"picked":"Pommel Strike","floor":1},{"not_picked":["Hemokinesis","Body Slam"],"picked":"Havoc","floor":2},{"not_picked":["Cleave","Clothesline"],"picked":"Second Wind","floor":4},{"not_picked":["Second Wind","Dropkick"],"picked":"Brutality","floor":7},{"not_picked":["Heavy Blade","Blood for Blood","Havoc"],"picked":"SKIP","floor":8},{"not_picked":["Flex","Fire Breathing"],"picked":"Armaments","floor":11},{"not_picked":["Thunderclap","Battle Trance"],"picked":"Feel No Pain","floor":12},{"not_picked":["Immolate","Reaper"],"picked":"Barricade","floor":16},{"not_picked":["Corruption","Disarm+1"],"picked":"Iron Wave","floor":18},{"not_picked":["Heavy Blade+1","Wild Strike"],"picked":"Shrug It Off+1","floor":20},{"not_picked":["Sever Soul","Iron Wave"],"picked":"Body Slam","floor":22},{"not_picked":["Offering","Sentinel"],"picked":"Dropkick","floor":24},{"not_picked":["Wild Strike+1","Anger"],"picked":"Body Slam+1","floor":27},{"not_picked":["Clash","Perfected Strike+1"],"picked":"Feed","floor":30}],"player_experience":598446,"relics_obtained":[{"floor":7,"key":"StoneCalendar"},{"floor":9,"key":"Bottled Flame"},{"floor":24,"key":"Art of War"},{"floor":26,"key":"Shuriken"}],"event_choices":[{"damage_healed":0,"gold_gain":0,"player_choice":"Donut","damage_taken":0,"max_hp_gain":5,"max_hp_loss":0,"event_name":"Big Fish","floor":3,"gold_loss":0},{"damage_healed":0,"gold_gain":0,"player_choice":"Upgraded","damage_taken":0,"max_hp_gain":0,"max_hp_loss":0,"event_name":"Upgrade Shrine","floor":5,"gold_loss":0,"cards_upgraded":["Havoc"]},{"damage_healed":0,"gold_gain":0,"cards_transformed":["Brutality","Havoc"],"player_choice":"Became Test Subject","damage_taken":0,"max_hp_gain":0,"max_hp_loss":0,"event_name":"Drug Dealer","floor":21,"gold_loss":0,"cards_obtained":["Hemokinesis","Berserk"]},{"damage_healed":0,"gold_gain":0,"player_choice":"Shed Blood","damage_taken":21,"max_hp_gain":5,"max_hp_loss":0,"event_name":"Forgotten Altar","floor":25,"gold_loss":0},{"damage_healed":0,"gold_gain":0,"player_choice":"Ignored","damage_taken":0,"max_hp_gain":0,"max_hp_loss":0,"event_name":"Ghosts","floor":28,"gold_loss":0},{"damage_healed":0,"gold_gain":0,"player_choice":"Obtained Relic","damage_taken":0,"relics_obtained":["Tiny Chest"],"max_hp_gain":0,"max_hp_loss":0,"event_name":"Addict","floor":31,"gold_loss":85}],"is_beta":false,"boss_relics":[{"not_picked":["Philosopher\u0027s Stone","Calling Bell"],"picked":"Lizard Tail"}],"items_purged_floors":[10],"is_endless":false,"potions_floor_spawned":[7,8,11,12,20,24,27,30],"killed_by":"Automaton","ascension_level":4}