{"gold_per_floor":[14,14,32,32,48,48,59,76,102,131,131,156,168,198,210,299,311,342,333,345,282,294,7,7,18,18,18,33,33,49,66,66,66],"floor_reached":33,"playtime":1609,"items_purged":["Bite"],"score":518,"play_id":"a004da5e-8aac-46a3-8d10-5e643d9b1cfc","local_time":"20190701125547","is_ascension_mode":true,"campfire_choices":[{"data":"Consume","floor":6.0,"key":"SMITH"},{"data":"Turbo","floor":11.0,"key":"SMITH"},{"data":"Dualcast","floor":13.0,"key":"SMITH"},{"data":"Zap","floor":15.0,"key":"SMITH"},{"data":"Fission","floor":24.0,"key":"SMITH"},{"floor":27.0,"key":"REST"},{"floor":29.0,"key":"REST"},{"floor":32.0,"key":"RECALL"}],"neow_cost":"NO_GOLD","seed_source_timestamp":571360781458799,"circlet_count":0,"master_deck":["AscendersBane","Defend_B","Defend_B","Defend_B","Defend_B","Zap+1","Dualcast+1","Ball Lightning","Turbo+1","Consume+1","Conserve Battery","Undo","Cold Snap","Fission+1","Recycle+1","Bite","Bite","Bite","Loop+1"],"special_seed":0,"relics":["Cracked Core","WingedGreaves","Torii","FaceOfCleric","Oddly Smooth Stone","Mummified Hand","MawBank","Inserter","Medical Kit","Ginger"],"potions_floor_usage":[33],"damage_taken":[{"damage":1.0,"enemies":"Cultist","floor":1.0,"turns":3.0},{"damage":0.0,"enemies":"2 Louse","floor":3.0,"turns":2.0},{"damage":1.0,"enemies":"Small Slimes","floor":5.0,"turns":3.0},{"damage":16.0,"enemies":"Blue Slaver","floor":7.0,"turns":4.0},{"damage":1.0,"enemies":"Red Slaver","floor":8.0,"turns":3.0},{"damage":8.0,"enemies":"Gremlin Nob","floor":10.0,"turns":3.0},{"damage":22.0,"enemies":"3 Sentries","floor":12.0,"turns":8.0},{"damage":0.0,"enemies":"2 Fungi Beasts","floor":14.0,"turns":3.0},{"damage":16.0,"enemies":"Hexaghost","floor":16.0,"turns":12.0},{"damage":14.0,"enemies":"3 Byrds","floor":18.0,"turns":6.0},{"damage":22.0,"enemies":"2 Thieves","floor":19.0,"turns":4.0},{"damage":26.0,"enemies":"Cultist and Chosen","floor":25.0,"turns":7.0},{"damage":26.0,"enemies":"Sentry and Sphere","floor":28.0,"turns":7.0},{"damage":35.0,"enemies":"Shelled Parasite and Fungi","floor":30.0,"turns":18.0},{"damage":11.0,"enemies":"Centurion and Healer","floor":31.0,"turns":14.0},{"damage":65,"enemies":"Collector","floor":33,"turns":7}],"seed_played":"-344536715772636914","potions_obtained":[{"floor":1.0,"key":"Ancient Potion"},{"floor":5.0,"key":"FocusPotion"},{"floor":8.0,"key":"FocusPotion"},{"floor":10.0,"key":"LiquidBronze"},{"floor":12.0,"key":"PowerPotion"},{"floor":16.0,"key":"Dexterity Potion"},{"floor":22.0,"key":"Regen Potion"},{"floor":22.0,"key":"Ancient Potion"},{"floor":31.0,"key":"SkillPotion"}],"is_trial":false,"path_per_floor":["M","T","M","?","M","R","M","M","T","E","R","E","R","M","R","B",null,"M","M","?","?","?","$","R","M","T","R","M","R","M","M","R","B"],"character_chosen":"DEFECT","items_purchased":["Medical Kit"],"campfire_rested":2,"item_purchase_floors":[23],"current_hp_per_floor":[63,63,63,63,63,63,48,48,48,41,41,20,20,21,21,6,60,47,26,26,26,26,26,26,26,26,43,30,47,49,60,60,0],"gold":66,"neow_bonus":"ONE_RARE_RELIC","is_prod":false,"is_daily":false,"chose_seed":false,"campfire_upgraded":5,"win_rate":0,"timestamp":1561956947,"path_taken":["M","?","M","?","M","R","M","M","T","E","R","E","R","M","R","BOSS","M","M","?","?","?","$","R","M","T","R","M","R","M","?","R","BOSS"],"build_version":"2019-01-23","purchased_purges":1,"victory":false,"max_hp_per_floor":[71,71,71,71,72,72,73,74,74,75,75,76,76,77,77,78,78,79,80,56,56,56,56,56,57,57,57,58,58,59,60,60,60],"card_choices":[{"not_picked":["Capacitor","Steam Power"],"picked":"Ball Lightning","floor":1.0},{"not_picked":["Compile Driver","Streamline"],"picked":"Turbo","floor":3.0},{"not_picked":["Storm","Steam"],"picked":"Consume","floor":5.0},{"not_picked":["Streamline","Gash","Rebound"],"picked":"SKIP","floor":7.0},{"not_picked":["Stack","Darkness"],"picked":"Conserve Battery","floor":8.0},{"not_picked":["Hyperbeam","Compile Driver"],"picked":"Undo","floor":10.0},{"not_picked":["Stack","Streamline"],"picked":"Cold Snap","floor":12.0},{"not_picked":["Compile Driver","Redo","Storm"],"picked":"SKIP","floor":14.0},{"not_picked":["Reboot","Thunder Strike"],"picked":"Fission","floor":16.0},{"not_picked":["Cold Snap","Steam"],"picked":"Recycle+1","floor":18.0},{"not_picked":["Capacitor","Storm","Cold Snap"],"picked":"SKIP","floor":19.0},{"not_picked":["Double Energy","Streamline","Lockon"],"picked":"SKIP","floor":25.0},{"not_picked":["Rip and Tear","Redo+1"],"picked":"Loop+1","floor":28.0},{"not_picked":["Sweeping Beam","Conserve Battery","Ball Lightning"],"picked":"SKIP","floor":30.0},{"not_picked":["Ball Lightning+1","Steam","Sweeping Beam"],"picked":"SKIP","floor":31.0}],"player_experience":1024074,"relics_obtained":[{"floor":2.0,"key":"Torii"},{"floor":9.0,"key":"Oddly Smooth Stone"},{"floor":10.0,"key":"Mummified Hand"},{"floor":12.0,"key":"MawBank"},{"floor":26.0,"key":"Ginger"}],"event_choices":[{"damage_healed":0.0,"max_hp_gain":0.0,"max_hp_loss":0.0,"gold_gain":0.0,"event_name":"FaceTrader","player_choice":"Trade","floor":4.0,"gold_loss":0.0,"damage_taken":0.0,"relics_obtained":["FaceOfCleric"]},{"damage_healed":0.0,"max_hp_gain":0.0,"max_hp_loss":24.0,"gold_gain":0.0,"event_name":"Vampires","player_choice":"Became a vampire","floor":20.0,"gold_loss":0.0,"damage_taken":0.0,"cards_obtained":["Bite","Bite","Bite","Bite","Bite"]},{"cards_removed":["Bite"],"damage_healed":0.0,"max_hp_gain":0.0,"max_hp_loss":0.0,"gold_gain":0.0,"event_name":"Beggar","player_choice":"Gave Gold","floor":21.0,"gold_loss":75.0,"damage_taken":0.0},{"damage_healed":0.0,"max_hp_gain":0.0,"max_hp_loss":0.0,"gold_gain":0.0,"event_name":"Lab","player_choice":"Got Potions","floor":22.0,"gold_loss":0.0,"damage_taken":0.0}],"is_beta":false,"boss_relics":[{"not_picked":["Fusion Hammer","Snecko Eye"],"picked":"Inserter"}],"items_purged_floors":[23],"is_endless":false,"potions_floor_spawned":[1,5,8,10,12,16,31],"killed_by":"Collector","ascension_level":20}