{"gold_per_floor":[117,128,78,78,78,107,107,125,125,125,7,82,112,123,123,227,227,237,237,237,237,250,250,283,295,341,341,354,74,91,61,61,160,160,173,173,37,54,12,12,31,57,81,94,94,129,129,129,129,129],"floor_reached":51,"playtime":4272,"items_purged":["Strike_G","Writhe"],"score":831,"play_id":"e306ac82-7671-41ff-b64d-578c92f9d885","local_time":"20190809150322","is_ascension_mode":false,"campfire_choices":[{"floor":7.0,"key":"REST"},{"data":"Accuracy","floor":10.0,"key":"SMITH"},{"floor":15.0,"key":"REST"},{"data":"A Thousand Cuts","floor":23,"key":"SMITH"},{"floor":32,"key":"REST"},{"data":"Infinite Blades","floor":40,"key":"SMITH"},{"data":"Caltrops","floor":45,"key":"SMITH"},{"data":"Blade Dance","floor":49,"key":"SMITH"}],"neow_cost":"NONE","seed_source_timestamp":0,"circlet_count":0,"master_deck":["Strike_G+1","Defend_G+1","Defend_G+1","Defend_G+1","Defend_G+1","Defend_G+1","Survivor","Neutralize","Deadly Poison","Well Laid Plans","Malaise","A Thousand Cuts+1","Accuracy+1","Infinite Blades+1","Blade Dance+1","Envenom","Catalyst+1","Corpse Explosion+1","Expertise+1","Ghostly+1","Ghostly+1","Ghostly+1","Ghostly+1","Ghostly+1","Deadly Poison+1","Deflect+1","Panacea+1","Setup+1","Escape Plan+1","Phantasmal Killer+1","Dodge and Roll+1","Dodge and Roll+1","Prepared+1","Cloak And Dagger+1","Caltrops+1","Catalyst+1"],"special_seed":0,"relics":["Ring of the Snake","Regal Pillow","The Courier","Matryoshka","Ninja Scroll","Strawberry","Mango","Sozu","Toxic Egg 2","Shuriken","Molten Egg 2","Juzu Bracelet","Blood Vial","Eternal Feather","PreservedInsect","Bottled Lightning","Centennial Puzzle","Lantern","FaceOfCleric"],"potions_floor_usage":[],"damage_taken":[{"damage":0.0,"enemies":"Jaw Worm","floor":1.0,"turns":6.0},{"damage":0.0,"enemies":"2 Louse","floor":2.0,"turns":3.0},{"damage":44.0,"enemies":"Gremlin Nob","floor":6.0,"turns":6.0},{"damage":5.0,"enemies":"Small Slimes","floor":8.0,"turns":4.0},{"damage":24.0,"enemies":"Lagavulin","floor":13.0,"turns":7.0},{"damage":4.0,"enemies":"Blue Slaver","floor":14.0,"turns":3.0},{"damage":41.0,"enemies":"The Guardian","floor":16.0,"turns":11.0},{"damage":0,"enemies":"3 Byrds","floor":18,"turns":4},{"damage":2,"enemies":"Shell Parasite","floor":22,"turns":5},{"damage":19,"enemies":"Gremlin Leader","floor":24,"turns":6},{"damage":6,"enemies":"Cultist and Chosen","floor":25,"turns":3},{"damage":10,"enemies":"Centurion and Healer","floor":28,"turns":4},{"damage":9,"enemies":"Shelled Parasite and Fungi","floor":30,"turns":4},{"damage":0,"enemies":"Collector","floor":33,"turns":7},{"damage":1,"enemies":"Orb Walker","floor":35,"turns":4},{"damage":0,"enemies":"3 Shapes","floor":38,"turns":2},{"damage":0,"enemies":"Jaw Worm Horde","floor":41,"turns":4},{"damage":7,"enemies":"Nemesis","floor":42,"turns":7},{"damage":1,"enemies":"3 Darklings","floor":44,"turns":4},{"damage":0,"enemies":"Giant Head","floor":46,"turns":7},{"damage":4,"enemies":"Donu and Deca","floor":50,"turns":6}],"seed_played":"8316124424836697130","potions_obtained":[{"floor":2.0,"key":"PowerPotion"},{"floor":6.0,"key":"Explosive Potion"},{"floor":13.0,"key":"SteroidPotion"}],"is_trial":false,"path_per_floor":["M","M","?","?","?","E","R","M","T","R","$","?","E","M","R","B",null,"M","?","?","?","M","R","E","M","T","?","M","$","M","$","R","B",null,"M","?","$","M","$","R","M","E","T","M","R","E","?","?","R","B",null],"character_chosen":"THE_SILENT","items_purchased":["Infinite Blades","Blood Vial","Deflect+1","Panacea+1","Escape Plan+1","PreservedInsect","Dodge and Roll+1","Cloak And Dagger+1"],"campfire_rested":3,"item_purchase_floors":[11,29,29,29,31,37,37,39],"current_hp_per_floor":[70,70,70,70,58,14,50,45,52,52,52,41,31,27,69,28,91,91,73,73,73,71,71,52,46,46,46,36,36,29,29,48,48,48,47,47,47,48,48,48,48,41,41,42,48,48,48,48,48,45],"gold":129,"neow_bonus":"RANDOM_COMMON_RELIC","is_prod":false,"is_daily":false,"chose_seed":false,"campfire_upgraded":5,"win_rate":0,"timestamp":1565355802,"path_taken":["M","M","?","?","?","E","R","M","T","R","$","?","E","M","R","BOSS","M","?","?","?","M","R","E","M","T","?","M","$","M","$","R","BOSS","M","?","$","M","$","R","M","E","T","M","R","E","?","?","R","BOSS"],"build_version":"2019-07-17","purchased_purges":2,"victory":true,"max_hp_per_floor":[70,70,70,70,70,70,70,70,77,77,77,77,91,91,91,91,91,91,96,96,96,96,96,96,96,96,48,48,48,48,48,48,48,48,48,48,48,48,48,48,48,48,48,48,48,48,48,48,48,49],"card_choices":[{"not_picked":["Prepared","Catalyst"],"picked":"Deadly Poison","floor":1.0},{"not_picked":["Deflect","Bane"],"picked":"Well Laid Plans","floor":2.0},{"not_picked":["Endless Agony","Dagger Throw"],"picked":"A Thousand Cuts","floor":6.0},{"not_picked":["Deflect","Heel Hook"],"picked":"Accuracy","floor":8.0},{"not_picked":["Backstab","All Out Attack"],"picked":"Blade Dance","floor":13.0},{"not_picked":["Dash","Quick Slash","Expertise"],"picked":"SKIP","floor":14.0},{"not_picked":["Tools of the Trade","A Thousand Cuts"],"picked":"Envenom","floor":16.0},{"not_picked":["Heel Hook","All Out Attack","Outmaneuver+1"],"picked":"SKIP","floor":18},{"not_picked":["Quick Slash","Underhanded Strike+1"],"picked":"Catalyst+1","floor":22},{"not_picked":["Underhanded Strike+1","Leg Sweep+1"],"picked":"Corpse Explosion+1","floor":24},{"not_picked":["Outmaneuver+1","Endless Agony"],"picked":"Expertise+1","floor":25},{"not_picked":["Endless Agony+1","Underhanded Strike+1"],"picked":"Deadly Poison+1","floor":28},{"not_picked":["PiercingWail+1","Flying Knee+1"],"picked":"Setup+1","floor":30},{"not_picked":["Malaise+1","Envenom"],"picked":"Phantasmal Killer+1","floor":33},{"not_picked":["Flying Knee+1","Backflip+1"],"picked":"Dodge and Roll+1","floor":35},{"not_picked":["Flechettes+1","Underhanded Strike+1"],"picked":"Prepared+1","floor":38},{"not_picked":["PiercingWail+1","Expertise+1","Tactician+1"],"picked":"SKIP","floor":41},{"not_picked":["Bouncing Flask+1","Prepared+1"],"picked":"Caltrops","floor":42},{"not_picked":["Slice+1","Outmaneuver+1","Doppelganger+1"],"picked":"SKIP","floor":44},{"not_picked":["Sucker Punch+1","Flying Knee+1"],"picked":"Catalyst+1","floor":46}],"player_experience":199742,"relics_obtained":[{"floor":6.0,"key":"Matryoshka"},{"floor":9.0,"key":"Ninja Scroll"},{"floor":9.0,"key":"Strawberry"},{"floor":13.0,"key":"Mango"},{"floor":24,"key":"Shuriken"},{"floor":26,"key":"Molten Egg 2"},{"floor":26,"key":"Juzu Bracelet"},{"floor":42,"key":"Bottled Lightning"},{"floor":43,"key":"Centennial Puzzle"},{"floor":46,"key":"Lantern"}],"event_choices":[{"cards_removed":["Strike_G"],"damage_healed":0.0,"max_hp_gain":0.0,"max_hp_loss":0.0,"gold_gain":0.0,"event_name":"The Cleric","player_choice":"Card Removal","floor":3.0,"gold_loss":50.0,"damage_taken":0.0},{"damage_healed":0.0,"max_hp_gain":0.0,"max_hp_loss":0.0,"gold_gain":0.0,"cards_transformed":["Strike_G"],"event_name":"Living Wall","player_choice":"Change","floor":4.0,"gold_loss":0.0,"damage_taken":0.0,"cards_obtained":["Malaise"]},{"damage_healed":0.0,"max_hp_gain":0.0,"max_hp_loss":0.0,"gold_gain":0.0,"event_name":"Scrap Ooze","player_choice":"Success","floor":5.0,"gold_loss":0.0,"damage_taken":12.0,"relics_obtained":["The Courier"]},{"damage_healed":0.0,"max_hp_gain":0.0,"max_hp_loss":0.0,"gold_gain":75.0,"event_name":"World of Goop","player_choice":"Gather Gold","floor":12.0,"gold_loss":0.0,"damage_taken":11.0},{"damage_healed":0,"gold_gain":0,"player_choice":"Shed Blood","damage_taken":23,"max_hp_gain":5,"max_hp_loss":0,"event_name":"Forgotten Altar","floor":19,"gold_loss":0},{"damage_healed":0,"gold_gain":0,"player_choice":"Simplicity","damage_taken":0,"max_hp_gain":0,"max_hp_loss":0,"event_name":"Back to Basics","floor":20,"gold_loss":0,"cards_upgraded":["Strike_G","Strike_G","Defend_G","Defend_G","Defend_G","Defend_G","Defend_G"]},{"damage_healed":0,"gold_gain":0,"player_choice":"Opened","damage_taken":0,"relics_obtained":["Toxic Egg 2"],"max_hp_gain":0,"max_hp_loss":0,"event_name":"The Mausoleum","floor":21,"gold_loss":0,"cards_obtained":["Writhe"]},{"damage_healed":0,"gold_gain":0,"player_choice":"Became a Ghost","damage_taken":0,"max_hp_gain":0,"max_hp_loss":48,"event_name":"Ghosts","floor":27,"gold_loss":0,"cards_obtained":["Ghostly","Ghostly","Ghostly","Ghostly","Ghostly"]},{"damage_healed":0,"gold_gain":0,"player_choice":"Ignored","damage_taken":0,"max_hp_gain":0,"max_hp_loss":0,"event_name":"Tomb of Lord Red Mask","floor":36,"gold_loss":0},{"damage_healed":0,"gold_gain":0,"player_choice":"Trade","damage_taken":0,"relics_obtained":["FaceOfCleric"],"max_hp_gain":0,"max_hp_loss":0,"event_name":"FaceTrader","floor":47,"gold_loss":0},{"cards_removed":["Strike_G"],"damage_healed":0,"gold_gain":0,"player_choice":"Removed Attack","damage_taken":0,"max_hp_gain":0,"max_hp_loss":0,"event_name":"Falling","floor":48,"gold_loss":0}],"is_beta":false,"boss_relics":[{"not_picked":["Runic Dome","Orrery"],"picked":"Sozu"},{"not_picked":["Busted Crown","Fusion Hammer"],"picked":"Eternal Feather"}],"items_purged_floors":[11,29],"is_endless":false,"potions_floor_spawned":[2,6,13,16,22,24,25,33,35,42,46],"ascension_level":0}