{"gold_per_floor":[113,133,133,143,143,143,186,186,233,233,233,251,251,282,282,378,378,396,421,421],"floor_reached":20,"playtime":1106,"items_purged":[],"score":319,"play_id":"2d75d287-a691-4b20-8eb1-776f7e8c8e97","local_time":"20190723210441","is_ascension_mode":true,"campfire_choices":[{"data":"Whirlwind","floor":6,"key":"SMITH"},{"data":"Cleave","floor":8,"key":"SMITH"},{"floor":10,"key":"RECALL"},{"floor":15,"key":"REST"}],"neow_cost":"NONE","seed_source_timestamp":166541690571,"circlet_count":0,"master_deck":["AscendersBane","Strike_R","Strike_R","Strike_R","Strike_R","Defend_R+1","Defend_R","Defend_R","Defend_R+1","Bash","Brutality","Clothesline","Whirlwind+1","Cleave+1","Disarm","Shockwave","Intimidate","Disarm","Exhume","Twin Strike","Hemokinesis"],"relics":["Black Blood","Golden Idol","Boot","War Paint","Pen Nib"],"potions_floor_usage":[14,16,19],"damage_taken":[{"damage":6,"enemies":"Cultist","floor":1,"turns":4},{"damage":8,"enemies":"Jaw Worm","floor":2,"turns":5},{"damage":8,"enemies":"2 Louse","floor":4,"turns":2},{"damage":53,"enemies":"Lagavulin","floor":7,"turns":8},{"damage":0,"enemies":"2 Fungi Beasts","floor":12,"turns":1},{"damage":21,"enemies":"3 Sentries","floor":14,"turns":4},{"damage":33,"enemies":"Slime Boss","floor":16,"turns":9},{"damage":44,"enemies":"Spheric Guardian","floor":18,"turns":6},{"damage":20,"enemies":"Shell Parasite","floor":19,"turns":7},{"damage":17,"enemies":"Snake Plant","floor":20,"turns":2}],"seed_played":"9083501123467153492","potions_obtained":[{"floor":2,"key":"GamblersBrew"},{"floor":7,"key":"FearPotion"},{"floor":16,"key":"Strength Potion"}],"is_trial":false,"path_per_floor":["M","M","?","M","?","R","E","R","T","R","?","M","?","E","R","B",null,"M","M","M"],"character_chosen":"IRONCLAD","items_purchased":[],"campfire_rested":1,"item_purchase_floors":[],"current_hp_per_floor":[68,66,71,69,69,69,22,22,22,22,22,28,28,13,34,7,56,22,12,0],"gold":421,"neow_bonus":"ONE_RANDOM_RARE_CARD","is_prod":false,"is_daily":false,"chose_seed":false,"campfire_upgraded":2,"win_rate":0,"timestamp":1563930281,"path_taken":["M","M","?","M","?","R","E","R","T","R","?","M","?","E","R","BOSS","M","M","M"],"build_version":"2019-07-17","purchased_purges":0,"victory":false,"max_hp_per_floor":[75,75,80,80,72,72,72,72,72,72,72,72,72,72,72,72,72,72,72,72],"card_choices":[{"not_picked":["Heavy Blade","Wild Strike"],"picked":"Clothesline","floor":1},{"not_picked":["Sever Soul","Sword Boomerang"],"picked":"Whirlwind","floor":2},{"not_picked":["Body Slam","Sword Boomerang"],"picked":"Cleave","floor":4},{"not_picked":["Ghostly Armor","Blood for Blood"],"picked":"Disarm","floor":7},{"not_picked":["Fiend Fire","Sword Boomerang"],"picked":"Shockwave","floor":12},{"not_picked":["Pommel Strike","Body Slam"],"picked":"Disarm","floor":14},{"not_picked":["Bludgeon","Juggernaut"],"picked":"Exhume","floor":16},{"not_picked":["Uppercut","Body Slam"],"picked":"Twin Strike","floor":18},{"not_picked":["Shockwave","Clothesline"],"picked":"Hemokinesis","floor":19}],"player_experience":412424,"relics_obtained":[{"floor":7,"key":"Boot"},{"floor":9,"key":"War Paint"},{"floor":14,"key":"Pen Nib"}],"event_choices":[{"damage_healed":0,"gold_gain":0,"player_choice":"Donut","damage_taken":0,"max_hp_gain":5,"max_hp_loss":0,"event_name":"Big Fish","floor":3,"gold_loss":0},{"damage_healed":0,"gold_gain":0,"player_choice":"Lose Max HP","damage_taken":0,"relics_obtained":["Golden Idol"],"max_hp_gain":0,"max_hp_loss":8,"event_name":"Golden Idol","floor":5,"gold_loss":0},{"damage_healed":0,"gold_gain":0,"player_choice":"Ignored","damage_taken":0,"max_hp_gain":0,"max_hp_loss":0,"event_name":"Liars Game","floor":11,"gold_loss":0},{"damage_healed":0,"gold_gain":0,"cards_transformed":["Strike_R"],"player_choice":"Change","damage_taken":0,"max_hp_gain":0,"max_hp_loss":0,"event_name":"Living Wall","floor":13,"gold_loss":0,"cards_obtained":["Intimidate"]}],"is_beta":false,"boss_relics":[{"not_picked":["Mark of Pain","Lizard Tail"],"picked":"Black Blood"}],"items_purged_floors":[],"is_endless":false,"potions_floor_spawned":[2,7,12,16],"killed_by":"Snake Plant","ascension_level":15}