{"gold_per_floor":[114,264,275,29,104,130,141,141,141,141,63,89,89,102,102,102],"floor_reached":16,"playtime":249,"items_purged":["Doubt"],"score":266,"play_id":"5facf43d-08fd-4095-bec7-47830685f4c0","local_time":"20190525132813","is_ascension_mode":true,"campfire_choices":[{"data":"Streamline","floor":8.0,"key":"SMITH"},{"data":"Loop","floor":10.0,"key":"SMITH"},{"data":"Defragment","floor":15,"key":"SMITH"}],"neow_cost":"NONE","seed_source_timestamp":355121927471724,"circlet_count":0,"master_deck":["AscendersBane","Strike_B","Strike_B","Strike_B","Strike_B","Defend_B","Defend_B","Defend_B","Defend_B","Zap","Dualcast","Streamline+1","White Noise","Coolheaded","Loop+1","Creative AI","Turbo","Defragment+1"],"special_seed":0,"relics":["Cracked Core","NeowsBlessing","PreservedInsect","Kunai","Lantern","Pen Nib"],"potions_floor_usage":[14],"damage_taken":[{"damage":0.0,"enemies":"Small Slimes","floor":1.0,"turns":1.0},{"damage":0.0,"enemies":"2 Louse","floor":3.0,"turns":1.0},{"damage":0.0,"enemies":"3 Sentries","floor":6.0,"turns":1.0},{"damage":4.0,"enemies":"Cultist","floor":7.0,"turns":3.0},{"damage":30.0,"enemies":"Gremlin Nob","floor":12.0,"turns":4.0},{"damage":15,"enemies":"Exordium Thugs","floor":14,"turns":6},{"damage":36,"enemies":"Slime Boss","floor":16,"turns":3}],"seed_played":"4993394550812023715","potions_obtained":[{"floor":1.0,"key":"Weak Potion"},{"floor":12.0,"key":"Block Potion"}],"is_trial":false,"path_per_floor":["M","?","M","$","?","E","M","R","T","R","$","E","?","M","R","B"],"character_chosen":"DEFECT","items_purchased":["PreservedInsect","Creative AI"],"campfire_rested":0,"item_purchase_floors":[4,11],"current_hp_per_floor":[64,64,64,64,53,53,49,49,49,49,49,19,42,27,27,0],"gold":102,"neow_bonus":"THREE_ENEMY_KILL","is_prod":false,"is_daily":false,"chose_seed":false,"campfire_upgraded":3,"win_rate":0,"timestamp":1558762093,"path_taken":["M","?","M","$","?","E","M","R","T","R","$","E","?","M","R","BOSS"],"build_version":"2019-01-23","purchased_purges":1,"victory":false,"max_hp_per_floor":[71,71,71,71,71,71,71,71,71,71,71,71,71,71,71,71],"card_choices":[{"not_picked":["Hello World","Steam Power"],"picked":"Streamline","floor":1.0},{"not_picked":["Genetic Algorithm","Fusion"],"picked":"White Noise","floor":3.0},{"not_picked":["Compile Driver","FTL"],"picked":"Coolheaded","floor":6.0},{"not_picked":["Leap","Ball Lightning"],"picked":"Loop","floor":7.0},{"not_picked":["Auto Shields","Hologram"],"picked":"Turbo","floor":12.0},{"not_picked":["Redo","Fusion"],"picked":"Defragment","floor":14}],"player_experience":951961,"relics_obtained":[{"floor":6.0,"key":"Kunai"},{"floor":9.0,"key":"Lantern"},{"floor":12.0,"key":"Pen Nib"}],"event_choices":[{"damage_healed":0.0,"max_hp_gain":0.0,"max_hp_loss":0.0,"gold_gain":150.0,"event_name":"Liars Game","player_choice":"AGREE","floor":2.0,"gold_loss":0.0,"damage_taken":0.0,"cards_obtained":["Doubt"]},{"damage_healed":0.0,"max_hp_gain":0.0,"max_hp_loss":0.0,"gold_gain":75.0,"event_name":"World of Goop","player_choice":"Gather Gold","floor":5.0,"gold_loss":0.0,"damage_taken":11.0},{"damage_healed":23.0,"max_hp_gain":0.0,"max_hp_loss":0.0,"gold_gain":0.0,"event_name":"Big Fish","player_choice":"Banana","floor":13.0,"gold_loss":0.0,"damage_taken":0.0}],"is_beta":false,"boss_relics":[],"items_purged_floors":[4],"is_endless":false,"potions_floor_spawned":[1,12],"killed_by":"Slime Boss","ascension_level":20}