{"gold_per_floor":[115,115,129,79,4,4,32,32,32,51,81,81,81,100,100,196,196,210,225,32,49,49,49,49,80,80,114,140,140,140,159,159,260,310,323,341,357,357,457,19,19,38,38,50,50,50,50,150,150,150],"floor_reached":50,"playtime":3497,"items_purged":["Strike_R","Shame"],"score":536,"play_id":"12d4bb46-ac1a-4b75-8613-c6e1037ae1cc","local_time":"20181215002936","is_ascension_mode":false,"campfire_choices":[{"floor":6,"key":"RECALL"},{"data":"Bash","floor":8,"key":"SMITH"},{"data":"Armaments","floor":12,"key":"SMITH"},{"floor":15,"key":"REST"},{"floor":23,"key":"REST"},{"floor":29,"key":"REST"},{"floor":32,"key":"REST"},{"floor":41,"key":"REST"},{"floor":46,"key":"REST"},{"data":"1","floor":49,"key":"LIFT"}],"neow_cost":"NONE","seed_source_timestamp":1704485442073168,"circlet_count":0,"master_deck":["Strike_R+1","Strike_R+1","Defend_R","Defend_R","Defend_R","Defend_R+1","Bash+1","Cleave","True Grit","Armaments+1","Anger+1","Clothesline+1","Barricade","Warcry","Shrug It Off","Dual Wield","Body Slam+1","Shrug It Off","Limit Break","Rage","Rupture+1"],"relics":["Burning Blood","NeowsBlessing","Ancient Tea Set","Molten Egg 2","Dodecahedron","Fusion Hammer","HandDrill","Vajra","Letter Opener","Whetstone","Red Mask","Tiny House","Pantograph","Girya","Potion Belt","Prayer Wheel"],"potions_floor_usage":[11,18,19,25,27,28,35,42,44,50],"damage_taken":[{"damage":0,"enemies":"Cultist","floor":1,"turns":1},{"damage":0,"enemies":"Small Slimes","floor":3,"turns":1},{"damage":0,"enemies":"Lagavulin","floor":7,"turns":1},{"damage":0,"enemies":"Jaw Worm","floor":10,"turns":4},{"damage":22,"enemies":"3 Sentries","floor":11,"turns":8},{"damage":6,"enemies":"Blue Slaver","floor":14,"turns":4},{"damage":31,"enemies":"The Guardian","floor":16,"turns":10},{"damage":1,"enemies":"Chosen","floor":18,"turns":4},{"damage":34,"enemies":"3 Byrds","floor":19,"turns":5},{"damage":9,"enemies":"Snake Plant","floor":21,"turns":6},{"damage":0,"enemies":"Book of Stabbing","floor":25,"turns":8},{"damage":39,"enemies":"Slavers","floor":27,"turns":6},{"damage":19,"enemies":"Masked Bandits","floor":28,"turns":4},{"damage":2,"enemies":"Cultist and Chosen","floor":31,"turns":7},{"damage":47,"enemies":"Automaton","floor":33,"turns":13},{"damage":18,"enemies":"Orb Walker","floor":35,"turns":5},{"damage":17,"enemies":"3 Darklings","floor":36,"turns":7},{"damage":37,"enemies":"Jaw Worm Horde","floor":37,"turns":6},{"damage":0,"enemies":"4 Shapes","floor":42,"turns":7},{"damage":13,"enemies":"Writhing Mass","floor":44,"turns":5},{"damage":7,"enemies":"Mind Bloom Boss Battle","floor":48,"turns":11},{"damage":89,"enemies":"Awakened One","floor":50,"turns":4}],"seed_played":"5179113453212921913","potions_obtained":[{"floor":1,"key":"Fire Potion"},{"floor":7,"key":"Swift Potion"},{"floor":11,"key":"Energy Potion"},{"floor":18,"key":"PowerPotion"},{"floor":19,"key":"SkillPotion"},{"floor":27,"key":"Poison Potion"},{"floor":34,"key":"LiquidBronze"},{"floor":37,"key":"SteroidPotion"},{"floor":48,"key":"Explosive Potion"}],"is_trial":false,"path_per_floor":["M","?","M","?","$","R","E","R","T","M","E","R","?","M","R","B",null,"M","M","$","M","?","R","$","E","T","E","?","R","?","M","R","B",null,"M","M","M","?","?","$","R","M","T","M","T","R","$","?","R","B"],"character_chosen":"IRONCLAD","items_purchased":["HandDrill","Block Potion","Energy Potion","Pantograph"],"campfire_rested":6,"item_purchase_floors":[20,40,40,40],"current_hp_per_floor":[80,80,80,80,80,80,80,80,80,80,64,64,57,57,80,55,80,80,52,52,49,49,73,73,79,79,46,33,57,57,61,80,39,85,73,62,31,31,31,31,56,62,62,55,55,80,80,84,84,0],"gold":150,"neow_bonus":"THREE_ENEMY_KILL","is_prod":false,"is_daily":false,"chose_seed":false,"campfire_upgraded":2,"win_rate":0,"timestamp":1544794176,"path_taken":["M","?","M","?","$","R","E","R","T","M","E","R","?","M","R","BOSS","M","M","$","M","?","R","$","E","T","E","?","R","?","M","R","BOSS","M","M","M","?","?","$","R","M","T","?","?","R","$","?","R","BOSS"],"build_version":"2018-12-13","purchased_purges":2,"victory":false,"max_hp_per_floor":[80,80,80,80,80,80,80,80,80,80,80,80,80,80,80,80,80,80,80,80,80,80,80,80,80,80,80,80,80,80,80,80,80,85,85,85,85,85,85,85,85,85,85,85,85,85,85,85,85,85],"card_choices":[{"not_picked":["Dropkick","Flex"],"picked":"Cleave","floor":1},{"not_picked":["Perfected Strike","Wild Strike"],"picked":"True Grit","floor":3},{"not_picked":["Inflame","Blood for Blood"],"picked":"Armaments","floor":7},{"not_picked":["Clash+1","Evolve","Carnage+1"],"picked":"SKIP","floor":10},{"not_picked":["Inflame","Body Slam+1"],"picked":"Anger+1","floor":11},{"not_picked":["Bloodletting","Combust"],"picked":"Clothesline+1","floor":14},{"not_picked":["Offering","Fiend Fire+1"],"picked":"Barricade","floor":16},{"not_picked":["Feel No Pain","Clash+1"],"picked":"Warcry","floor":18},{"not_picked":["Battle Trance","Clash+1"],"picked":"Shrug It Off","floor":19},{"not_picked":["Thunderclap+1","Hemokinesis+1","Warcry"],"picked":"SKIP","floor":21},{"not_picked":["Headbutt+1","Perfected Strike+1"],"picked":"Dual Wield","floor":25},{"not_picked":["Shockwave+1","Uppercut+1","Sever Soul+1"],"picked":"SKIP","floor":27},{"not_picked":["Pummel+1","Uppercut+1"],"picked":"Body Slam+1","floor":28},{"not_picked":["Cleave+1","Uppercut+1"],"picked":"Shrug It Off","floor":31},{"not_picked":["Reaper+1","Exhume"],"picked":"Limit Break","floor":33},{"not_picked":["Headbutt+1","Wild Strike+1","Ghostly Armor+1"],"picked":"SKIP","floor":35},{"not_picked":["Iron Wave+1","Anger+1","Clash+1"],"picked":"SKIP","floor":36},{"not_picked":["Clothesline+1","Sword Boomerang+1"],"picked":"Rage","floor":37},{"not_picked":["Thunderclap+1","Twin Strike+1","Pummel+1"],"picked":"SKIP","floor":42},{"not_picked":["Rage+1","Iron Wave+1"],"picked":"Rupture+1","floor":44}],"player_experience":229713,"relics_obtained":[{"floor":7,"key":"Ancient Tea Set"},{"floor":9,"key":"Molten Egg 2"},{"floor":11,"key":"Dodecahedron"},{"floor":25,"key":"Letter Opener"},{"floor":27,"key":"Whetstone"},{"floor":28,"key":"Red Mask"},{"floor":43,"key":"Girya"},{"floor":45,"key":"Potion Belt"},{"floor":48,"key":"Prayer Wheel"}],"event_choices":[{"damage_healed":0,"gold_gain":0,"player_choice":"Ignored","damage_taken":0,"max_hp_gain":0,"max_hp_loss":0,"event_name":"Shining Light","floor":2,"gold_loss":0},{"cards_removed":["Strike_R"],"damage_healed":0,"gold_gain":0,"player_choice":"Card Removal","damage_taken":0,"max_hp_gain":0,"max_hp_loss":0,"event_name":"The Cleric","floor":4,"gold_loss":50},{"cards_removed":["Strike_R"],"damage_healed":0,"gold_gain":0,"player_choice":"Card Removal","damage_taken":7,"max_hp_gain":0,"max_hp_loss":0,"event_name":"Golden Wing","floor":13,"gold_loss":0},{"damage_healed":0,"gold_gain":0,"player_choice":"Stole Relic","damage_taken":0,"relics_obtained":["Vajra"],"max_hp_gain":0,"max_hp_loss":0,"event_name":"Addict","floor":22,"gold_loss":0,"cards_obtained":["Shame"]},{"damage_healed":0,"gold_gain":0,"player_choice":"Fought Bandits","damage_taken":0,"max_hp_gain":0,"max_hp_loss":0,"event_name":"Masked Bandits","floor":28,"gold_loss":0},{"damage_healed":0,"gold_gain":0,"player_choice":"Ignored","damage_taken":0,"max_hp_gain":0,"max_hp_loss":0,"event_name":"The Mausoleum","floor":30,"gold_loss":0},{"damage_healed":0,"gold_gain":0,"player_choice":"Ignored","damage_taken":0,"max_hp_gain":0,"max_hp_loss":0,"event_name":"Mysterious Sphere","floor":38,"gold_loss":0},{"damage_healed":0,"gold_gain":100,"player_choice":"Pray","damage_taken":0,"max_hp_gain":0,"max_hp_loss":0,"event_name":"Golden Shrine","floor":39,"gold_loss":0},{"damage_healed":0,"gold_gain":0,"player_choice":"Fight","damage_taken":0,"max_hp_gain":0,"max_hp_loss":0,"event_name":"MindBloom","floor":48,"gold_loss":0}],"is_beta":false,"boss_relics":[{"not_picked":["Sozu","Cursed Key"],"picked":"Fusion Hammer"},{"not_picked":["Runic Dome","Mark of Pain"],"picked":"Tiny House"}],"items_purged_floors":[5,40],"is_endless":false,"potions_floor_spawned":[1,7,11,18,19,27,37,48],"killed_by":"Awakened One","ascension_level":0}