{"gold_per_floor":[109,184,184,184,195,195,212,222,222,39,49,69,69,87,87,187,187,202,110,120,120,131,131,63,88,88,88,107,121,121,137,137,137],"floor_reached":33,"playtime":2769,"items_purged":[],"score":313,"play_id":"6af0afd7-323a-4dc9-be44-deebaa6898a5","local_time":"20190730210607","is_ascension_mode":true,"campfire_choices":[{"data":"Endless Agony","floor":6,"key":"SMITH"},{"floor":13,"key":"REST"},{"data":"Dodge and Roll","floor":15,"key":"SMITH"},{"floor":23,"key":"REST"},{"data":"Outmaneuver","floor":27,"key":"SMITH"},{"floor":30,"key":"REST"},{"floor":32,"key":"REST"}],"neow_cost":"PERCENT_DAMAGE","seed_source_timestamp":252312809442400,"circlet_count":0,"master_deck":["Strike_G","Strike_G","Strike_G","Strike_G","Strike_G","Defend_G","Defend_G","Defend_G","Defend_G","Defend_G","Survivor","Neutralize","Endless Agony+1","Crippling Poison","Dodge and Roll+1","Blade Dance","Well Laid Plans","Cloak And Dagger","Venomology","Finisher","Outmaneuver+1","Caltrops","Blade Dance+1","Endless Agony","Endless Agony"],"relics":["Ring of the Serpent","Shuriken","Mercury Hourglass","Matryoshka","Ancient Tea Set","Gremlin Horn","Question Card"],"potions_floor_usage":[5,16,16,20,22,22,25,25,28,29,29,31,33,33],"damage_taken":[{"damage":0,"enemies":"Small Slimes","floor":1,"turns":3},{"damage":0,"enemies":"Jaw Worm","floor":5,"turns":2},{"damage":0,"enemies":"2 Louse","floor":7,"turns":2},{"damage":7,"enemies":"Exordium Thugs","floor":8,"turns":4},{"damage":17,"enemies":"Exordium Wildlife","floor":11,"turns":4},{"damage":0,"enemies":"2 Fungi Beasts","floor":12,"turns":3},{"damage":0,"enemies":"Exordium Thugs","floor":14,"turns":2},{"damage":18,"enemies":"The Guardian","floor":16,"turns":11},{"damage":14,"enemies":"2 Thieves","floor":18,"turns":5},{"damage":10,"enemies":"Shell Parasite","floor":20,"turns":5},{"damage":16,"enemies":"Snecko","floor":22,"turns":4},{"damage":9,"enemies":"Book of Stabbing","floor":25,"turns":4},{"damage":33,"enemies":"Snake Plant","floor":28,"turns":5},{"damage":0,"enemies":"Chosen and Byrds","floor":29,"turns":5},{"damage":11,"enemies":"Cultist and Chosen","floor":31,"turns":4},{"damage":80,"enemies":"Collector","floor":33,"turns":7}],"seed_played":"7230492337216230119","potions_obtained":[{"floor":1,"key":"Energy Potion"},{"floor":5,"key":"Poison Potion"},{"floor":14,"key":"GamblersBrew"},{"floor":22,"key":"GhostInAJar"},{"floor":28,"key":"GhostInAJar"},{"floor":29,"key":"Swift Potion"}],"is_trial":false,"path_per_floor":["M","?","T","?","M","R","M","M","T","$","M","M","R","M","R","B",null,"M","$","M","?","M","R","$","E","T","R","M","M","R","M","R","B"],"character_chosen":"THE_SILENT","items_purchased":["Well Laid Plans","Ancient Tea Set","Outmaneuver","Caltrops","Endless Agony"],"campfire_rested":4,"item_purchase_floors":[10,10,19,19,24],"current_hp_per_floor":[63,52,52,40,40,40,40,33,33,33,16,16,41,41,41,23,84,70,70,60,60,44,69,69,60,60,60,27,27,52,41,66,0],"gold":137,"neow_bonus":"TWENTY_PERCENT_HP_BONUS","is_prod":false,"is_daily":false,"chose_seed":false,"campfire_upgraded":3,"win_rate":0,"timestamp":1564545967,"path_taken":["M","?","?","?","?","R","M","M","T","$","M","M","R","M","R","BOSS","M","$","M","?","M","R","?","E","T","R","M","M","R","M","R","BOSS"],"build_version":"2019-07-17","purchased_purges":0,"victory":false,"max_hp_per_floor":[84,84,84,84,84,84,84,84,84,84,84,84,84,84,84,84,84,84,84,84,84,84,84,84,84,84,84,84,84,84,84,84,84],"card_choices":[{"not_picked":["Blade Dance","Skewer"],"picked":"Endless Agony","floor":1},{"not_picked":["Dagger Throw","Deflect"],"picked":"Crippling Poison","floor":5},{"not_picked":["Heel Hook","Outmaneuver"],"picked":"Dodge and Roll","floor":7},{"not_picked":["Flechettes","Masterful Stab"],"picked":"Blade Dance","floor":8},{"not_picked":["Underhanded Strike","Bane","Dagger Spray"],"picked":"SKIP","floor":11},{"not_picked":["Venomology","Poisoned Stab"],"picked":"Cloak And Dagger","floor":12},{"not_picked":["Dagger Spray","Bouncing Flask","Flying Knee"],"picked":"SKIP","floor":14},{"not_picked":["Wraith Form v2","Die Die Die"],"picked":"Venomology","floor":16},{"not_picked":["PiercingWail","Reflex"],"picked":"Finisher","floor":18},{"not_picked":["Underhanded Strike","Deadly Poison"],"picked":"Blade Dance+1","floor":20},{"not_picked":["Deflect","Setup","Underhanded Strike"],"picked":"SKIP","floor":22},{"not_picked":["Finisher","Deflect","Distraction"],"picked":"SKIP","floor":25},{"not_picked":["Sucker Punch","Slice","Tactician"],"picked":"Endless Agony","floor":28},{"not_picked":["Skewer","Backflip","Malaise","Masterful Stab+1"],"picked":"SKIP","floor":29},{"not_picked":["Blade Dance","Catalyst","Deflect","Sucker Punch"],"picked":"SKIP","floor":31}],"player_experience":806860,"relics_obtained":[{"floor":3,"key":"Shuriken"},{"floor":9,"key":"Matryoshka"},{"floor":26,"key":"Gremlin Horn"},{"floor":26,"key":"Question Card"}],"event_choices":[{"damage_healed":0,"gold_gain":75,"player_choice":"Gather Gold","damage_taken":11,"max_hp_gain":0,"max_hp_loss":0,"event_name":"World of Goop","floor":2,"gold_loss":0},{"damage_healed":0,"gold_gain":0,"player_choice":"Success","damage_taken":12,"relics_obtained":["Mercury Hourglass"],"max_hp_gain":0,"max_hp_loss":0,"event_name":"Scrap Ooze","floor":4,"gold_loss":0},{"damage_healed":0,"gold_gain":0,"player_choice":"Ignored","damage_taken":0,"max_hp_gain":0,"max_hp_loss":0,"event_name":"Cursed Tome","floor":21,"gold_loss":0}],"is_beta":false,"boss_relics":[{"not_picked":["White Beast Statue","Lizard Tail"],"picked":"Ring of the Serpent"}],"items_purged_floors":[],"is_endless":false,"potions_floor_spawned":[1,5,14,22,28,29],"killed_by":"Collector","ascension_level":4}