{"gold_per_floor":[215,227,61,61,71,71,98,113,113,148,148,166,20,37,37,108,158,177,177,195,208,224,224,255,7,7,7,20,20],"floor_reached":29,"playtime":1825,"items_purged":["Pain"],"score":424,"play_id":"e395389c-5b9e-42f4-80ae-cebdb5f740f0","local_time":"20190808091220","is_ascension_mode":true,"campfire_choices":[{"data":"Whirlwind","floor":6.0,"key":"SMITH"},{"data":"Inflame","floor":11.0,"key":"SMITH"},{"data":"Shockwave","floor":15.0,"key":"SMITH"},{"floor":23.0,"key":"REST"}],"neow_cost":"NONE","seed_source_timestamp":2461357556630200,"circlet_count":0,"master_deck":["AscendersBane","Strike_R","Strike_R","Strike_R","Strike_R+1","Strike_R","Defend_R","Defend_R","Defend_R","Bash","Shrug It Off","Shrug It Off","Inflame+1","Whirlwind+1","Shockwave+1","Evolve","Wild Strike","Barricade+1","Fiend Fire","Sword Boomerang","Offering","Corruption+1","Metallicize+1","Body Slam","Flame Barrier"],"special_seed":0,"relics":["Burning Blood","Blue Candle","Frozen Egg 2","StoneCalendar","Art of War","Tiny House","WarpedTongs","Bottled Flame","Shuriken"],"potions_floor_usage":[28,28,29],"damage_taken":[{"damage":8.0,"enemies":"2 Louse","floor":1.0,"turns":2.0},{"damage":3.0,"enemies":"Cultist","floor":2.0,"turns":4.0},{"damage":7.0,"enemies":"Jaw Worm","floor":5.0,"turns":4.0},{"damage":32.0,"enemies":"Gremlin Nob","floor":7.0,"turns":4.0},{"damage":3.0,"enemies":"Red Slaver","floor":8.0,"turns":4.0},{"damage":24.0,"enemies":"Lagavulin","floor":10.0,"turns":10.0},{"damage":2.0,"enemies":"Exordium Wildlife","floor":12.0,"turns":2.0},{"damage":0.0,"enemies":"Blue Slaver","floor":14.0,"turns":5.0},{"damage":16.0,"enemies":"Hexaghost","floor":16.0,"turns":11.0},{"damage":33.0,"enemies":"Spheric Guardian","floor":18.0,"turns":7.0},{"damage":22.0,"enemies":"Shell Parasite","floor":20.0,"turns":5.0},{"damage":20.0,"enemies":"Snecko","floor":21.0,"turns":5.0},{"damage":14.0,"enemies":"Snake Plant","floor":22.0,"turns":4.0},{"damage":45,"enemies":"Book of Stabbing","floor":24,"turns":5},{"damage":8,"enemies":"Cultist and Chosen","floor":28,"turns":6},{"damage":13,"enemies":"Centurion and Healer","floor":29,"turns":2}],"seed_played":"-8385655770885087650","potions_obtained":[{"floor":2.0,"key":"LiquidBronze"},{"floor":8.0,"key":"Explosive Potion"},{"floor":12.0,"key":"Weak Potion"},{"floor":14.0,"key":"Ancient Potion"},{"floor":17.0,"key":"FairyPotion"},{"floor":21.0,"key":"Fruit Juice"},{"floor":24,"key":"Poison Potion"},{"floor":28,"key":"GamblersBrew"}],"is_trial":false,"path_per_floor":["M","M","$","?","M","R","E","M","T","E","R","M","$","M","R","B",null,"M","?","M","M","M","R","E","$","T","?","M","M"],"character_chosen":"IRONCLAD","items_purchased":["Shrug It Off","Inflame","Whirlwind","Art of War","Metallicize+1","Body Slam","EssenceOfSteel"],"campfire_rested":1,"item_purchase_floors":[3,3,3,13,25,25,25],"current_hp_per_floor":[70,73,73,73,72,72,46,49,49,31,31,35,35,41,41,31,73,46,46,30,21,13,40,10,10,10,10,8,0],"gold":20,"neow_bonus":"HUNDRED_GOLD","is_prod":false,"is_daily":false,"chose_seed":false,"campfire_upgraded":3,"win_rate":0,"timestamp":1565277140,"path_taken":["M","M","$","?","M","R","E","M","T","E","R","M","?","M","R","BOSS","M","?","M","M","?","R","E","$","T","?","M","M"],"build_version":"2019-07-18","purchased_purges":1,"victory":false,"max_hp_per_floor":[80,80,80,80,80,80,80,80,80,80,80,80,80,80,80,80,85,85,85,85,90,90,90,90,90,90,90,90,90],"card_choices":[{"not_picked":["Iron Wave","Twin Strike"],"picked":"Shrug It Off","floor":1.0},{"not_picked":["Warcry","Heavy Blade","Thunderclap"],"picked":"SKIP","floor":2.0},{"not_picked":["Flex","Dual Wield","Sentinel"],"picked":"SKIP","floor":5.0},{"not_picked":["Carnage","Combust"],"picked":"Shockwave","floor":7.0},{"not_picked":["Reckless Charge","Warcry"],"picked":"Evolve","floor":8.0},{"not_picked":["Anger","Heavy Blade"],"picked":"Wild Strike","floor":10.0},{"not_picked":["Dual Wield","Heavy Blade"],"picked":"Barricade+1","floor":12.0},{"not_picked":["Cleave","Anger","Uppercut"],"picked":"SKIP","floor":14.0},{"not_picked":["Double Tap","Offering"],"picked":"Fiend Fire","floor":16.0},{"not_picked":["Whirlwind","Warcry","Iron Wave"],"picked":"SKIP","floor":18.0},{"not_picked":["Twin Strike","Heavy Blade"],"picked":"Sword Boomerang","floor":20.0},{"not_picked":["True Grit","Hemokinesis","Armaments"],"picked":"SKIP","floor":21.0},{"not_picked":["Armaments","Sword Boomerang"],"picked":"Offering","floor":22.0},{"not_picked":["Seeing Red+1","Burning Pact"],"picked":"Corruption+1","floor":24},{"not_picked":["Havoc","Combust+1"],"picked":"Flame Barrier","floor":28}],"player_experience":250559,"relics_obtained":[{"floor":7.0,"key":"Blue Candle"},{"floor":9.0,"key":"Frozen Egg 2"},{"floor":10.0,"key":"StoneCalendar"},{"floor":24,"key":"Bottled Flame"},{"floor":26,"key":"Shuriken"}],"event_choices":[{"cards_removed":["Defend_R"],"damage_healed":0.0,"max_hp_gain":0.0,"max_hp_loss":0.0,"gold_gain":0.0,"event_name":"Purifier","player_choice":"Purged","floor":4.0,"gold_loss":0.0,"damage_taken":0.0},{"damage_healed":0.0,"max_hp_gain":0.0,"max_hp_loss":0.0,"gold_gain":0.0,"event_name":"Accursed Blacksmith","player_choice":"Rummage","floor":19.0,"gold_loss":0.0,"damage_taken":0.0,"relics_obtained":["WarpedTongs"],"cards_obtained":["Pain"]},{"damage_healed":0,"gold_gain":0,"player_choice":"Ignored","damage_taken":0,"max_hp_gain":0,"max_hp_loss":0,"event_name":"Cursed Tome","floor":27,"gold_loss":0}],"is_beta":true,"boss_relics":[{"not_picked":["Fusion Hammer","Black Blood"],"picked":"Tiny House"}],"items_purged_floors":[25],"is_endless":false,"potions_floor_spawned":[2,8,12,14,21,24,28],"killed_by":"Centurion and Healer","ascension_level":13}