{"gold_per_floor":[113,188,162,162,136,136,165,181,181,181,191,191,207,357,357,428,428,439,439],"floor_reached":19,"playtime":707,"items_purged":[],"score":314,"play_id":"47db808b-edc3-4503-8ac4-3c3f337e0531","local_time":"20190306230730","is_ascension_mode":true,"campfire_choices":[{"data":"Body Slam","floor":6,"key":"SMITH"},{"floor":10,"key":"REST"},{"floor":15,"key":"REST"}],"neow_cost":"TEN_PERCENT_HP_LOSS","seed_source_timestamp":61351668119649,"circlet_count":0,"master_deck":["AscendersBane","Strike_R","Strike_R","Strike_R","Strike_R","Defend_R+1","Defend_R","Defend_R","Defend_R","Bash","Anger","Armaments","Body Slam+1","Entrench+1","Rampage","Rage","Combust","Carnage","Doubt","Barricade","Body Slam"],"relics":["Burning Blood","WingedGreaves","Blue Candle","War Paint","Runic Pyramid"],"potions_floor_usage":[7,16,16,19],"damage_taken":[{"damage":7,"enemies":"2 Louse","floor":1,"turns":3},{"damage":34,"enemies":"Gremlin Nob","floor":7,"turns":4},{"damage":9,"enemies":"Jaw Worm","floor":8,"turns":3},{"damage":0,"enemies":"Cultist","floor":11,"turns":3},{"damage":19,"enemies":"2 Fungi Beasts","floor":13,"turns":4},{"damage":39,"enemies":"The Guardian","floor":16,"turns":13},{"damage":44,"enemies":"Spheric Guardian","floor":18,"turns":9},{"damage":19,"enemies":"Colosseum Slavers","floor":19,"turns":3}],"seed_played":"-8129489486598396369","potions_obtained":[{"floor":1,"key":"Explosive Potion"},{"floor":8,"key":"Energy Potion"},{"floor":11,"key":"EssenceOfSteel"},{"floor":18,"key":"Block Potion"}],"is_trial":false,"path_per_floor":["M","?","$","?","$","R","E","M","T","R","M","?","M","?","R","B",null,"M","?"],"character_chosen":"IRONCLAD","items_purchased":["Armaments","Body Slam"],"campfire_rested":2,"item_purchase_floors":[3,5],"current_hp_per_floor":[67,56,56,56,56,56,28,25,25,45,51,51,38,38,58,25,57,19,0],"gold":439,"neow_bonus":"ONE_RARE_RELIC","is_prod":false,"is_daily":false,"chose_seed":false,"campfire_upgraded":1,"win_rate":0,"timestamp":1551874050,"path_taken":["M","?","$","?","?","R","E","M","T","R","?","?","?","?","R","BOSS","M","?"],"build_version":"2019-01-23","purchased_purges":0,"victory":false,"max_hp_per_floor":[68,68,68,68,68,68,68,68,68,68,68,68,68,68,68,68,68,68,68],"card_choices":[{"not_picked":["Clash","Flex"],"picked":"Anger","floor":1},{"not_picked":["Thunderclap","Dropkick"],"picked":"Entrench","floor":7},{"not_picked":["Clothesline","Reckless Charge"],"picked":"Rampage","floor":8},{"not_picked":["Rampage","Wild Strike"],"picked":"Rage","floor":11},{"not_picked":["Immolate","Iron Wave"],"picked":"Carnage","floor":13},{"not_picked":["Double Tap","Juggernaut"],"picked":"Barricade","floor":16},{"not_picked":["Cleave","Dropkick"],"picked":"Body Slam","floor":18}],"player_experience":815955,"relics_obtained":[{"floor":7,"key":"Blue Candle"},{"floor":9,"key":"War Paint"}],"event_choices":[{"damage_healed":0,"gold_gain":75,"player_choice":"Gather Gold","damage_taken":11,"max_hp_gain":0,"max_hp_loss":0,"event_name":"World of Goop","floor":2,"gold_loss":0},{"damage_healed":0,"gold_gain":0,"player_choice":"Ignored","damage_taken":0,"max_hp_gain":0,"max_hp_loss":0,"event_name":"Shining Light","floor":4,"gold_loss":0},{"damage_healed":0,"gold_gain":0,"cards_transformed":["Strike_R"],"player_choice":"Transformed","damage_taken":0,"max_hp_gain":0,"max_hp_loss":0,"event_name":"Transmorgrifier","floor":12,"gold_loss":0,"cards_obtained":["Combust"]},{"damage_healed":0,"gold_gain":150,"player_choice":"AGREE","damage_taken":0,"max_hp_gain":0,"max_hp_loss":0,"event_name":"Liars Game","floor":14,"gold_loss":0,"cards_obtained":["Doubt"]},{"damage_healed":0,"gold_gain":0,"player_choice":"Fight","damage_taken":0,"max_hp_gain":0,"max_hp_loss":0,"event_name":"Colosseum","floor":19,"gold_loss":0}],"is_beta":false,"boss_relics":[{"not_picked":["Busted Crown","Snecko Eye"],"picked":"Runic Pyramid"}],"items_purged_floors":[],"is_endless":false,"potions_floor_spawned":[1,8,11,18],"killed_by":"Colosseum Slavers","ascension_level":18}