{"gold_per_floor":[118,136,136,152,162,162,181,198,221,221,221,221,221],"floor_reached":13,"playtime":219,"items_purged":[],"score":154,"play_id":"43ba1396-0ecf-4064-839c-62e35e32fc0e","local_time":"20190525010454","is_ascension_mode":true,"campfire_choices":[{"data":"Loop","floor":6.0,"key":"SMITH"},{"floor":12.0,"key":"REST"}],"neow_cost":"NONE","seed_source_timestamp":310521038031392,"circlet_count":0,"master_deck":["AscendersBane","Strike_B","Strike_B","Strike_B","Defend_B","Defend_B","Defend_B","Defend_B","Zap","Dualcast","Loop+1","Streamline","Echo Form"],"special_seed":0,"relics":["Cracked Core","NeowsBlessing","Potion Belt","Smiling Mask"],"potions_floor_usage":[13,13],"damage_taken":[{"damage":0.0,"enemies":"Small Slimes","floor":1.0,"turns":1.0},{"damage":0.0,"enemies":"Cultist","floor":2.0,"turns":1.0},{"damage":0.0,"enemies":"Jaw Worm","floor":4.0,"turns":1.0},{"damage":11.0,"enemies":"Looter","floor":5.0,"turns":4.0},{"damage":11.0,"enemies":"Blue Slaver","floor":7.0,"turns":3.0},{"damage":6.0,"enemies":"2 Fungi Beasts","floor":8.0,"turns":3.0},{"damage":28,"enemies":"Gremlin Nob","floor":13,"turns":3}],"seed_played":"-6214369932618930616","potions_obtained":[{"floor":2.0,"key":"Block Potion"},{"floor":3.0,"key":"Energy Potion"}],"is_trial":false,"path_per_floor":["M","M","?","M","M","R","M","M","T","?","?","R","E"],"character_chosen":"DEFECT","items_purchased":[],"campfire_rested":1,"item_purchase_floors":[],"current_hp_per_floor":[64,64,64,64,53,53,42,36,36,10,3,24,0],"gold":221,"neow_bonus":"THREE_ENEMY_KILL","is_prod":false,"is_daily":false,"chose_seed":false,"campfire_upgraded":1,"win_rate":0,"timestamp":1558717494,"path_taken":["M","M","?","M","?","R","M","M","T","?","?","R","E"],"build_version":"2019-01-23","purchased_purges":0,"victory":false,"max_hp_per_floor":[71,71,71,71,71,71,71,71,71,71,71,71,71],"card_choices":[{"not_picked":["Beam Cell","Barrage","Gash"],"picked":"SKIP","floor":1.0},{"not_picked":["Beam Cell","Double Energy"],"picked":"Loop","floor":2.0},{"not_picked":["Compile Driver","Stack","Chaos"],"picked":"SKIP","floor":4.0},{"not_picked":["Go for the Eyes","Force Field","Double Energy"],"picked":"SKIP","floor":5.0},{"not_picked":["Conserve Battery","Scrape"],"picked":"Streamline","floor":7.0},{"not_picked":["Beam Cell","Hologram"],"picked":"Echo Form","floor":8.0}],"player_experience":945724,"relics_obtained":[{"floor":9.0,"key":"Potion Belt"}],"event_choices":[{"damage_healed":0.0,"max_hp_gain":0.0,"max_hp_loss":0.0,"gold_gain":0.0,"event_name":"Lab","player_choice":"Got Potions","floor":3.0,"gold_loss":0.0,"damage_taken":0.0},{"damage_healed":0.0,"max_hp_gain":0.0,"max_hp_loss":0.0,"gold_gain":0.0,"event_name":"Scrap Ooze","player_choice":"Success","floor":10.0,"gold_loss":0.0,"damage_taken":26.0,"relics_obtained":["Smiling Mask"]},{"cards_removed":["Strike_B"],"damage_healed":0.0,"max_hp_gain":0.0,"max_hp_loss":0.0,"gold_gain":0.0,"event_name":"Golden Wing","player_choice":"Card Removal","floor":11.0,"gold_loss":0.0,"damage_taken":7.0}],"is_beta":false,"boss_relics":[],"items_purged_floors":[],"is_endless":false,"potions_floor_spawned":[2,4,7],"killed_by":"Gremlin Nob","ascension_level":20}