{"gold_per_floor":[118,118,37,47,65,99,99,163,186,186,213,213,233,249,249,345,345,360,360,360,360,375,375,398,398,398,398,18,33,33,52,52,52],"floor_reached":33,"playtime":2570,"items_purged":["Decay"],"score":304,"play_id":"60fbd86e-1ca5-4e52-9a9b-c09c778776e0","local_time":"20190719211359","is_ascension_mode":true,"campfire_choices":[{"data":"Bandage Up","floor":7,"key":"SMITH"},{"floor":10,"key":"REST"},{"floor":15,"key":"REST"},{"data":"Crippling Poison","floor":23,"key":"SMITH"},{"data":"Dash","floor":25,"key":"SMITH"},{"floor":32,"key":"REST"}],"neow_cost":"NONE","seed_source_timestamp":1879085133200,"circlet_count":0,"master_deck":["Strike_G","Strike_G","Strike_G","Strike_G","Strike_G","Defend_G","Defend_G","Defend_G","Defend_G+1","Defend_G+1","Survivor+1","Neutralize","Dagger Spray","Bandage Up+1","Flying Knee","Well Laid Plans","Crippling Poison+1","Choke","Envenom","Endless Agony","Blur","Burst","Dash+1","RitualDagger","Acrobatics+1","Panache"],"relics":["Ring of the Snake","War Paint","Question Card","Bag of Marbles","Matryoshka","Lantern","Ornamental Fan","Black Star","Du-Vu Doll","Darkstone Periapt","Smiling Mask","Mercury Hourglass","Blood Vial"],"potions_floor_usage":[6,11,13],"damage_taken":[{"damage":3,"enemies":"Jaw Worm","floor":1,"turns":5},{"damage":0,"enemies":"Cultist","floor":4,"turns":4},{"damage":1,"enemies":"2 Louse","floor":5,"turns":2},{"damage":18,"enemies":"Lagavulin","floor":6,"turns":10},{"damage":49,"enemies":"Gremlin Nob","floor":8,"turns":6},{"damage":26,"enemies":"Gremlin Nob","floor":11,"turns":4},{"damage":3,"enemies":"Looter","floor":13,"turns":3},{"damage":1,"enemies":"2 Fungi Beasts","floor":14,"turns":2},{"damage":49,"enemies":"Slime Boss","floor":16,"turns":10},{"damage":14,"enemies":"Chosen","floor":18,"turns":6},{"damage":17,"enemies":"Shell Parasite","floor":22,"turns":6},{"damage":5,"enemies":"Colosseum Slavers","floor":27,"turns":4},{"damage":26,"enemies":"Chosen and Byrds","floor":29,"turns":6},{"damage":8,"enemies":"Snecko","floor":31,"turns":6},{"damage":80,"enemies":"Champ","floor":33,"turns":11}],"seed_played":"5887835856734536129","potions_obtained":[{"floor":4,"key":"Strength Potion"},{"floor":8,"key":"Fruit Juice"},{"floor":11,"key":"Poison Potion"},{"floor":14,"key":"Weak Potion"},{"floor":18,"key":"GamblersBrew"}],"is_trial":false,"path_per_floor":["M","?","$","M","M","E","R","?","T","R","E","T","M","M","R","B",null,"M","?","?","?","M","R","T","R","T","?","$","M","$","M","R","B"],"character_chosen":"THE_SILENT","items_purchased":["Bandage Up","Blood Vial","Panache"],"campfire_rested":3,"item_purchase_floors":[3,28,28],"current_hp_per_floor":[74,74,74,77,76,62,62,19,19,42,27,27,30,35,59,16,82,74,74,74,68,57,57,57,57,57,58,58,40,40,40,64,0],"gold":52,"neow_bonus":"TEN_PERCENT_HP_BONUS","is_prod":false,"is_daily":false,"chose_seed":false,"campfire_upgraded":3,"win_rate":0,"timestamp":1563596039,"path_taken":["M","?","?","?","M","E","R","?","T","R","E","?","M","?","R","BOSS","M","?","?","?","M","R","?","R","T","?","$","?","?","M","R","BOSS"],"build_version":"2019-07-17","purchased_purges":1,"victory":false,"max_hp_per_floor":[77,77,77,77,77,77,77,77,77,77,82,82,82,82,82,82,82,82,82,82,82,82,82,82,82,82,82,82,82,82,82,82,82],"card_choices":[{"not_picked":["Quick Slash","Bouncing Flask"],"picked":"Dagger Spray","floor":1},{"not_picked":["Blade Dance","PiercingWail"],"picked":"Flying Knee","floor":4},{"not_picked":["Quick Slash","Flying Knee"],"picked":"Well Laid Plans","floor":5},{"not_picked":["Blur","Expertise"],"picked":"Crippling Poison","floor":6},{"not_picked":["Slice","Heel Hook","Well Laid Plans"],"picked":"Choke","floor":8},{"not_picked":["Escape Plan","Deflect","Flying Knee"],"picked":"Envenom","floor":11},{"not_picked":["Dagger Spray","Underhanded Strike","Quick Slash"],"picked":"Endless Agony","floor":13},{"not_picked":["Prepared","Acrobatics","Dagger Throw"],"picked":"Blur","floor":14},{"not_picked":["Wraith Form v2","Envenom","Malaise"],"picked":"Burst","floor":16},{"not_picked":["Blade Dance","Cloak And Dagger","Dagger Spray"],"picked":"Dash","floor":18},{"not_picked":["Night Terror","Poisoned Stab+1","Leg Sweep"],"picked":"Acrobatics+1","floor":22},{"not_picked":["Deadly Poison","Backflip","Crippling Poison","Acrobatics+1"],"picked":"SKIP","floor":29},{"not_picked":["Backflip","All Out Attack","Dagger Spray","Finisher"],"picked":"SKIP","floor":31}],"player_experience":681472,"relics_obtained":[{"floor":6,"key":"War Paint"},{"floor":9,"key":"Bag of Marbles"},{"floor":11,"key":"Matryoshka"},{"floor":12,"key":"Lantern"},{"floor":12,"key":"Ornamental Fan"},{"floor":24,"key":"Darkstone Periapt"},{"floor":24,"key":"Smiling Mask"},{"floor":26,"key":"Mercury Hourglass"}],"event_choices":[{"damage_healed":0,"gold_gain":0,"player_choice":"Forge","damage_taken":0,"max_hp_gain":0,"max_hp_loss":0,"event_name":"Accursed Blacksmith","floor":2,"gold_loss":0,"cards_upgraded":["Survivor"]},{"damage_healed":0,"gold_gain":30,"player_choice":"Searched \u00273\u0027 times","damage_taken":0,"relics_obtained":["Question Card"],"max_hp_gain":0,"max_hp_loss":0,"event_name":"Dead Adventurer","floor":8,"gold_loss":0},{"damage_healed":0,"gold_gain":0,"player_choice":"Smashed Altar","damage_taken":0,"max_hp_gain":0,"max_hp_loss":0,"event_name":"Forgotten Altar","floor":19,"gold_loss":0,"cards_obtained":["Decay"]},{"damage_healed":0,"gold_gain":0,"player_choice":"Opened","damage_taken":0,"relics_obtained":["Du-Vu Doll"],"max_hp_gain":0,"max_hp_loss":0,"event_name":"The Mausoleum","floor":20,"gold_loss":0},{"damage_healed":0,"gold_gain":0,"player_choice":"Joined the Cult","damage_taken":6,"max_hp_gain":0,"max_hp_loss":0,"event_name":"Nest","floor":21,"gold_loss":0,"cards_obtained":["RitualDagger"]},{"damage_healed":0,"gold_gain":0,"player_choice":"Fight","damage_taken":0,"max_hp_gain":0,"max_hp_loss":0,"event_name":"Colosseum","floor":27,"gold_loss":0},{"damage_healed":0,"gold_gain":0,"player_choice":"Fled From Nobs","damage_taken":0,"max_hp_gain":0,"max_hp_loss":0,"event_name":"Colosseum","floor":27,"gold_loss":0}],"is_beta":false,"boss_relics":[{"not_picked":["Cursed Key","Orrery"],"picked":"Black Star"}],"items_purged_floors":[28],"is_endless":false,"potions_floor_spawned":[4,8,11,14,18],"killed_by":"Champ","ascension_level":4}