{"gold_per_floor":[113,113,188,188,204,204,216,216,216,216,249,269,299,317,317,418,418,435,360,31,31,41,69,82,82,82,82,102,55,73,87,87,192,192,204,2,2,19,19,19,19,19],"floor_reached":42,"playtime":1951,"items_purged":[],"score":451,"play_id":"b7ab4848-bc3f-460c-9646-89d3af118c3d","local_time":"20181213010058","is_ascension_mode":false,"campfire_choices":[{"floor":6,"key":"RECALL"},{"data":"Heavy Blade","floor":8,"key":"SMITH"},{"floor":15,"key":"REST"},{"floor":25,"key":"REST"},{"data":"Apotheosis","floor":27,"key":"SMITH"},{"floor":32,"key":"REST"},{"floor":40,"key":"REST"}],"neow_cost":"NONE","seed_source_timestamp":1637957335408047,"circlet_count":0,"master_deck":["Strike_R","Defend_R","Defend_R","Defend_R","Bash+1","Headbutt","Rampage","Heavy Blade+1","Spot Weakness","Anger","Limit Break","Apotheosis+1","Double Tap","Ghostly Armor","True Grit","Battle Trance","Barricade","Dropkick+1","Dropkick+1","Blood for Blood+1"],"relics":["Burning Blood","Lantern","Centennial Puzzle","Charon\u0027s Ashes","Mark of Pain","Ancient Tea Set","Astrolabe","Red Skull"],"potions_floor_usage":[16,16,24,28,30,31,38,38,42],"damage_taken":[{"damage":5,"enemies":"Cultist","floor":1,"turns":4},{"damage":0,"enemies":"Small Slimes","floor":5,"turns":2},{"damage":1,"enemies":"2 Louse","floor":7,"turns":2},{"damage":28,"enemies":"Gremlin Nob","floor":11,"turns":4},{"damage":11,"enemies":"Large Slime","floor":12,"turns":3},{"damage":27,"enemies":"3 Sentries","floor":13,"turns":5},{"damage":14,"enemies":"Blue Slaver","floor":14,"turns":3},{"damage":52,"enemies":"The Guardian","floor":16,"turns":11},{"damage":30,"enemies":"2 Thieves","floor":18,"turns":3},{"damage":5,"enemies":"Chosen","floor":22,"turns":3},{"damage":60,"enemies":"Book of Stabbing","floor":23,"turns":6},{"damage":0,"enemies":"Snake Plant","floor":24,"turns":2},{"damage":15,"enemies":"Snecko","floor":28,"turns":4},{"damage":17,"enemies":"3 Cultists","floor":30,"turns":5},{"damage":6,"enemies":"Snake Plant","floor":31,"turns":3},{"damage":34,"enemies":"Automaton","floor":33,"turns":6},{"damage":47,"enemies":"Orb Walker","floor":35,"turns":5},{"damage":35,"enemies":"3 Darklings","floor":38,"turns":5},{"damage":57,"enemies":"Reptomancer","floor":42,"turns":2}],"seed_played":"-7340518935862518115","potions_obtained":[{"floor":5,"key":"AttackPotion"},{"floor":7,"key":"GamblersBrew"},{"floor":11,"key":"GamblersBrew"},{"floor":23,"key":"Swift Potion"},{"floor":24,"key":"Strength Potion"},{"floor":30,"key":"Weak Potion"},{"floor":35,"key":"FearPotion"},{"floor":38,"key":"AttackPotion"}],"is_trial":false,"path_per_floor":["M","?","?","?","M","R","M","R","T","?","E","M","E","M","R","B",null,"M","?","$","?","M","E","M","R","T","R","M","$","M","M","R","B",null,"M","$","?","M","$","R","?","E"],"character_chosen":"IRONCLAD","items_purchased":["Apotheosis","Double Tap","True Grit","Red Skull","AttackPotion"],"campfire_rested":4,"item_purchase_floors":[20,20,29,36,36],"current_hp_per_floor":[80,80,69,69,75,75,80,80,80,85,63,58,37,29,54,8,85,61,61,61,85,85,31,37,62,62,62,53,53,42,42,67,39,85,44,44,44,15,15,40,40,0],"gold":19,"neow_bonus":"UPGRADE_CARD","is_prod":false,"is_daily":false,"chose_seed":false,"campfire_upgraded":2,"win_rate":0,"timestamp":1544623258,"path_taken":["M","?","?","?","M","R","M","R","T","?","E","M","E","?","R","BOSS","M","?","$","?","M","E","?","R","T","R","M","?","M","M","R","BOSS","M","$","?","M","?","R","?","E"],"build_version":"2018-12-06","purchased_purges":0,"victory":false,"max_hp_per_floor":[80,80,80,80,80,80,80,80,80,85,85,85,85,85,85,85,85,85,85,85,85,85,85,85,85,85,85,85,85,85,85,85,85,85,85,85,85,85,85,85,85,85],"card_choices":[{"not_picked":["Iron Wave","Clash"],"picked":"Headbutt","floor":1},{"not_picked":["Second Wind","Pummel"],"picked":"Heavy Blade","floor":5},{"not_picked":["Pommel Strike","Twin Strike","Rampage"],"picked":"SKIP","floor":7},{"not_picked":["Whirlwind","Sentinel"],"picked":"Spot Weakness","floor":11},{"not_picked":["Dropkick","Uppercut"],"picked":"Anger","floor":12},{"not_picked":["Anger","Rupture"],"picked":"Limit Break","floor":13},{"not_picked":["Havoc","Fire Breathing"],"picked":"Dual Wield","floor":14},{"not_picked":["Pommel Strike","Clash","Rampage"],"picked":"SKIP","floor":18},{"not_picked":["Pommel Strike","Havoc","Sever Soul"],"picked":"SKIP","floor":22},{"not_picked":["Fire Breathing+1","Clash","Heavy Blade"],"picked":"SKIP","floor":23},{"not_picked":["Headbutt","Wild Strike","Dark Embrace"],"picked":"SKIP","floor":24},{"not_picked":["Battle Trance","Perfected Strike"],"picked":"Ghostly Armor","floor":28},{"not_picked":["Pommel Strike","Havoc","Battle Trance"],"picked":"SKIP","floor":30},{"not_picked":["Iron Wave+1","True Grit"],"picked":"Battle Trance","floor":31},{"not_picked":["Juggernaut","Impervious"],"picked":"Barricade","floor":33},{"not_picked":["True Grit","Dropkick","Armaments"],"picked":"SKIP","floor":35},{"not_picked":["Rupture+1","Flex","Headbutt"],"picked":"SKIP","floor":38}],"player_experience":219356,"relics_obtained":[{"floor":9,"key":"Lantern"},{"floor":11,"key":"Centennial Puzzle"},{"floor":13,"key":"Charon\u0027s Ashes"},{"floor":23,"key":"Ancient Tea Set"}],"event_choices":[{"damage_healed":0,"gold_gain":0,"player_choice":"Ignored","damage_taken":0,"max_hp_gain":0,"max_hp_loss":0,"event_name":"Shining Light","floor":2,"gold_loss":0},{"damage_healed":0,"gold_gain":75,"player_choice":"Gather Gold","damage_taken":11,"max_hp_gain":0,"max_hp_loss":0,"event_name":"World of Goop","floor":3,"gold_loss":0},{"damage_healed":0,"gold_gain":0,"cards_transformed":["Strike_R"],"player_choice":"Change","damage_taken":0,"max_hp_gain":0,"max_hp_loss":0,"event_name":"Living Wall","floor":4,"gold_loss":0,"cards_obtained":["Rampage"]},{"damage_healed":0,"gold_gain":0,"player_choice":"Donut","damage_taken":0,"max_hp_gain":5,"max_hp_loss":0,"event_name":"Big Fish","floor":10,"gold_loss":0},{"cards_removed":["Strike_R"],"damage_healed":0,"gold_gain":0,"player_choice":"Gave Gold","damage_taken":0,"max_hp_gain":0,"max_hp_loss":0,"event_name":"Beggar","floor":19,"gold_loss":75},{"cards_removed":["Dual Wield"],"damage_healed":24,"gold_gain":0,"player_choice":"Offered Uncommon","damage_taken":0,"max_hp_gain":0,"max_hp_loss":0,"event_name":"Bonfire Elementals","floor":21,"gold_loss":0},{"damage_healed":0,"gold_gain":0,"player_choice":"Ignored","damage_taken":0,"max_hp_gain":0,"max_hp_loss":0,"event_name":"SecretPortal","floor":37,"gold_loss":0},{"damage_healed":0,"gold_gain":0,"player_choice":"Ignored","damage_taken":0,"max_hp_gain":0,"max_hp_loss":0,"event_name":"Mysterious Sphere","floor":41,"gold_loss":0}],"is_beta":false,"boss_relics":[{"not_picked":["Coffee Dripper","Ectoplasm"],"picked":"Mark of Pain"},{"not_picked":["Philosopher\u0027s Stone","Tiny House"],"picked":"Astrolabe"}],"items_purged_floors":[],"is_endless":false,"potions_floor_spawned":[5,7,11,23,24,30,35,38],"killed_by":"Reptomancer","ascension_level":0}