{"gold_per_floor":[118,118,20,20,20,20,34,34,82,113,126,161,161,172,172,274,274,292,292,292,305,36,36,55,85,85,85,117,136,136,136,136,236,236,256,356,410,429,446,446,479,479],"floor_reached":42,"playtime":3682,"items_purged":[],"score":522,"play_id":"215b4d42-6634-4f1d-bf20-e29f27fce46e","local_time":"20181226201719","is_ascension_mode":false,"campfire_choices":[{"data":"Bullet Time","floor":6.0,"key":"SMITH"},{"floor":8.0,"key":"RECALL"},{"floor":13.0,"key":"DIG"},{"floor":15.0,"key":"REST"},{"floor":23,"key":"DIG"},{"floor":27,"key":"DIG"},{"floor":32,"key":"REST"},{"floor":40,"key":"DIG"}],"neow_cost":"NONE","seed_source_timestamp":2184986125018248,"circlet_count":0,"master_deck":["Defend_G+1","Defend_G+1","Defend_G+1","Defend_G+1","Defend_G+1","Survivor","Neutralize","Cloak And Dagger","Bullet Time+1","Acrobatics","Deadly Poison","Footwork","Backflip","Bouncing Flask","Bouncing Flask","A Thousand Cuts","Cloak And Dagger","Bite","Bite","Bite","Bite","Bite","Deflect","Blur","Well Laid Plans","PiercingWail","Finisher+1","Envenom","Bane+1","Deadly Poison+1","Masterful Stab+1","Dodge and Roll+1","Poisoned Stab+1"],"special_seed":0,"relics":["Ring of the Snake","Potion Belt","Bag of Preparation","Shovel","Mummified Hand","Bronze Scales","Busted Crown","PreservedInsect","Mercury Hourglass","Juzu Bracelet","Snake Skull","Blood Vial","WristBlade","Ginger","Nunchaku","Centennial Puzzle","Smiling Mask"],"potions_floor_usage":[24,33,37,38,41],"damage_taken":[{"damage":1.0,"enemies":"Jaw Worm","floor":1.0,"turns":5.0},{"damage":0.0,"enemies":"Cultist","floor":7.0,"turns":5.0},{"damage":25.0,"enemies":"Gremlin Nob","floor":10.0,"turns":5.0},{"damage":0.0,"enemies":"2 Louse","floor":11.0,"turns":2.0},{"damage":10.0,"enemies":"Lagavulin","floor":12.0,"turns":8.0},{"damage":9.0,"enemies":"Exordium Wildlife","floor":14.0,"turns":3.0},{"damage":30.0,"enemies":"Slime Boss","floor":16.0,"turns":13.0},{"damage":23.0,"enemies":"2 Thieves","floor":18.0,"turns":3.0},{"damage":0.0,"enemies":"3 Byrds","floor":21.0,"turns":3.0},{"damage":13,"enemies":"Shelled Parasite and Fungi","floor":24,"turns":4},{"damage":0,"enemies":"Gremlin Leader","floor":25,"turns":4},{"damage":17,"enemies":"Slavers","floor":28,"turns":4},{"damage":0,"enemies":"Snecko","floor":29,"turns":3},{"damage":37,"enemies":"Automaton","floor":33,"turns":9},{"damage":6,"enemies":"Orb Walker","floor":35,"turns":4},{"damage":6,"enemies":"Mind Bloom Boss Battle","floor":36,"turns":5},{"damage":27,"enemies":"2 Orb Walkers","floor":37,"turns":4},{"damage":8,"enemies":"3 Darklings","floor":38,"turns":3},{"damage":8,"enemies":"Sphere and 2 Shapes","floor":39,"turns":5},{"damage":31,"enemies":"Reptomancer","floor":41,"turns":5},{"damage":25,"enemies":"Writhing Mass","floor":42,"turns":3}],"seed_played":"-1571135900602271517","potions_obtained":[{"floor":1.0,"key":"Block Potion"},{"floor":4.0,"key":"Strength Potion"},{"floor":4.0,"key":"Energy Potion"},{"floor":4.0,"key":"LiquidBronze"},{"floor":7.0,"key":"Fire Potion"},{"floor":11.0,"key":"Poison Potion"},{"floor":21.0,"key":"SkillPotion"},{"floor":29,"key":"Poison Potion"},{"floor":35,"key":"Energy Potion"},{"floor":37,"key":"Energy Potion"},{"floor":39,"key":"PowerPotion"}],"is_trial":false,"path_per_floor":["M","?","$","?","$","R","M","R","T","E","M","E","R","M","R","B",null,"M","?","?","M","$","R","M","E","T","R","E","M","?","?","R","B",null,"M","?","?","M","M","R","E","M"],"character_chosen":"THE_SILENT","items_purchased":["Acrobatics","Deadly Poison","PreservedInsect","Deflect","Blur"],"campfire_rested":2,"item_purchase_floors":[3,3,22,22,22],"current_hp_per_floor":[69,69,69,69,69,69,69,69,69,44,44,34,34,25,46,16,70,47,47,41,49,49,49,38,48,48,48,34,42,42,26,40,18,49,43,45,30,28,30,30,9,0],"gold":479,"neow_bonus":"RANDOM_COMMON_RELIC","is_prod":false,"is_daily":false,"chose_seed":false,"campfire_upgraded":1,"win_rate":0,"timestamp":1545815839,"path_taken":["M","?","$","?","$","R","M","R","T","E","M","E","R","?","R","BOSS","M","?","?","?","?","R","M","E","T","R","E","M","?","?","R","BOSS","M","?","?","M","M","R","E","M"],"build_version":"2018-12-20","purchased_purges":0,"victory":false,"max_hp_per_floor":[70,70,70,70,70,70,70,70,70,70,70,70,70,70,70,70,70,70,49,49,49,49,49,49,49,49,49,49,49,49,49,49,49,49,49,49,49,49,49,49,49,49],"card_choices":[{"not_picked":["Expertise","Caltrops"],"picked":"Cloak And Dagger","floor":1.0},{"not_picked":["Masterful Stab","PiercingWail"],"picked":"Footwork","floor":7.0},{"not_picked":["Bane","Reflex"],"picked":"Backflip","floor":10.0},{"not_picked":["Backflip","Accuracy"],"picked":"Bouncing Flask","floor":11.0},{"not_picked":["Underhanded Strike","All Out Attack","Tactician"],"picked":"SKIP","floor":12.0},{"not_picked":["Eviscerate","Slice"],"picked":"Bouncing Flask","floor":14.0},{"not_picked":["Glass Knife","Bullet Time"],"picked":"A Thousand Cuts","floor":16.0},{"not_picked":[],"picked":"Cloak And Dagger","floor":18.0},{"not_picked":["Deadly Poison"],"picked":"SKIP","floor":21.0},{"not_picked":[],"picked":"Well Laid Plans","floor":24},{"not_picked":[],"picked":"PiercingWail","floor":25},{"not_picked":[],"picked":"Finisher+1","floor":28},{"not_picked":["Accuracy"],"picked":"SKIP","floor":29},{"not_picked":[],"picked":"Envenom","floor":33},{"not_picked":[],"picked":"Bane+1","floor":35},{"not_picked":[],"picked":"Deadly Poison+1","floor":36},{"not_picked":[],"picked":"Masterful Stab+1","floor":37},{"not_picked":["Deflect"],"picked":"SKIP","floor":38},{"not_picked":[],"picked":"Dodge and Roll+1","floor":39},{"not_picked":[],"picked":"Poisoned Stab+1","floor":41}],"player_experience":315480,"relics_obtained":[{"floor":9.0,"key":"Bag of Preparation"},{"floor":10.0,"key":"Shovel"},{"floor":12.0,"key":"Mummified Hand"},{"floor":13.0,"key":"Bronze Scales"},{"floor":23,"key":"Mercury Hourglass"},{"floor":25,"key":"Juzu Bracelet"},{"floor":27,"key":"Snake Skull"},{"floor":28,"key":"Blood Vial"},{"floor":36,"key":"Ginger"},{"floor":37,"key":"Nunchaku"},{"floor":40,"key":"Centennial Puzzle"},{"floor":41,"key":"Smiling Mask"}],"event_choices":[{"damage_healed":0.0,"max_hp_gain":0.0,"max_hp_loss":0.0,"gold_gain":0.0,"cards_transformed":["Strike_G"],"event_name":"Living Wall","player_choice":"Change","floor":2.0,"gold_loss":0.0,"damage_taken":0.0,"cards_obtained":["Bullet Time"]},{"damage_healed":0.0,"max_hp_gain":0.0,"max_hp_loss":0.0,"gold_gain":0.0,"event_name":"Lab","player_choice":"Got Potions","floor":4.0,"gold_loss":0.0,"damage_taken":0.0},{"damage_healed":0.0,"max_hp_gain":0.0,"max_hp_loss":21.0,"gold_gain":0.0,"event_name":"Vampires","player_choice":"Became a vampire","floor":19.0,"gold_loss":0.0,"damage_taken":0.0,"cards_obtained":["Bite","Bite","Bite","Bite","Bite"]},{"damage_healed":0.0,"max_hp_gain":0.0,"max_hp_loss":0.0,"gold_gain":0.0,"event_name":"Knowing Skull","player_choice":"","floor":20.0,"potions_obtained":[],"gold_loss":0.0,"damage_taken":6.0,"cards_obtained":[]},{"damage_healed":0,"gold_gain":0,"player_choice":"Simplicity","damage_taken":0,"max_hp_gain":0,"max_hp_loss":0,"event_name":"Back to Basics","floor":30,"gold_loss":0,"cards_upgraded":["Defend_G","Defend_G","Defend_G","Defend_G","Defend_G"]},{"damage_healed":0,"gold_gain":0,"player_choice":"Obtained Book","damage_taken":16,"max_hp_gain":0,"max_hp_loss":0,"event_name":"Cursed Tome","floor":31,"gold_loss":0},{"damage_healed":0,"gold_gain":0,"player_choice":"Fight","damage_taken":0,"max_hp_gain":0,"max_hp_loss":0,"event_name":"MindBloom","floor":36,"gold_loss":0},{"damage_healed":0,"gold_gain":0,"player_choice":"Fight","damage_taken":0,"max_hp_gain":0,"max_hp_loss":0,"event_name":"Mysterious Sphere","floor":37,"gold_loss":0}],"is_beta":false,"boss_relics":[{"not_picked":["HoveringKite","Lizard Tail"],"picked":"Busted Crown"},{"not_picked":["Philosopher\u0027s Stone","Tiny House"],"picked":"WristBlade"}],"items_purged_floors":[],"is_endless":false,"potions_floor_spawned":[1,7,11,21,29,35,37,39],"killed_by":"Writhing Mass","ascension_level":0}