{"gold_per_floor":[109,126,146,146,15,44,44,58,81,113,113,9,0,24,24,148,148,172,172,172,186,386,386,17,17,17,17,17,17,42,3,3,132,132,156,156,489,20,20,51,64,64,140,140,156,173,173,186,186,186],"floor_reached":50,"playtime":2274,"items_purged":[],"score":701,"play_id":"76d08a25-72cb-4be9-b286-37cd851b15cf","local_time":"20190208081856","is_ascension_mode":true,"campfire_choices":[{"floor":7.0,"key":"REST"},{"floor":15.0,"key":"REST"},{"floor":23,"key":"REST"},{"data":"Footwork","floor":28,"key":"SMITH"},{"floor":32,"key":"REST"},{"data":"Blur","floor":42,"key":"SMITH"},{"floor":47,"key":"REST"},{"floor":49,"key":"REST"}],"neow_cost":"NONE","seed_source_timestamp":268466877680669,"circlet_count":0,"master_deck":["Defend_G","Defend_G","Defend_G","Defend_G","Defend_G","Strike_G","Strike_G","Strike_G","Survivor","Neutralize","Noxious Fumes","Deadly Poison","Deadly Poison","Noxious Fumes","Deadly Poison","Footwork+1","Bouncing Flask","Deflect","Blur","Endless Agony","Bouncing Flask","Corpse Explosion","Cloak And Dagger","Tactician","Catalyst+1","Noxious Fumes","Escape Plan","Adrenaline","Blur+1","Footwork","Cloak And Dagger","Glass Knife","Prepared","Madness","Madness","Poisoned Stab+1","Well Laid Plans","Deadly Poison+1"],"special_seed":0,"relics":["Ring of the Snake","Potion Belt","Bronze Scales","Centennial Puzzle","Happy Flower","Juzu Bracelet","Black Star","The Specimen","Bottled Tornado","Letter Opener","Busted Crown","Snake Skull","Oddly Smooth Stone","Pen Nib","Pantograph","Bottled Lightning"],"potions_floor_usage":[33,33,40,46,48,50],"damage_taken":[{"damage":12.0,"enemies":"Cultist","floor":1.0,"turns":6.0},{"damage":8.0,"enemies":"Small Slimes","floor":2.0,"turns":3.0},{"damage":11.0,"enemies":"2 Louse","floor":3.0,"turns":3.0},{"damage":34.0,"enemies":"Gremlin Nob","floor":6.0,"turns":4.0},{"damage":1.0,"enemies":"2 Fungi Beasts","floor":8.0,"turns":3.0},{"damage":13.0,"enemies":"Lagavulin","floor":10.0,"turns":5.0},{"damage":5.0,"enemies":"Red Slaver","floor":14.0,"turns":2.0},{"damage":9.0,"enemies":"The Guardian","floor":16.0,"turns":8.0},{"damage":17,"enemies":"Spheric Guardian","floor":18,"turns":4},{"damage":10,"enemies":"Chosen","floor":21,"turns":6},{"damage":23,"enemies":"Snake Plant","floor":30,"turns":3},{"damage":19,"enemies":"Automaton","floor":33,"turns":6},{"damage":8,"enemies":"Orb Walker","floor":35,"turns":4},{"damage":0,"enemies":"Reptomancer","floor":40,"turns":5},{"damage":0,"enemies":"3 Shapes","floor":41,"turns":2},{"damage":22,"enemies":"Maw","floor":45,"turns":7},{"damage":16,"enemies":"Jaw Worm Horde","floor":46,"turns":2},{"damage":15,"enemies":"Sphere and 2 Shapes","floor":48,"turns":4},{"damage":53,"enemies":"Time Eater","floor":50,"turns":5}],"seed_played":"8458592438317037849","potions_obtained":[{"floor":1.0,"key":"Explosive Potion"},{"floor":3.0,"key":"FearPotion"},{"floor":6.0,"key":"SkillPotion"},{"floor":8.0,"key":"Dexterity Potion"},{"floor":18,"key":"Explosive Potion"},{"floor":30,"key":"PowerPotion"},{"floor":33,"key":"Strength Potion"},{"floor":35,"key":"PowerPotion"},{"floor":41,"key":"Energy Potion"},{"floor":46,"key":"EssenceOfSteel"}],"is_trial":false,"path_per_floor":["M","M","M","?","$","E","R","M","T","E","?","$","?","M","R","B",null,"M","?","?","M","?","R","$","?","T","T","R","$","M","$","R","B",null,"M","?","?","$","?","E","M","R","T","?","M","M","R","M","R","B"],"character_chosen":"THE_SILENT","items_purchased":["Noxious Fumes","Deadly Poison","Blur","Endless Agony","The Specimen","Noxious Fumes","Escape Plan","Snake Skull","Blur","Footwork","Oddly Smooth Stone","Cloak And Dagger"],"campfire_rested":6,"item_purchase_floors":[5,5,12,12,24,24,31,38,38,38,38,38],"current_hp_per_floor":[58,50,39,36,36,2,23,22,22,9,9,9,9,4,23,14,52,35,35,56,46,46,65,65,65,65,65,65,65,42,42,61,42,59,51,51,51,51,51,51,51,51,51,43,21,5,24,9,28,0],"gold":186,"neow_bonus":"RANDOM_COMMON_RELIC","is_prod":false,"is_daily":false,"chose_seed":false,"campfire_upgraded":2,"win_rate":0,"timestamp":1549585136,"path_taken":["M","?","M","?","$","E","R","M","T","E","?","$","?","M","R","BOSS","M","?","?","M","?","R","$","?","T","?","R","?","M","$","R","BOSS","M","?","?","$","?","E","M","R","T","?","M","M","R","M","R","BOSS"],"build_version":"2019-01-23","purchased_purges":0,"victory":false,"max_hp_per_floor":[70,70,70,70,70,70,70,70,70,70,65,65,65,65,65,65,65,65,65,65,65,65,65,65,65,65,65,65,65,65,65,65,65,65,65,65,65,65,65,65,65,65,65,65,65,65,65,65,65,65],"card_choices":[{"not_picked":["PiercingWail","Dash"],"picked":"Noxious Fumes","floor":1.0},{"not_picked":["Blade Dance","Quick Slash"],"picked":"Deadly Poison","floor":2.0},{"not_picked":["Dagger Spray","Bane"],"picked":"Deadly Poison","floor":3.0},{"not_picked":["PiercingWail","Flying Knee"],"picked":"Footwork","floor":6.0},{"not_picked":["Underhanded Strike","Predator"],"picked":"Bouncing Flask","floor":8.0},{"not_picked":["Slice","Glass Knife"],"picked":"Deflect","floor":10.0},{"not_picked":["Underhanded Strike","Blade Dance"],"picked":"Bouncing Flask","floor":14.0},{"not_picked":["Die Die Die","Night Terror"],"picked":"Corpse Explosion","floor":16.0},{"not_picked":["Flying Knee","Caltrops+1"],"picked":"Cloak And Dagger","floor":18},{"not_picked":["Flechettes","Blur+1"],"picked":"Catalyst","floor":21},{"not_picked":["Riddle With Holes","Expertise","Slice"],"picked":"SKIP","floor":30},{"not_picked":["Malaise","Die Die Die"],"picked":"Adrenaline","floor":33},{"not_picked":["Setup"],"picked":"SKIP","floor":35},{"not_picked":[],"picked":"Glass Knife","floor":40},{"not_picked":[],"picked":"Prepared","floor":41},{"not_picked":[],"picked":"Poisoned Stab+1","floor":45},{"not_picked":[],"picked":"Well Laid Plans","floor":46},{"not_picked":[],"picked":"Deadly Poison+1","floor":48}],"player_experience":674174,"relics_obtained":[{"floor":6.0,"key":"Centennial Puzzle"},{"floor":9.0,"key":"Happy Flower"},{"floor":10.0,"key":"Juzu Bracelet"},{"floor":26,"key":"Bottled Tornado"},{"floor":27,"key":"Letter Opener"},{"floor":40,"key":"Pen Nib"},{"floor":40,"key":"Pantograph"},{"floor":43,"key":"Bottled Lightning"}],"event_choices":[{"damage_healed":0.0,"max_hp_gain":0.0,"max_hp_loss":0.0,"gold_gain":0.0,"event_name":"Scrap Ooze","player_choice":"Success","floor":4.0,"gold_loss":0.0,"damage_taken":3.0,"relics_obtained":["Bronze Scales"]},{"damage_healed":0.0,"max_hp_gain":0.0,"max_hp_loss":5.0,"gold_gain":0.0,"event_name":"Golden Idol","player_choice":"Lose Max HP","floor":11.0,"gold_loss":0.0,"damage_taken":0.0,"relics_obtained":["Golden Idol"]},{"damage_healed":0.0,"max_hp_gain":0.0,"max_hp_loss":0.0,"gold_gain":0.0,"event_name":"World of Goop","player_choice":"Left Gold","floor":13.0,"gold_loss":9.0,"damage_taken":0.0},{"damage_healed":0,"gold_gain":0,"cards_transformed":["Strike_G"],"player_choice":"Transformed","damage_taken":0,"max_hp_gain":0,"max_hp_loss":0,"event_name":"Transmorgrifier","floor":19,"gold_loss":0,"cards_obtained":["Tactician"]},{"damage_healed":21,"gold_gain":0,"player_choice":"Heal","damage_taken":0,"max_hp_gain":0,"max_hp_loss":0,"event_name":"The Library","floor":20,"gold_loss":0},{"damage_healed":0,"gold_gain":250,"player_choice":"Bet on Owner","damage_taken":0,"max_hp_gain":0,"max_hp_loss":0,"event_name":"The Joust","floor":22,"gold_loss":50},{"damage_healed":0,"gold_gain":0,"player_choice":"Ignored","damage_taken":0,"max_hp_gain":0,"max_hp_loss":0,"event_name":"Vampires","floor":25,"gold_loss":0},{"damage_healed":0,"gold_gain":0,"player_choice":"Upgraded","damage_taken":0,"max_hp_gain":0,"max_hp_loss":0,"event_name":"Upgrade Shrine","floor":36,"gold_loss":0,"cards_upgraded":["Catalyst"]},{"damage_healed":0,"gold_gain":333,"player_choice":"Gave Idol","damage_taken":0,"max_hp_gain":0,"max_hp_loss":0,"event_name":"The Moai Head","floor":37,"relics_lost":["Golden Idol"],"gold_loss":0},{"cards_removed":["Strike_G"],"damage_healed":0,"gold_gain":0,"player_choice":"Removed Attack","damage_taken":0,"max_hp_gain":0,"max_hp_loss":0,"event_name":"Falling","floor":39,"gold_loss":0},{"damage_healed":0,"gold_gain":0,"player_choice":"Embrace Madness","damage_taken":8,"max_hp_gain":0,"max_hp_loss":0,"event_name":"Winding Halls","floor":44,"gold_loss":0,"cards_obtained":["Madness","Madness"]}],"is_beta":false,"boss_relics":[{"not_picked":["Calling Bell","Ring of the Serpent"],"picked":"Black Star"},{"not_picked":["Snecko Eye","Coffee Dripper"],"picked":"Busted Crown"}],"items_purged_floors":[],"is_endless":false,"potions_floor_spawned":[1,3,6,8,18,30,33,35,41,46],"killed_by":"Time Eater","ascension_level":5}