{"gold_per_floor":[114,39,55,66,76,104,119,119,143,143,168,178,353,41,41,146,146,159,84,64,64,75,75,45,74,74,74,108,119,119,139,169,265,265,282,282,282,282,313,313,345,345,345,345,197,220,272,285,285,305,305,305,47,72,72],"floor_reached":55,"playtime":3277,"items_purged":["Decay","Strike_R"],"score":844,"play_id":"ae041261-4959-4063-bea4-6a7ed873c735","local_time":"20181218214831","is_ascension_mode":true,"campfire_choices":[{"floor":8,"key":"REST"},{"floor":15,"key":"REST"},{"floor":23,"key":"REST"},{"floor":27,"key":"REST"},{"floor":30,"key":"DIG"},{"floor":32,"key":"DIG"},{"floor":40,"key":"RECALL"},{"floor":42,"key":"REST"},{"floor":49,"key":"REST"},{"data":"Armaments","floor":52,"key":"SMITH"}],"neow_cost":"CURSE","seed_source_timestamp":0,"circlet_count":0,"master_deck":["Strike_R","Strike_R","Strike_R","Strike_R","Defend_R","Defend_R","Defend_R","Defend_R+1","Bash","Headbutt","Havoc","Headbutt","Spot Weakness","Double Tap","Sentinel","Anger","Heavy Blade","Barricade","Shrug It Off+1","Necronomicurse","Demon Form","Clothesline","Heavy Blade+1","Double Tap","HandOfGreed","Flame Barrier+1","Body Slam+1","Armaments+1","Shrug It Off+1","Second Wind+1","Shrug It Off+1","Metallicize+1"],"special_seed":0,"relics":["Burning Blood","Matryoshka","Boot","Red Skull","Blood Vial","Shovel","Runic Pyramid","Necronomicon","Self Forming Clay","Ornamental Fan","Bottled Flame","Pantograph","War Paint","Tiny Chest","Black Star","Vajra","Pen Nib","Mango","Oddly Smooth Stone","Bottled Lightning","Toxic Egg 2","OrangePellets","Gremlin Horn","Ice Cream"],"potions_floor_usage":[7,16,16,16,25,28,35,44,50],"damage_taken":[{"damage":7.0,"enemies":"Cultist","floor":1.0,"turns":4.0},{"damage":6.0,"enemies":"Jaw Worm","floor":3.0,"turns":3.0},{"damage":6.0,"enemies":"2 Louse","floor":4.0,"turns":2.0},{"damage":30,"enemies":"Large Slime","floor":5,"turns":5},{"damage":38,"enemies":"Gremlin Nob","floor":6,"turns":5},{"damage":28,"enemies":"Exordium Wildlife","floor":7,"turns":4},{"damage":31,"enemies":"Lagavulin","floor":11,"turns":5},{"damage":0,"enemies":"Looter","floor":12,"turns":2},{"damage":17,"enemies":"Slime Boss","floor":16,"turns":7},{"damage":26,"enemies":"Shell Parasite","floor":18,"turns":5},{"damage":27,"enemies":"2 Thieves","floor":20,"turns":4},{"damage":34,"enemies":"3 Cultists","floor":22,"turns":5},{"damage":28,"enemies":"Slavers","floor":25,"turns":4},{"damage":24,"enemies":"Gremlin Leader","floor":28,"turns":4},{"damage":0,"enemies":"Snecko","floor":29,"turns":2},{"damage":0,"enemies":"Centurion and Healer","floor":31,"turns":4},{"damage":24,"enemies":"Champ","floor":33,"turns":7},{"damage":59,"enemies":"3 Darklings","floor":35,"turns":9},{"damage":8,"enemies":"Orb Walker","floor":39,"turns":3},{"damage":49,"enemies":"Nemesis","floor":41,"turns":7},{"damage":0,"enemies":"Sphere and 2 Shapes","floor":44,"turns":1},{"damage":67,"enemies":"Reptomancer","floor":47,"turns":3},{"damage":10,"enemies":"Spire Growth","floor":48,"turns":3},{"damage":102,"enemies":"Awakened One","floor":50,"turns":10},{"damage":56,"enemies":"Shield and Spear","floor":54,"turns":7},{"damage":80,"enemies":"The Heart","floor":55,"turns":9}],"seed_played":"-756379855823507696","potions_obtained":[{"floor":1.0,"key":"Energy Potion"},{"floor":3.0,"key":"Poison Potion"},{"floor":11,"key":"Fire Potion"},{"floor":12,"key":"Poison Potion"},{"floor":22,"key":"Poison Potion"},{"floor":24,"key":"FairyPotion"},{"floor":24,"key":"SmokeBomb"},{"floor":25,"key":"PowerPotion"},{"floor":31,"key":"GamblersBrew"},{"floor":33,"key":"Fire Potion"},{"floor":41,"key":"Fire Potion"}],"is_trial":false,"path_per_floor":["M","$","M","M","M","E","M","R","T","?","E","M","?","$","R","B",null,"M","?","M","?","M","R","?","E","T","R","E","M","R","M","R","B",null,"M","T","?","?","M","R","E","R","T","M","$","T","E","M","R","B",null,"R","$","E","B"],"character_chosen":"IRONCLAD","items_purchased":["Shovel","Armaments","OrangePellets","Shrug It Off+1"],"campfire_rested":6,"item_purchase_floors":[14,45,53,53],"current_hp_per_floor":[95,95,95,95,71,39,17,45,45,50,25,33,33,33,63,54,101,81,81,62,46,20,50,50,30,30,60,44,52,52,60,60,69,101,48,48,48,88,86,86,45,71,85,93,93,93,34,32,62,13,102,102,102,52,0],"gold":72,"neow_bonus":"TWENTY_PERCENT_HP_BONUS","is_prod":false,"is_daily":false,"chose_seed":false,"campfire_upgraded":1,"win_rate":0,"timestamp":1545130111,"path_taken":["M","$","M","M","M","E","?","R","T","?","E","M","?","$","R","BOSS","M","?","M","?","?","R","?","E","T","R","E","M","R","?","R","BOSS","M","?","?","?","?","R","E","R","T","M","$","?","E","M","R","BOSS","R","$","E","BOSS"],"build_version":"2018-12-13","purchased_purges":2,"victory":false,"max_hp_per_floor":[96,96,96,96,96,96,96,96,96,101,101,101,101,101,101,101,101,101,101,101,101,101,101,101,101,101,101,101,101,101,101,101,101,101,101,101,101,88,88,88,88,88,102,102,102,102,102,102,102,102,102,102,102,102,102],"card_choices":[{"not_picked":["Seeing Red","Intimidate"],"picked":"Headbutt","floor":1.0},{"not_picked":["Clash","Flex"],"picked":"Havoc","floor":3.0},{"not_picked":["Wild Strike","Clothesline"],"picked":"Headbutt","floor":4.0},{"not_picked":["Sword Boomerang","Sentinel"],"picked":"Spot Weakness","floor":5},{"not_picked":["Havoc","Blood for Blood"],"picked":"Double Tap","floor":6},{"not_picked":["Wild Strike","Second Wind"],"picked":"Sentinel","floor":7},{"not_picked":["Havoc","Pommel Strike"],"picked":"Anger","floor":11},{"not_picked":["Clothesline","Dropkick"],"picked":"Heavy Blade","floor":12},{"not_picked":["Limit Break","Feed"],"picked":"Barricade","floor":16},{"not_picked":["Feel No Pain","Havoc"],"picked":"Shrug It Off","floor":18},{"not_picked":["Inflame+1","Perfected Strike+1","Carnage+1"],"picked":"SKIP","floor":20},{"not_picked":["Warcry","Wild Strike"],"picked":"Demon Form","floor":22},{"not_picked":["Havoc","Intimidate+1"],"picked":"Clothesline","floor":25},{"not_picked":["Armaments","Demon Form"],"picked":"Heavy Blade+1","floor":28},{"not_picked":["Cleave","Power Through","Pummel"],"picked":"SKIP","floor":29},{"not_picked":["Thunderclap","Hemokinesis+1","Clash"],"picked":"SKIP","floor":31},{"not_picked":["Berserk","Offering"],"picked":"Double Tap","floor":33},{"not_picked":["Pummel+1","Feel No Pain","Sentinel+1"],"picked":"SKIP","floor":35},{"not_picked":["Trip","Secret Weapon"],"picked":"HandOfGreed","floor":37},{"not_picked":["Bloodletting","Pommel Strike"],"picked":"Flame Barrier+1","floor":39},{"not_picked":["Havoc","Rage"],"picked":"Body Slam+1","floor":41},{"not_picked":["Flame Barrier","Thunderclap+1"],"picked":"Shrug It Off+1","floor":47},{"not_picked":["Twin Strike+1","Metallicize+1"],"picked":"Second Wind+1","floor":48},{"not_picked":["Body Slam","Battle Trance+1"],"picked":"Metallicize+1","floor":54}],"player_experience":273182,"relics_obtained":[{"floor":6,"key":"Matryoshka"},{"floor":9,"key":"Boot"},{"floor":9,"key":"Red Skull"},{"floor":11,"key":"Blood Vial"},{"floor":21,"key":"Necronomicon"},{"floor":25,"key":"Self Forming Clay"},{"floor":26,"key":"Ornamental Fan"},{"floor":26,"key":"Bottled Flame"},{"floor":28,"key":"Pantograph"},{"floor":30,"key":"War Paint"},{"floor":32,"key":"Tiny Chest"},{"floor":41,"key":"Vajra"},{"floor":41,"key":"Pen Nib"},{"floor":43,"key":"Mango"},{"floor":46,"key":"Oddly Smooth Stone"},{"floor":47,"key":"Bottled Lightning"},{"floor":47,"key":"Toxic Egg 2"},{"floor":54,"key":"Gremlin Horn"},{"floor":54,"key":"Ice Cream"}],"event_choices":[{"damage_healed":0,"gold_gain":0,"player_choice":"Donut","damage_taken":0,"max_hp_gain":5,"max_hp_loss":0,"event_name":"Big Fish","floor":10,"gold_loss":0},{"damage_healed":0,"gold_gain":175,"player_choice":"AGREE","damage_taken":0,"max_hp_gain":0,"max_hp_loss":0,"event_name":"Liars Game","floor":13,"gold_loss":0,"cards_obtained":["Doubt"]},{"cards_removed":["Doubt"],"damage_healed":0,"gold_gain":0,"player_choice":"Gave Gold","damage_taken":0,"max_hp_gain":0,"max_hp_loss":0,"event_name":"Beggar","floor":19,"gold_loss":75},{"damage_healed":0,"gold_gain":0,"player_choice":"Obtained Book","damage_taken":16,"max_hp_gain":0,"max_hp_loss":0,"event_name":"Cursed Tome","floor":21,"gold_loss":0},{"damage_healed":0,"gold_gain":0,"player_choice":"Bought 2 Potions","damage_taken":0,"max_hp_gain":0,"max_hp_loss":0,"event_name":"The Woman in Blue","floor":24,"gold_loss":0},{"damage_healed":0,"gold_gain":0,"player_choice":"Memory 1","damage_taken":0,"max_hp_gain":0,"max_hp_loss":0,"event_name":"SensoryStone","floor":37,"gold_loss":0},{"damage_healed":88,"gold_gain":0,"player_choice":"Heal","damage_taken":0,"max_hp_gain":0,"max_hp_loss":13,"event_name":"The Moai Head","floor":38,"gold_loss":0}],"is_beta":false,"boss_relics":[{"not_picked":["White Beast Statue","Philosopher\u0027s Stone"],"picked":"Runic Pyramid"},{"not_picked":["Sozu","Empty Cage"],"picked":"Black Star"}],"items_purged_floors":[2,45],"is_endless":false,"potions_floor_spawned":[1,3,11,12,22,25,31,33,41],"killed_by":"The Heart","ascension_level":1}