{"gold_per_floor":[366,385,402,5,5,5,34,45,68,68,68,84,3,31,31,130,130,147,72,47,47,60,60,73,73],"floor_reached":25,"playtime":1246,"items_purged":["Strike_B"],"score":222,"play_id":"976087da-067d-4996-a607-0f586dde0bc6","local_time":"20190107161347","is_ascension_mode":true,"campfire_choices":[{"floor":6,"key":"REST"},{"floor":10,"key":"REST"},{"floor":15,"key":"REST"},{"floor":23,"key":"REST"}],"neow_cost":"TEN_PERCENT_HP_LOSS","seed_source_timestamp":281768881058960,"circlet_count":0,"master_deck":["Strike_B+1","Strike_B+1","Defend_B","Defend_B","Zap+1","Dualcast+1","Static Discharge","Defragment","Stack","Rebound","Streamline","Redo","Cold Snap","Hologram","All For One","Coolheaded","Echo Form","Sunder","Steam","Loop","Loop","Capacitor+1","Beam Cell"],"relics":["Cracked Core","Membership Card","Singing Bowl","Whetstone","Smiling Mask","DataDisk","Cursed Key"],"potions_floor_usage":[16,16,24,24],"damage_taken":[{"damage":0,"enemies":"Small Slimes","floor":1,"turns":2},{"damage":1,"enemies":"Jaw Worm","floor":2,"turns":4},{"damage":5,"enemies":"2 Louse","floor":3,"turns":2},{"damage":25,"enemies":"Lagavulin","floor":7,"turns":5},{"damage":9,"enemies":"Blue Slaver","floor":8,"turns":3},{"damage":9,"enemies":"3 Louse","floor":12,"turns":2},{"damage":11,"enemies":"3 Sentries","floor":14,"turns":7},{"damage":25,"enemies":"Hexaghost","floor":16,"turns":6},{"damage":13,"enemies":"Shell Parasite","floor":18,"turns":4},{"damage":23,"enemies":"3 Byrds","floor":22,"turns":4},{"damage":17,"enemies":"Centurion and Healer","floor":24,"turns":5},{"damage":47,"enemies":"Gremlin Leader","floor":25,"turns":5}],"seed_played":"4033457463933747639","potions_obtained":[{"floor":3,"key":"SpeedPotion"},{"floor":7,"key":"Strength Potion"},{"floor":12,"key":"GamblersBrew"},{"floor":22,"key":"PowerPotion"}],"is_trial":false,"path_per_floor":["M","M","M","$","?","R","E","M","T","R","?","M","$","E","R","B",null,"M","?","$","?","M","R","M","E"],"character_chosen":"DEFECT","items_purchased":["Membership Card","Singing Bowl","Rebound","Streamline","All For One","Coolheaded","Steam"],"campfire_rested":4,"item_purchase_floors":[4,4,4,4,13,13,20],"current_hp_per_floor":[68,67,62,62,48,68,43,34,34,54,59,50,50,39,60,37,75,62,62,62,62,39,61,44,0],"gold":73,"neow_bonus":"TWO_FIFTY_GOLD","is_prod":false,"is_daily":false,"chose_seed":false,"campfire_upgraded":0,"win_rate":0,"timestamp":1546838027,"path_taken":["M","M","M","$","?","R","E","M","T","R","?","M","$","E","R","BOSS","M","?","$","?","M","R","M","E"],"build_version":"2019-01-03v4","purchased_purges":1,"victory":false,"max_hp_per_floor":[68,68,68,68,68,68,68,68,68,68,73,73,73,73,73,75,75,75,75,75,75,75,75,75,75],"card_choices":[{"not_picked":["Streamline","Chaos"],"picked":"Static Discharge","floor":1},{"not_picked":["Go for the Eyes","Rip and Tear"],"picked":"Defragment","floor":2},{"not_picked":["Doom and Gloom","Rip and Tear"],"picked":"Stack","floor":3},{"not_picked":["Chill","Gash"],"picked":"Redo","floor":7},{"not_picked":["Redo","Conserve Battery"],"picked":"Cold Snap","floor":8},{"not_picked":["Stack","Loop"],"picked":"Hologram","floor":12},{"not_picked":["White Noise","Leap"],"picked":"Echo Form","floor":14},{"not_picked":["Core Surge","Rainbow","Biased Cognition"],"picked":"Singing Bowl","floor":16},{"not_picked":["Conserve Battery","Blizzard"],"picked":"Sunder","floor":18},{"not_picked":["Sweeping Beam+1","Doom and Gloom"],"picked":"Capacitor+1","floor":22},{"not_picked":["Heatsinks","Turbo"],"picked":"Beam Cell","floor":24}],"player_experience":402190,"relics_obtained":[{"floor":7,"key":"Whetstone"},{"floor":9,"key":"Smiling Mask"},{"floor":14,"key":"DataDisk"}],"event_choices":[{"damage_healed":0,"gold_gain":0,"player_choice":"Entered Light","damage_taken":14,"max_hp_gain":0,"max_hp_loss":0,"event_name":"Shining Light","floor":5,"gold_loss":0,"cards_upgraded":["Dualcast","Zap"]},{"damage_healed":0,"gold_gain":0,"player_choice":"Donut","damage_taken":0,"max_hp_gain":5,"max_hp_loss":0,"event_name":"Big Fish","floor":11,"gold_loss":0},{"cards_removed":["Strike_B"],"damage_healed":0,"gold_gain":0,"player_choice":"Gave Gold","damage_taken":0,"max_hp_gain":0,"max_hp_loss":0,"event_name":"Beggar","floor":19,"gold_loss":75},{"damage_healed":0,"gold_gain":0,"cards_transformed":["Defend_B","Defend_B"],"player_choice":"Became Test Subject","damage_taken":0,"max_hp_gain":0,"max_hp_loss":0,"event_name":"Drug Dealer","floor":21,"gold_loss":0,"cards_obtained":["Loop","Loop"]}],"is_beta":false,"boss_relics":[{"not_picked":["Runic Dome","Sozu"],"picked":"Cursed Key"}],"items_purged_floors":[4],"is_endless":false,"potions_floor_spawned":[3,7,12,22],"killed_by":"Gremlin Leader","ascension_level":1}