{"gold_per_floor":[416,98,98,98,118,118,138,154,154,154,54,70,70,85,85,161,211,226,101,121,141,152,152,2,33,33,33,47,47,75,94,94,171,171,188,288,288,37,37,37,54,54,133,158,174,194,223,238,238,238,238,238,238,27,53,53],"floor_reached":57,"playtime":4581,"items_purged":["Strike_G","Strike_G","Strike_G","Defend_G","Defend_G+1"],"score":3363,"play_id":"b5b01aab-6b67-4319-a2a0-c2e838b39a84","local_time":"20190807164804","is_ascension_mode":true,"campfire_choices":[{"floor":6.0,"key":"REST"},{"data":"Tactician","floor":10.0,"key":"SMITH"},{"data":"Acrobatics","floor":15.0,"key":"SMITH"},{"data":"Calculated Gamble","floor":23.0,"key":"SMITH"},{"data":"Acrobatics","floor":29.0,"key":"SMITH"},{"data":"Deadly Poison","floor":32.0,"key":"SMITH"},{"data":"Calculated Gamble","floor":40,"key":"SMITH"},{"floor":49,"key":"RECALL"},{"data":"Reflex","floor":53,"key":"SMITH"}],"neow_cost":"TEN_PERCENT_HP_LOSS","seed_source_timestamp":323467098099796,"circlet_count":0,"master_deck":["AscendersBane","Survivor","Neutralize","Deadly Poison+1","Acrobatics+1","Tactician+1","Acrobatics+1","Reflex+1","Calculated Gamble+1","PiercingWail","Prepared+1","Adrenaline","Footwork","Calculated Gamble+1","Backflip+1","After Image"],"special_seed":0,"relics":["Ring of the Snake","Old Coin","TheAbacus","Tough Bandages","Tiny House","Lantern","Sundial","Pantograph","Empty Cage","Ice Cream","Mercury Hourglass","The Courier","Gambling Chip","Letter Opener","Nunchaku"],"potions_floor_usage":[56,56],"damage_taken":[{"damage":9.0,"enemies":"Jaw Worm","floor":1.0,"turns":5.0},{"damage":0.0,"enemies":"2 Louse","floor":5.0,"turns":4.0},{"damage":0.0,"enemies":"Cultist","floor":7.0,"turns":5.0},{"damage":0.0,"enemies":"Blue Slaver","floor":8.0,"turns":4.0},{"damage":9.0,"enemies":"2 Fungi Beasts","floor":12.0,"turns":5.0},{"damage":0.0,"enemies":"3 Louse","floor":14.0,"turns":5.0},{"damage":0.0,"enemies":"The Guardian","floor":16.0,"turns":9.0},{"damage":1.0,"enemies":"Chosen","floor":18.0,"turns":5.0},{"damage":0.0,"enemies":"Shell Parasite","floor":20.0,"turns":6.0},{"damage":0.0,"enemies":"Sentry and Sphere","floor":21.0,"turns":7.0},{"damage":0.0,"enemies":"Snecko","floor":22.0,"turns":8.0},{"damage":0.0,"enemies":"Book of Stabbing","floor":25.0,"turns":4.0},{"damage":0.0,"enemies":"Snake Plant","floor":28.0,"turns":4.0},{"damage":0.0,"enemies":"Gremlin Leader","floor":30.0,"turns":2.0},{"damage":0.0,"enemies":"3 Cultists","floor":31.0,"turns":2.0},{"damage":0.0,"enemies":"Automaton","floor":33.0,"turns":3.0},{"damage":0.0,"enemies":"Orb Walker","floor":35.0,"turns":2.0},{"damage":0.0,"enemies":"Mind Bloom Boss Battle","floor":36.0,"turns":3.0},{"damage":0,"enemies":"3 Darklings","floor":41,"turns":2},{"damage":0,"enemies":"Nemesis","floor":44,"turns":5},{"damage":0,"enemies":"Spire Growth","floor":45,"turns":2},{"damage":0,"enemies":"Transient","floor":46,"turns":6},{"damage":0,"enemies":"Reptomancer","floor":47,"turns":2},{"damage":0,"enemies":"Jaw Worm Horde","floor":48,"turns":3},{"damage":0,"enemies":"Donu and Deca","floor":50,"turns":5},{"damage":0,"enemies":"Time Eater","floor":51,"turns":6},{"damage":0,"enemies":"Shield and Spear","floor":55,"turns":3},{"damage":0,"enemies":"The Heart","floor":56,"turns":5}],"seed_played":"-2031968323551798885","potions_obtained":[{"floor":1.0,"key":"Poison Potion"},{"floor":14.0,"key":"LiquidBronze"},{"floor":16.0,"key":"EssenceOfSteel"},{"floor":18.0,"key":"GamblersBrew"},{"floor":28.0,"key":"AttackPotion"},{"floor":31.0,"key":"Swift Potion"},{"floor":44,"key":"SpeedPotion"}],"is_trial":false,"path_per_floor":["M","$","?","?","M","R","M","M","T","R","$","M","?","M","R","B",null,"M","$","M","M","M","R","$","E","T","?","M","R","E","M","R","B",null,"M","?","?","$","?","R","M","$","T","E","M","M","E","M","R","B","B",null,"R","$","E","B",null],"character_chosen":"THE_SILENT","items_purchased":["Deadly Poison","TheAbacus","Calculated Gamble","Letter Opener"],"campfire_rested":1,"item_purchase_floors":[2,2,38,54],"current_hp_per_floor":[50,50,15,15,15,33,33,33,33,33,33,24,17,17,17,17,54,53,53,53,53,53,53,53,53,53,53,53,53,53,53,53,65,65,65,65,62,62,52,52,52,52,52,52,52,52,52,52,52,62,62,62,62,62,62,62],"gold":53,"neow_bonus":"ONE_RARE_RELIC","is_prod":false,"is_daily":false,"chose_seed":false,"campfire_upgraded":7,"win_rate":0,"timestamp":1565167684,"path_taken":["M","$","?","?","M","R","M","M","T","R","$","?","?","M","R","BOSS","M","$","M","M","M","R","$","E","T","?","M","R","E","M","R","BOSS","M","?","?","$","?","R","M","?","T","E","?","M","E","M","R","BOSS","BOSS","R","$","E","BOSS"],"build_version":"2019-07-17","purchased_purges":5,"victory":true,"max_hp_per_floor":[60,60,60,60,60,60,60,60,60,60,60,60,60,60,60,60,65,65,65,65,65,65,65,65,65,65,65,65,65,65,65,65,65,65,65,65,62,62,62,62,62,62,62,62,62,62,62,62,62,62,62,62,62,62,62,62],"card_choices":[{"not_picked":["Eviscerate","Dagger Spray","Infinite Blades"],"picked":"SKIP","floor":1.0},{"not_picked":["Backstab","Expertise"],"picked":"Acrobatics","floor":5.0},{"not_picked":["Backflip","Deadly Poison"],"picked":"Tactician","floor":7.0},{"not_picked":["Cloak And Dagger","PiercingWail","Underhanded Strike"],"picked":"SKIP","floor":8.0},{"not_picked":["Slice","Dodge and Roll"],"picked":"Acrobatics","floor":12.0},{"not_picked":["A Thousand Cuts","Bane"],"picked":"Reflex","floor":14.0},{"not_picked":["Underhanded Strike","Slice"],"picked":"Calculated Gamble","floor":17.0},{"not_picked":["Poisoned Stab","Bane"],"picked":"PiercingWail","floor":18.0},{"not_picked":["Sucker Punch","Endless Agony","Prepared"],"picked":"SKIP","floor":20.0},{"not_picked":["Sucker Punch","Masterful Stab+1","Crippling Poison"],"picked":"SKIP","floor":21.0},{"not_picked":["Dash","Sucker Punch","Dagger Throw"],"picked":"SKIP","floor":22.0},{"not_picked":["Dodge and Roll+1","Grand Finale"],"picked":"Prepared+1","floor":25.0},{"not_picked":["Backstab","Endless Agony","Footwork"],"picked":"SKIP","floor":28.0},{"not_picked":["Bane","Bouncing Flask","Tactician"],"picked":"SKIP","floor":30.0},{"not_picked":["Prepared","Deflect","PiercingWail"],"picked":"SKIP","floor":31.0},{"not_picked":["Tools of the Trade","Phantasmal Killer"],"picked":"Adrenaline","floor":33.0},{"not_picked":["Cloak And Dagger","Outmaneuver+1"],"picked":"Footwork","floor":35.0},{"not_picked":["Poisoned Stab","Dodge and Roll","Cloak And Dagger"],"picked":"SKIP","floor":41},{"not_picked":["Blade Dance","Bane+1","Flying Knee+1"],"picked":"SKIP","floor":44},{"not_picked":["Masterful Stab","Distraction","Deadly Poison"],"picked":"SKIP","floor":45},{"not_picked":["Underhanded Strike","Poisoned Stab"],"picked":"Backflip+1","floor":46},{"not_picked":["Poisoned Stab","Cloak And Dagger"],"picked":"After Image","floor":47},{"not_picked":["All Out Attack","Blade Dance","Expertise"],"picked":"SKIP","floor":48},{"not_picked":["Poisoned Stab+1","Accuracy","Envenom"],"picked":"SKIP","floor":55}],"player_experience":1148230,"relics_obtained":[{"floor":25.0,"key":"Lantern"},{"floor":26.0,"key":"Sundial"},{"floor":30.0,"key":"Pantograph"},{"floor":36.0,"key":"Ice Cream"},{"floor":43,"key":"Mercury Hourglass"},{"floor":44,"key":"The Courier"},{"floor":47,"key":"Gambling Chip"},{"floor":55,"key":"Nunchaku"}],"event_choices":[{"damage_healed":0.0,"max_hp_gain":0.0,"max_hp_loss":0.0,"gold_gain":0.0,"event_name":"Scrap Ooze","player_choice":"Success","floor":3.0,"gold_loss":0.0,"damage_taken":35.0,"relics_obtained":["Tough Bandages"]},{"cards_removed":["Strike_G"],"damage_healed":0.0,"max_hp_gain":0.0,"max_hp_loss":0.0,"gold_gain":0.0,"event_name":"Bonfire Elementals","player_choice":"Offered Basic","floor":4.0,"gold_loss":0.0,"damage_taken":0.0},{"cards_removed":["Strike_G"],"damage_healed":0.0,"max_hp_gain":0.0,"max_hp_loss":0.0,"gold_gain":0.0,"event_name":"Golden Wing","player_choice":"Card Removal","floor":13.0,"gold_loss":0.0,"damage_taken":7.0},{"cards_removed":["Defend_G"],"damage_healed":0.0,"max_hp_gain":0.0,"max_hp_loss":0.0,"gold_gain":0.0,"event_name":"Back to Basics","player_choice":"Elegance","floor":27.0,"gold_loss":0.0,"damage_taken":0.0},{"damage_healed":0.0,"max_hp_gain":0.0,"max_hp_loss":0.0,"gold_gain":0.0,"event_name":"MindBloom","player_choice":"Fight","floor":36.0,"gold_loss":0.0,"damage_taken":0.0},{"damage_healed":0.0,"max_hp_gain":0.0,"max_hp_loss":3.0,"gold_gain":0.0,"event_name":"Winding Halls","player_choice":"Max HP","floor":37.0,"gold_loss":0.0,"damage_taken":0.0},{"damage_healed":0,"gold_gain":0,"player_choice":"Memory 3","damage_taken":10,"max_hp_gain":0,"max_hp_loss":0,"event_name":"SensoryStone","floor":39,"gold_loss":0}],"is_beta":false,"boss_relics":[{"not_picked":["Philosopher\u0027s Stone","Coffee Dripper"],"picked":"Tiny House"},{"not_picked":["Orrery","Lizard Tail"],"picked":"Empty Cage"}],"items_purged_floors":[2,11,19,24,38],"is_endless":false,"potions_floor_spawned":[1,14,16,18,20,28,31,33,41,44,45,46],"ascension_level":20}