{"gold_per_floor":[111,111,111,129,201,201,218,232,232,246,39,39],"floor_reached":12,"playtime":315,"items_purged":["Strike_R"],"score":140,"play_id":"c88bcbe5-1864-419f-b195-d656976673f3","local_time":"20190702150037","is_ascension_mode":true,"campfire_choices":[{"data":"Limit Break","floor":6,"key":"SMITH"}],"neow_cost":"PERCENT_DAMAGE","seed_source_timestamp":81050597842658,"circlet_count":0,"master_deck":["AscendersBane","Strike_R","Strike_R","Strike_R","Strike_R","Defend_R","Defend_R","Defend_R","Defend_R","Bash","Limit Break+1","Infernal Blade","Burning Pact"],"relics":["Burning Blood","The Courier","Calipers","Membership Card"],"potions_floor_usage":[],"damage_taken":[{"damage":5,"enemies":"Small Slimes","floor":1,"turns":3},{"damage":7,"enemies":"2 Louse","floor":4,"turns":4},{"damage":19,"enemies":"Jaw Worm","floor":7,"turns":4},{"damage":19,"enemies":"Blue Slaver","floor":8,"turns":4},{"damage":16,"enemies":"Exordium Wildlife","floor":10,"turns":7},{"damage":14,"enemies":"Large Slime","floor":12,"turns":5}],"seed_played":"-4877290820257102671","potions_obtained":[{"floor":8,"key":"Swift Potion"}],"is_trial":false,"path_per_floor":["M","?","?","M","T","R","M","M","T","M","$","M"],"character_chosen":"IRONCLAD","items_purchased":["Membership Card"],"campfire_rested":0,"item_purchase_floors":[11],"current_hp_per_floor":[51,51,75,74,74,74,61,48,48,38,38,24],"gold":39,"neow_bonus":"THREE_RARE_CARDS","is_prod":false,"is_daily":false,"chose_seed":false,"campfire_upgraded":1,"win_rate":0,"timestamp":1562050837,"path_taken":["M","?","?","M","?","R","M","M","T","M","?","?"],"build_version":"2019-07-01","purchased_purges":1,"victory":false,"max_hp_per_floor":[75,75,75,75,75,75,75,75,75,75,75,75],"card_choices":[{"not_picked":["Reaper","Dark Embrace"],"picked":"Limit Break","floor":0},{"not_picked":["Clash","Iron Wave","Pummel"],"picked":"SKIP","floor":1},{"not_picked":["Rupture","Wild Strike"],"picked":"Infernal Blade","floor":4},{"not_picked":["Headbutt","Warcry","Iron Wave"],"picked":"SKIP","floor":7},{"not_picked":["Searing Blow","Dual Wield"],"picked":"Burning Pact","floor":8},{"not_picked":["Twin Strike","Thunderclap","Clothesline"],"picked":"SKIP","floor":10}],"player_experience":1045313,"relics_obtained":[{"floor":5,"key":"The Courier"},{"floor":9,"key":"Calipers"}],"event_choices":[{"damage_healed":0,"gold_gain":0,"player_choice":"Ignored","damage_taken":0,"max_hp_gain":0,"max_hp_loss":0,"event_name":"Liars Game","floor":2,"gold_loss":0},{"damage_healed":25,"gold_gain":0,"player_choice":"Banana","damage_taken":0,"max_hp_gain":0,"max_hp_loss":0,"event_name":"Big Fish","floor":3,"gold_loss":0}],"is_beta":false,"boss_relics":[],"items_purged_floors":[11],"is_endless":false,"potions_floor_spawned":[8],"killed_by":"Large Slime","ascension_level":20}