{"gold_per_floor":[215,140,153,153,168,168,195,195,195,195,207,227,262,275,275,353,353,369,386,56,75,75,75,87,87,87,87,99,113,113,145,145,145],"floor_reached":33,"playtime":1457,"items_purged":["Strike_B","Strike_B"],"score":608,"play_id":"d85b6d55-9d9f-4a56-bcbe-98072973011b","local_time":"20190703113932","is_ascension_mode":true,"campfire_choices":[{"floor":6.0,"key":"REST"},{"data":"Turbo","floor":8.0,"key":"SMITH"},{"data":"Zap","floor":15.0,"key":"SMITH"},{"floor":23,"key":"REST"},{"data":"Seek","floor":25,"key":"SMITH"},{"floor":30,"key":"REST"},{"floor":32,"key":"REST"}],"neow_cost":"NONE","seed_source_timestamp":154149975857486,"circlet_count":0,"master_deck":["AscendersBane","Strike_B","Strike_B+1","Defend_B","Defend_B","Defend_B","Defend_B","Zap+1","Dualcast+1","Ball Lightning","Turbo+1","Glacier","Compile Driver","Hologram","Seek+1","Electrodynamics+1","Glacier"],"special_seed":0,"relics":["Cracked Core","Frozen Egg 2","Cables","Philosopher\u0027s Stone","Medical Kit","Gremlin Horn","The Courier","Boot"],"potions_floor_usage":[],"damage_taken":[{"damage":11.0,"enemies":"Jaw Worm","floor":1.0,"turns":4.0},{"damage":7.0,"enemies":"2 Louse","floor":3.0,"turns":3.0},{"damage":1.0,"enemies":"Cultist","floor":5.0,"turns":3.0},{"damage":19.0,"enemies":"3 Sentries","floor":7.0,"turns":5.0},{"damage":8.0,"enemies":"Exordium Wildlife","floor":11.0,"turns":4.0},{"damage":9.0,"enemies":"Gremlin Gang","floor":12.0,"turns":4.0},{"damage":13.0,"enemies":"Lagavulin","floor":13.0,"turns":9.0},{"damage":10.0,"enemies":"Exordium Thugs","floor":14.0,"turns":6.0},{"damage":23.0,"enemies":"The Guardian","floor":16.0,"turns":11.0},{"damage":13.0,"enemies":"Shell Parasite","floor":18.0,"turns":6.0},{"damage":16.0,"enemies":"2 Thieves","floor":19.0,"turns":2.0},{"damage":0.0,"enemies":"3 Cultists","floor":21.0,"turns":2.0},{"damage":2,"enemies":"Chosen and Byrds","floor":24,"turns":5},{"damage":10,"enemies":"Cultist and Chosen","floor":28,"turns":7},{"damage":17,"enemies":"Centurion and Healer","floor":29,"turns":3},{"damage":0,"enemies":"Slavers","floor":31,"turns":2},{"damage":68,"enemies":"Collector","floor":33,"turns":8}],"seed_played":"-6968861954988610937","potions_obtained":[{"floor":5.0,"key":"Fire Potion"},{"floor":11.0,"key":"SkillPotion"},{"floor":16.0,"key":"SpeedPotion"},{"floor":18.0,"key":"Weak Potion"},{"floor":29,"key":"SteroidPotion"}],"is_trial":false,"path_per_floor":["M","$","M","?","M","R","E","R","T","?","M","M","E","M","R","B",null,"M","M","$","M","?","R","M","R","T","T","M","M","R","E","R","B"],"character_chosen":"DEFECT","items_purchased":["Medical Kit"],"campfire_rested":4,"item_purchase_floors":[20],"current_hp_per_floor":[53,53,46,25,24,45,26,26,26,71,63,54,41,31,31,8,55,42,26,26,26,26,47,45,45,45,45,35,18,39,39,60,0],"gold":145,"neow_bonus":"HUNDRED_GOLD","is_prod":false,"is_daily":false,"chose_seed":false,"campfire_upgraded":3,"win_rate":0,"timestamp":1562125172,"path_taken":["M","$","M","?","M","R","E","R","T","?","M","M","E","?","R","BOSS","M","M","$","M","?","R","?","R","T","?","M","M","R","E","R","BOSS"],"build_version":"2019-07-01","purchased_purges":2,"victory":false,"max_hp_per_floor":[71,71,71,71,71,71,71,71,71,71,71,71,71,71,71,71,71,71,71,71,71,71,71,71,71,71,71,71,71,71,71,71,71],"card_choices":[{"not_picked":["Conserve Battery","Go for the Eyes"],"picked":"Ball Lightning","floor":1.0},{"not_picked":["Sunder","Blizzard"],"picked":"Turbo","floor":3.0},{"not_picked":["Sweeping Beam","Redo"],"picked":"Genetic Algorithm","floor":5.0},{"not_picked":["Barrage","Steam"],"picked":"Glacier","floor":7.0},{"not_picked":["Lockon","Leap"],"picked":"Compile Driver","floor":11.0},{"not_picked":["Sweeping Beam","Redo"],"picked":"Hologram","floor":12.0},{"not_picked":["Gash","Leap","Static Discharge+1"],"picked":"SKIP","floor":13.0},{"not_picked":["Redo","Beam Cell"],"picked":"Seek","floor":14.0},{"not_picked":["Biased Cognition+1","Fission"],"picked":"Electrodynamics+1","floor":16.0},{"not_picked":["Fusion","Leap","Melter+1"],"picked":"SKIP","floor":18.0},{"not_picked":["Stack","Blizzard","Barrage"],"picked":"SKIP","floor":19.0},{"not_picked":["Sweeping Beam+1","Ball Lightning","Chaos"],"picked":"SKIP","floor":21.0},{"not_picked":["Redo","Lockon","Leap"],"picked":"SKIP","floor":24},{"not_picked":["Genetic Algorithm","Darkness","Stack"],"picked":"SKIP","floor":28},{"not_picked":["FTL","Streamline","Cold Snap+1"],"picked":"SKIP","floor":29},{"not_picked":["Static Discharge+1","Machine Learning+1","Scrape"],"picked":"SKIP","floor":31}],"player_experience":1050298,"relics_obtained":[{"floor":9.0,"key":"Frozen Egg 2"},{"floor":13.0,"key":"Cables"},{"floor":26,"key":"Gremlin Horn"},{"floor":27,"key":"The Courier"},{"floor":31,"key":"Boot"}],"event_choices":[{"damage_healed":0.0,"max_hp_gain":0.0,"max_hp_loss":0.0,"gold_gain":0.0,"event_name":"Shining Light","player_choice":"Entered Light","floor":4.0,"gold_loss":0.0,"damage_taken":21.0,"cards_upgraded":["Strike_B","Dualcast"]},{"cards_removed":["Genetic Algorithm"],"damage_healed":45.0,"max_hp_gain":0.0,"max_hp_loss":0.0,"gold_gain":0.0,"event_name":"Bonfire Elementals","player_choice":"Offered Uncommon","floor":10.0,"gold_loss":0.0,"damage_taken":0.0},{"damage_healed":0,"gold_gain":0,"player_choice":"1 cards matched","damage_taken":0,"max_hp_gain":0,"max_hp_loss":0,"event_name":"Match and Keep!","floor":22,"gold_loss":0,"cards_obtained":["Glacier"]}],"is_beta":false,"boss_relics":[{"not_picked":["Fusion Hammer","Tiny House"],"picked":"Philosopher\u0027s Stone"}],"items_purged_floors":[2,20],"is_endless":false,"potions_floor_spawned":[5,11,16,18,29],"killed_by":"Collector","ascension_level":20}