{"gold_per_floor":[10,10,26,26,26,65,27,27,97,97,116,151,176,251,251,251],"floor_reached":16,"playtime":555,"items_purged":[],"score":167,"play_id":"1466e667-ed4c-4403-a6ff-eb788505abfb","local_time":"20190401173520","is_ascension_mode":true,"campfire_choices":[{"floor":8,"key":"REST"},{"floor":10,"key":"REST"},{"floor":15,"key":"REST"}],"neow_cost":"NO_GOLD","seed_source_timestamp":211353467443097,"circlet_count":0,"master_deck":["AscendersBane","Strike_B","Strike_B+1","Strike_B","Defend_B","Defend_B","Defend_B","Defend_B","Zap","Dualcast","All For One","Self Repair","Gash+1","Auto Shields","Loop","Defragment","Gash","Static Discharge","Conserve Battery"],"relics":["Cracked Core","Golden Idol","Juzu Bracelet","Centennial Puzzle","Letter Opener","Whetstone"],"potions_floor_usage":[6,12,16,16],"damage_taken":[{"damage":0,"enemies":"Small Slimes","floor":1,"turns":3},{"damage":1,"enemies":"2 Louse","floor":3,"turns":4},{"damage":42,"enemies":"Lagavulin","floor":6,"turns":8},{"damage":12,"enemies":"Jaw Worm","floor":11,"turns":4},{"damage":15,"enemies":"Gremlin Nob","floor":12,"turns":4},{"damage":0,"enemies":"Large Slime","floor":13,"turns":4},{"damage":69,"enemies":"Slime Boss","floor":16,"turns":8}],"seed_played":"5383771670005994409","potions_obtained":[{"floor":3,"key":"GamblersBrew"},{"floor":6,"key":"Swift Potion"},{"floor":12,"key":"Weak Potion"},{"floor":13,"key":"PowerPotion"}],"is_trial":false,"path_per_floor":["M","?","M","?","?","E","$","R","T","R","M","E","M","?","R","B"],"character_chosen":"DEFECT","items_purchased":["Defragment"],"campfire_rested":3,"item_purchase_floors":[7],"current_hp_per_floor":[68,50,56,49,49,14,14,36,36,58,53,45,52,41,63,0],"gold":251,"neow_bonus":"THREE_RARE_CARDS","is_prod":false,"is_daily":false,"chose_seed":false,"campfire_upgraded":0,"win_rate":0,"timestamp":1554100520,"path_taken":["M","?","M","?","?","E","$","R","T","R","M","E","M","?","R","BOSS"],"build_version":"2019-01-23","purchased_purges":0,"victory":false,"max_hp_per_floor":[75,75,75,75,75,75,75,75,75,75,75,75,75,75,75,75],"card_choices":[{"not_picked":["Core Surge","Machine Learning"],"picked":"All For One","floor":0},{"not_picked":["Steam","Streamline"],"picked":"Self Repair","floor":1},{"not_picked":["Coolheaded","Loop"],"picked":"Gash","floor":3},{"not_picked":["Darkness","Force Field"],"picked":"Loop","floor":6},{"not_picked":["Chill","Chaos"],"picked":"Gash","floor":11},{"not_picked":["Steam Power","Lockon"],"picked":"Static Discharge","floor":12},{"not_picked":["Gash","All For One"],"picked":"Conserve Battery","floor":13}],"player_experience":895202,"relics_obtained":[{"floor":6,"key":"Centennial Puzzle"},{"floor":9,"key":"Letter Opener"},{"floor":12,"key":"Whetstone"}],"event_choices":[{"damage_healed":0,"gold_gain":0,"player_choice":"Take Damage","damage_taken":18,"relics_obtained":["Golden Idol"],"max_hp_gain":0,"max_hp_loss":0,"event_name":"Golden Idol","floor":2,"gold_loss":0},{"damage_healed":0,"gold_gain":0,"player_choice":"Success","damage_taken":7,"relics_obtained":["Juzu Bracelet"],"max_hp_gain":0,"max_hp_loss":0,"event_name":"Scrap Ooze","floor":4,"gold_loss":0},{"damage_healed":0,"gold_gain":0,"cards_transformed":["Strike_B"],"player_choice":"Change","damage_taken":0,"max_hp_gain":0,"max_hp_loss":0,"event_name":"Living Wall","floor":5,"gold_loss":0,"cards_obtained":["Auto Shields"]},{"damage_healed":0,"gold_gain":75,"player_choice":"Gather Gold","damage_taken":11,"max_hp_gain":0,"max_hp_loss":0,"event_name":"World of Goop","floor":14,"gold_loss":0}],"is_beta":false,"boss_relics":[],"items_purged_floors":[],"is_endless":false,"potions_floor_spawned":[3,6,12,13],"killed_by":"Slime Boss","ascension_level":11}