{"gold_per_floor":[218,235,160,160,160,180,43,61,61,61,74,74,87,87],"floor_reached":14,"playtime":379,"items_purged":["Strike_R"],"score":164,"play_id":"6561fb70-acbf-49eb-bca4-0d5d640f5d7a","local_time":"20190503125211","is_ascension_mode":true,"campfire_choices":[{"data":"Armaments","floor":10.0,"key":"SMITH"}],"neow_cost":"NONE","seed_source_timestamp":962512852802484,"circlet_count":0,"master_deck":["AscendersBane","Strike_R","Strike_R","Strike_R","Strike_R","Defend_R","Defend_R","Defend_R","Defend_R","Bash","Whirlwind","Armaments+1","Pommel Strike","Evolve","Flex","Second Wind","Disarm"],"special_seed":0,"relics":["Burning Blood","Charon\u0027s Ashes","Meat on the Bone","Golden Idol"],"potions_floor_usage":[14],"damage_taken":[{"damage":2.0,"enemies":"Cultist","floor":1.0,"turns":4.0},{"damage":11.0,"enemies":"2 Louse","floor":2.0,"turns":3.0},{"damage":19.0,"enemies":"Jaw Worm","floor":6.0,"turns":5.0},{"damage":13.0,"enemies":"Red Slaver","floor":8.0,"turns":3.0},{"damage":14.0,"enemies":"3 Louse","floor":11.0,"turns":2.0},{"damage":13.0,"enemies":"Blue Slaver","floor":13.0,"turns":6.0},{"damage":22,"enemies":"Gremlin Nob","floor":14,"turns":4}],"seed_played":"-3028873958590176732","potions_obtained":[{"floor":1.0,"key":"LiquidBronze"},{"floor":2.0,"key":"Regen Potion"}],"is_trial":false,"path_per_floor":["M","M","$","?","?","M","$","M","T","R","M","?","M","E"],"character_chosen":"IRONCLAD","items_purchased":["Evolve","Flex"],"campfire_rested":0,"item_purchase_floors":[7,7],"current_hp_per_floor":[72,67,67,62,67,54,54,47,47,47,56,28,33,11],"gold":87,"neow_bonus":"HUNDRED_GOLD","is_prod":false,"is_daily":false,"chose_seed":false,"campfire_upgraded":1,"win_rate":0,"timestamp":1556859131,"path_taken":["M","M","$","?","?","M","$","M","T","R","M","?","M","E"],"build_version":"2019-01-23","purchased_purges":1,"victory":false,"max_hp_per_floor":[75,75,75,75,80,80,80,80,80,80,80,80,80,80],"card_choices":[{"not_picked":["Pummel","Hemokinesis"],"picked":"Whirlwind","floor":1.0},{"not_picked":["Perfected Strike","Havoc"],"picked":"Armaments","floor":2.0},{"not_picked":["Anger","Heavy Blade"],"picked":"Pommel Strike","floor":6.0},{"not_picked":["Perfected Strike","Body Slam","Infernal Blade"],"picked":"SKIP","floor":8.0},{"not_picked":["Heavy Blade","Sword Boomerang"],"picked":"Second Wind","floor":11.0},{"not_picked":["Seeing Red","Headbutt"],"picked":"Disarm","floor":13.0}],"player_experience":806696,"relics_obtained":[{"floor":9.0,"key":"Meat on the Bone"}],"event_choices":[{"damage_healed":0.0,"max_hp_gain":0.0,"max_hp_loss":0.0,"gold_gain":0.0,"event_name":"Scrap Ooze","player_choice":"Success","floor":4.0,"gold_loss":0.0,"damage_taken":5.0,"relics_obtained":["Charon\u0027s Ashes"]},{"damage_healed":0.0,"max_hp_gain":5.0,"max_hp_loss":0.0,"gold_gain":0.0,"event_name":"Big Fish","player_choice":"Donut","floor":5.0,"gold_loss":0.0,"damage_taken":0.0},{"damage_healed":0.0,"max_hp_gain":0.0,"max_hp_loss":0.0,"gold_gain":0.0,"event_name":"Golden Idol","player_choice":"Take Damage","floor":12.0,"gold_loss":0.0,"damage_taken":28.0,"relics_obtained":["Golden Idol"]}],"is_beta":false,"boss_relics":[],"items_purged_floors":[3],"is_endless":false,"potions_floor_spawned":[1,2,6,8],"killed_by":"Gremlin Nob","ascension_level":20}