{"gold_per_floor":[111,128,145,159,174,174,193,193,270,10,10,10,10,20,20,92,142,159,159,173,48,58,58,58,58],"floor_reached":25,"playtime":891,"items_purged":["Strike_B"],"score":490,"play_id":"20ec5dec-7518-49e6-aa81-0561ab4c11c9","local_time":"20190530130057","is_ascension_mode":true,"campfire_choices":[{"data":"Sunder","floor":6.0,"key":"SMITH"},{"floor":8.0,"key":"REST"},{"data":"Coolheaded","floor":11.0,"key":"SMITH"},{"data":"Turbo","floor":15.0,"key":"SMITH"},{"data":"Dualcast","floor":23.0,"key":"SMITH"}],"neow_cost":"TEN_PERCENT_HP_LOSS","seed_source_timestamp":784574501700125,"circlet_count":0,"master_deck":["AscendersBane","Strike_B","Strike_B","Defend_B","Defend_B","Defend_B","Defend_B","Zap","Dualcast+1","Echo Form","Sunder+1","Glacier+1","Coolheaded+1","Self Repair","Turbo+1","Reinforced Body","Beam Cell+1","Hologram+1","Ghostly","Ghostly","Ghostly"],"special_seed":0,"relics":["Cracked Core","Molten Egg 2","Membership Card","Tiny House","DataDisk"],"potions_floor_usage":[25],"damage_taken":[{"damage":1.0,"enemies":"Cultist","floor":1.0,"turns":4.0},{"damage":7.0,"enemies":"Small Slimes","floor":2.0,"turns":3.0},{"damage":1.0,"enemies":"2 Louse","floor":3.0,"turns":3.0},{"damage":10.0,"enemies":"Looter","floor":4.0,"turns":4.0},{"damage":9.0,"enemies":"Gremlin Gang","floor":5.0,"turns":5.0},{"damage":26.0,"enemies":"Exordium Wildlife","floor":7.0,"turns":7.0},{"damage":0.0,"enemies":"2 Fungi Beasts","floor":14.0,"turns":4.0},{"damage":0.0,"enemies":"The Guardian","floor":16.0,"turns":11.0},{"damage":36.0,"enemies":"3 Byrds","floor":18.0,"turns":7.0},{"damage":12.0,"enemies":"Shell Parasite","floor":20.0,"turns":6.0},{"damage":36.0,"enemies":"Snake Plant","floor":22.0,"turns":6.0},{"damage":41,"enemies":"Slavers","floor":25,"turns":4}],"seed_played":"-6985527047223679084","potions_obtained":[{"floor":1.0,"key":"Explosive Potion"},{"floor":4.0,"key":"FocusPotion"},{"floor":16.0,"key":"Ancient Potion"},{"floor":17.0,"key":"Block Potion"},{"floor":20.0,"key":"SkillPotion"}],"is_trial":false,"path_per_floor":["M","M","M","M","M","R","M","R","T","$","R","?","?","M","R","B",null,"M","?","M","$","M","R","?","E"],"character_chosen":"DEFECT","items_purchased":["Membership Card","Self Repair","DataDisk"],"campfire_rested":1,"item_purchase_floors":[10,10,21],"current_hp_per_floor":[63,56,55,45,36,36,10,29,29,29,29,22,22,29,29,43,64,42,79,79,79,57,57,39,0],"gold":58,"neow_bonus":"THREE_RARE_CARDS","is_prod":false,"is_daily":false,"chose_seed":false,"campfire_upgraded":4,"win_rate":0,"timestamp":1559192457,"path_taken":["M","M","M","M","?","R","M","R","T","$","R","?","?","M","R","BOSS","M","?","M","$","?","R","?","E"],"build_version":"2019-01-23","purchased_purges":1,"victory":false,"max_hp_per_floor":[64,64,64,64,64,64,64,64,64,64,64,64,64,64,64,64,69,69,79,79,79,79,79,39,39],"card_choices":[{"not_picked":["Thunder Strike","Fission"],"picked":"Echo Form","floor":0.0},{"not_picked":["Gash","Compile Driver"],"picked":"Sunder","floor":1.0},{"not_picked":["Aggregate","Hello World","Go for the Eyes"],"picked":"SKIP","floor":2.0},{"not_picked":["Barrage","Sunder"],"picked":"Glacier","floor":3.0},{"not_picked":["Streamline","Redo","Tempest"],"picked":"SKIP","floor":4.0},{"not_picked":["Glacier","White Noise"],"picked":"Coolheaded","floor":5.0},{"not_picked":["Double Energy","Barrage","Genetic Algorithm"],"picked":"SKIP","floor":7.0},{"not_picked":["Compile Driver+1","Seek"],"picked":"Turbo","floor":14.0},{"not_picked":["Hyperbeam+1","Echo Form"],"picked":"Buffer","floor":16.0},{"not_picked":["Rebound+1","Streamline+1"],"picked":"Reinforced Body","floor":17.0},{"not_picked":["Storm","Turbo","Genetic Algorithm"],"picked":"SKIP","floor":18.0},{"not_picked":["Gash+1","Steam"],"picked":"Beam Cell+1","floor":20.0},{"not_picked":["Sweeping Beam+1","FTL+1"],"picked":"Hologram+1","floor":22.0}],"player_experience":959714,"relics_obtained":[{"floor":9.0,"key":"Molten Egg 2"}],"event_choices":[{"cards_removed":["Strike_B"],"damage_healed":0.0,"max_hp_gain":0.0,"max_hp_loss":0.0,"gold_gain":0.0,"event_name":"Golden Wing","player_choice":"Card Removal","floor":12.0,"gold_loss":0.0,"damage_taken":7.0},{"damage_healed":0.0,"max_hp_gain":0.0,"max_hp_loss":0.0,"gold_gain":0.0,"event_name":"Liars Game","player_choice":"Ignored","floor":13.0,"gold_loss":0.0,"damage_taken":0.0},{"cards_removed":["Buffer"],"damage_healed":27.0,"max_hp_gain":10.0,"max_hp_loss":0.0,"gold_gain":0.0,"event_name":"Bonfire Elementals","player_choice":"Offered Rare","floor":19.0,"gold_loss":0.0,"damage_taken":0.0},{"damage_healed":0.0,"max_hp_gain":0.0,"max_hp_loss":40.0,"gold_gain":0.0,"event_name":"Ghosts","player_choice":"Became a Ghost","floor":24.0,"gold_loss":0.0,"damage_taken":0.0,"cards_obtained":["Ghostly","Ghostly","Ghostly"]}],"is_beta":false,"boss_relics":[{"not_picked":["Sozu","Runic Pyramid"],"picked":"Tiny House"}],"items_purged_floors":[21],"is_endless":false,"potions_floor_spawned":[1,4,7,16,20],"killed_by":"Slavers","ascension_level":20}