{"gold_per_floor":[11,11,25,40,40,40,40,40,40,70,70,104,204,214,214,312,312,302,146,72,84,9,9],"floor_reached":23,"playtime":1437,"items_purged":[],"score":271,"play_id":"b25f81b8-1657-4b2e-8f40-9be4c5249fd7","local_time":"20190212153957","is_ascension_mode":true,"campfire_choices":[{"floor":6.0,"key":"REST"},{"data":"After Image","floor":8.0,"key":"SMITH"},{"floor":11.0,"key":"REST"},{"floor":15.0,"key":"REST"}],"neow_cost":"NO_GOLD","seed_source_timestamp":0,"circlet_count":0,"master_deck":["Defend_G","Defend_G","Defend_G","Defend_G","Defend_G","Strike_G","Strike_G","Survivor","Neutralize","After Image+1","Deflect","Blade Dance","Poisoned Stab","Backflip","Tactician","Backflip","Footwork","Cloak And Dagger","Infinite Blades","Night Terror","Bouncing Flask","Corpse Explosion","Footwork","Catalyst+1"],"special_seed":0,"relics":["Ring of the Snake","Dream Catcher","Letter Opener","Ancient Tea Set","Pear","Gremlin Horn","Empty Cage"],"potions_floor_usage":[23,23],"damage_taken":[{"damage":0.0,"enemies":"Small Slimes","floor":1.0,"turns":3.0},{"damage":4.0,"enemies":"2 Louse","floor":3.0,"turns":3.0},{"damage":0.0,"enemies":"Jaw Worm","floor":4.0,"turns":5.0},{"damage":36.0,"enemies":"Lagavulin","floor":10.0,"turns":10.0},{"damage":3.0,"enemies":"3 Sentries","floor":12.0,"turns":11.0},{"damage":13.0,"enemies":"Large Slime","floor":14.0,"turns":8.0},{"damage":72.0,"enemies":"Hexaghost","floor":16.0,"turns":19.0},{"damage":20.0,"enemies":"2 Thieves","floor":18.0,"turns":4.0},{"damage":11.0,"enemies":"3 Byrds","floor":21.0,"turns":3.0},{"damage":55,"enemies":"Slavers","floor":23,"turns":4}],"seed_played":"3131924494359741918","potions_obtained":[{"floor":3.0,"key":"Fire Potion"},{"floor":12.0,"key":"SpeedPotion"},{"floor":14.0,"key":"Block Potion"},{"floor":18.0,"key":"SteroidPotion"},{"floor":21.0,"key":"Regen Potion"}],"is_trial":false,"path_per_floor":["M","?","M","M","?","R","T","R","T","E","R","E","?","M","R","B",null,"M","$","$","M","?","E"],"character_chosen":"THE_SILENT","items_purchased":["Corpse Explosion","Footwork"],"campfire_rested":3,"item_purchase_floors":[19,20],"current_hp_per_floor":[70,58,54,54,59,75,75,75,75,49,74,71,71,58,83,11,67,47,47,47,36,36,0],"gold":9,"neow_bonus":"THREE_RARE_CARDS","is_prod":false,"is_daily":false,"chose_seed":false,"campfire_upgraded":1,"win_rate":0,"timestamp":1549946397,"path_taken":["M","?","M","M","?","R","?","R","T","E","R","E","?","M","R","BOSS","M","?","$","?","?","E"],"build_version":"2019-01-23","purchased_purges":0,"victory":false,"max_hp_per_floor":[70,70,70,70,75,75,75,75,75,85,85,85,85,85,85,85,85,85,85,85,85,85,85],"card_choices":[{"not_picked":["Storm of Steel","Adrenaline"],"picked":"After Image","floor":0.0},{"not_picked":["Quick Slash","Underhanded Strike"],"picked":"Deflect","floor":1.0},{"not_picked":["Calculated Gamble","Dagger Spray"],"picked":"Blade Dance","floor":3.0},{"not_picked":["PiercingWail","Leg Sweep"],"picked":"Poisoned Stab","floor":4.0},{"not_picked":["Dash","Sucker Punch"],"picked":"Backflip","floor":6.0},{"not_picked":["Flying Knee","Storm of Steel"],"picked":"Tactician","floor":10.0},{"not_picked":["Escape Plan","Infinite Blades"],"picked":"Backflip","floor":11.0},{"not_picked":["Flying Knee","Skewer"],"picked":"Footwork","floor":12.0},{"not_picked":["Dagger Throw","Leg Sweep"],"picked":"Cloak And Dagger","floor":14.0},{"not_picked":["Dagger Spray","Dodge and Roll"],"picked":"Infinite Blades","floor":15.0},{"not_picked":["Die Die Die","Burst"],"picked":"Night Terror","floor":16.0},{"not_picked":["Bane","Flying Knee"],"picked":"Bouncing Flask","floor":18.0},{"not_picked":["Quick Slash","Bouncing Flask"],"picked":"Catalyst+1","floor":21.0}],"player_experience":691262,"relics_obtained":[{"floor":7.0,"key":"Letter Opener"},{"floor":9.0,"key":"Ancient Tea Set"},{"floor":10.0,"key":"Pear"},{"floor":12.0,"key":"Gremlin Horn"}],"event_choices":[{"damage_healed":0.0,"max_hp_gain":0.0,"max_hp_loss":0.0,"gold_gain":0.0,"event_name":"Scrap Ooze","player_choice":"Success","floor":2.0,"gold_loss":0.0,"damage_taken":12.0,"relics_obtained":["Dream Catcher"]},{"damage_healed":0.0,"max_hp_gain":5.0,"max_hp_loss":0.0,"gold_gain":0.0,"event_name":"Big Fish","player_choice":"Donut","floor":5.0,"gold_loss":0.0,"damage_taken":0.0},{"damage_healed":0.0,"max_hp_gain":0.0,"max_hp_loss":0.0,"gold_gain":100.0,"event_name":"Golden Shrine","player_choice":"Pray","floor":13.0,"gold_loss":0.0,"damage_taken":0.0},{"cards_removed":["Strike_G"],"damage_healed":0.0,"max_hp_gain":0.0,"max_hp_loss":0.0,"gold_gain":0.0,"event_name":"Beggar","player_choice":"Gave Gold","floor":22.0,"gold_loss":75.0,"damage_taken":0.0}],"is_beta":false,"boss_relics":[{"not_picked":["Fusion Hammer","Ectoplasm"],"picked":"Empty Cage"}],"items_purged_floors":[],"is_endless":false,"potions_floor_spawned":[3,12,14,18,21],"killed_by":"Slavers","ascension_level":5}