{"gold_per_floor":[113,113,38,38,13,31,61,81,81,81,99,125,125,75,75,172,172,184,32,50,79,99,99,44,44,44,44,44,59,73,37,37,37],"floor_reached":33,"playtime":1711,"items_purged":["Pain","Strike_R"],"score":308,"play_id":"c6207a3b-12da-4070-8363-031fb4233f30","local_time":"20190116234907","is_ascension_mode":true,"campfire_choices":[{"data":"Armaments","floor":10,"key":"SMITH"},{"data":"Limit Break","floor":13,"key":"SMITH"},{"data":"Spot Weakness","floor":15,"key":"SMITH"},{"floor":23,"key":"REST"},{"data":"True Grit","floor":25,"key":"SMITH"},{"data":"Juggernaut","floor":27,"key":"SMITH"},{"floor":32,"key":"REST"}],"neow_cost":"NONE","seed_source_timestamp":757783544746619,"circlet_count":0,"master_deck":["Strike_R","Strike_R","Defend_R","Defend_R","Defend_R","Defend_R","Bash+1","Iron Wave","Armaments+1","Pommel Strike","Spot Weakness+1","Clothesline","Cleave","Limit Break+1","Juggernaut+1","Pommel Strike+1","Shrug It Off","Headbutt","True Grit+1","Heavy Blade","Rage+1","Fiend Fire","Feel No Pain"],"relics":["Burning Blood","NeowsBlessing","WarpedTongs","Torii","Meat on the Bone","Odd Mushroom","Velvet Choker","Red Mask","Tiny Chest","Toxic Egg 2"],"potions_floor_usage":[16,21,29,30],"damage_taken":[{"damage":0,"enemies":"Jaw Worm","floor":1,"turns":1},{"damage":0,"enemies":"Cultist","floor":6,"turns":1},{"damage":0,"enemies":"3 Sentries","floor":7,"turns":1},{"damage":2,"enemies":"Small Slimes","floor":8,"turns":3},{"damage":2,"enemies":"Blue Slaver","floor":11,"turns":4},{"damage":14,"enemies":"The Mushroom Lair","floor":12,"turns":4},{"damage":33,"enemies":"The Guardian","floor":16,"turns":14},{"damage":29,"enemies":"2 Thieves","floor":18,"turns":4},{"damage":23,"enemies":"3 Byrds","floor":20,"turns":6},{"damage":23,"enemies":"Masked Bandits","floor":21,"turns":5},{"damage":2,"enemies":"Cultist and Chosen","floor":22,"turns":6},{"damage":32,"enemies":"Sentry and Sphere","floor":29,"turns":6},{"damage":17,"enemies":"Snake Plant","floor":30,"turns":3},{"damage":77,"enemies":"Automaton","floor":33,"turns":6}],"seed_played":"1721567988956823663","potions_obtained":[{"floor":7,"key":"GamblersBrew"},{"floor":8,"key":"Swift Potion"},{"floor":20,"key":"Weak Potion"},{"floor":21,"key":"Fire Potion"},{"floor":30,"key":"Weak Potion"}],"is_trial":false,"path_per_floor":["M","?","$","?","$","M","E","M","T","R","M","?","R","?","R","B",null,"M","$","M","?","M","R","?","R","T","R","?","M","M","$","R","B"],"character_chosen":"IRONCLAD","items_purchased":["Armaments","Shrug It Off","Feel No Pain"],"campfire_rested":2,"item_purchase_floors":[5,19,31],"current_hp_per_floor":[80,80,80,80,80,80,80,80,80,80,80,72,72,72,72,57,80,57,57,52,47,51,75,75,75,75,75,75,49,50,50,74,0],"gold":37,"neow_bonus":"THREE_ENEMY_KILL","is_prod":false,"is_daily":false,"chose_seed":false,"campfire_upgraded":5,"win_rate":0,"timestamp":1547642947,"path_taken":["M","?","?","?","$","M","E","?","T","R","M","?","R","?","R","BOSS","M","$","M","?","M","R","?","R","T","R","?","M","?","$","R","BOSS"],"build_version":"2019-01-10","purchased_purges":2,"victory":false,"max_hp_per_floor":[80,80,80,80,80,80,80,80,80,80,80,80,80,80,80,80,80,80,80,80,80,80,80,80,80,80,80,80,80,80,80,80,80],"card_choices":[{"not_picked":["Sword Boomerang","Ghostly Armor"],"picked":"Iron Wave","floor":1},{"not_picked":["Sever Soul","Pummel"],"picked":"Pommel Strike","floor":6},{"not_picked":["Headbutt","Warcry"],"picked":"Spot Weakness","floor":7},{"not_picked":["Armaments","Flex"],"picked":"Clothesline","floor":8},{"not_picked":["Entrench","Pommel Strike"],"picked":"Cleave","floor":11},{"not_picked":["Flame Barrier","Combust"],"picked":"Limit Break","floor":12},{"not_picked":["Dark Embrace","Brutality"],"picked":"Juggernaut","floor":16},{"not_picked":["Carnage","Clothesline"],"picked":"Pommel Strike+1","floor":18},{"not_picked":["Pommel Strike","Searing Blow+1"],"picked":"Headbutt","floor":20},{"not_picked":["Wild Strike","Second Wind"],"picked":"True Grit","floor":21},{"not_picked":["Headbutt+1","Warcry"],"picked":"Heavy Blade","floor":22},{"not_picked":["Flex+1","Twin Strike"],"picked":"Rage+1","floor":29},{"not_picked":["Heavy Blade","Cleave+1"],"picked":"Fiend Fire","floor":30}],"player_experience":454427,"relics_obtained":[{"floor":7,"key":"Torii"},{"floor":9,"key":"Meat on the Bone"},{"floor":12,"key":"Odd Mushroom"},{"floor":21,"key":"Red Mask"},{"floor":26,"key":"Toxic Egg 2"}],"event_choices":[{"damage_healed":0,"gold_gain":0,"player_choice":"Rummage","damage_taken":0,"relics_obtained":["WarpedTongs"],"max_hp_gain":0,"max_hp_loss":0,"event_name":"Accursed Blacksmith","floor":2,"gold_loss":0,"cards_obtained":["Pain"]},{"damage_healed":0,"gold_gain":0,"player_choice":"Upgraded","damage_taken":0,"max_hp_gain":0,"max_hp_loss":0,"event_name":"Upgrade Shrine","floor":4,"gold_loss":0,"cards_upgraded":["Bash"]},{"damage_healed":0,"gold_gain":0,"player_choice":"Fought Mushrooms","damage_taken":0,"max_hp_gain":0,"max_hp_loss":0,"event_name":"Mushrooms","floor":12,"gold_loss":0},{"cards_removed":["Strike_R"],"damage_healed":0,"gold_gain":0,"player_choice":"Card Removal","damage_taken":0,"max_hp_gain":0,"max_hp_loss":0,"event_name":"The Cleric","floor":14,"gold_loss":50},{"damage_healed":0,"gold_gain":0,"player_choice":"Fought Bandits","damage_taken":0,"max_hp_gain":0,"max_hp_loss":0,"event_name":"Masked Bandits","floor":21,"gold_loss":0},{"damage_healed":0,"gold_gain":0,"player_choice":"Obtained Relic","damage_taken":0,"relics_obtained":["Tiny Chest"],"max_hp_gain":0,"max_hp_loss":0,"event_name":"Addict","floor":24,"gold_loss":85},{"cards_removed":["Strike_R"],"damage_healed":0,"gold_gain":0,"player_choice":"Offered Basic","damage_taken":0,"max_hp_gain":0,"max_hp_loss":0,"event_name":"Bonfire Elementals","floor":28,"gold_loss":0}],"is_beta":false,"boss_relics":[{"not_picked":["Snecko Eye","Fusion Hammer"],"picked":"Velvet Choker"}],"items_purged_floors":[3,19],"is_endless":false,"potions_floor_spawned":[7,8,20,21,30],"killed_by":"Automaton","ascension_level":3}