{"gold_per_floor":[110,110,133,29,29,29,67,67,135,135,171,190,203,203,203,203],"floor_reached":16,"playtime":459,"items_purged":[],"score":216,"play_id":"1a5bb597-2b74-4aac-837a-b4ff3fe96215","local_time":"20190703150744","is_ascension_mode":true,"campfire_choices":[{"data":"Dualcast","floor":6.0,"key":"SMITH"},{"floor":8.0,"key":"REST"},{"data":"Turbo","floor":10.0,"key":"SMITH"},{"floor":15.0,"key":"REST"}],"neow_cost":"NONE","seed_source_timestamp":167683024587384,"circlet_count":0,"master_deck":["AscendersBane","Strike_B","Strike_B","Strike_B","Defend_B","Defend_B","Defend_B","Defend_B","Zap","Dualcast+1","Cold Snap","Heatsinks","Ball Lightning","Turbo+1","Coolheaded","Compile Driver"],"special_seed":0,"relics":["Cracked Core","Blood Vial","Golden Idol","Symbiotic Virus","Sundial","Unceasing Top","Dodecahedron"],"potions_floor_usage":[16,16],"damage_taken":[{"damage":2.0,"enemies":"2 Louse","floor":1.0,"turns":2.0},{"damage":5.0,"enemies":"Small Slimes","floor":3.0,"turns":3.0},{"damage":46.0,"enemies":"Lagavulin","floor":7.0,"turns":8.0},{"damage":16.0,"enemies":"3 Sentries","floor":11.0,"turns":9.0},{"damage":2.0,"enemies":"Jaw Worm","floor":12.0,"turns":2.0},{"damage":15.0,"enemies":"3 Louse","floor":13.0,"turns":4.0},{"damage":19,"enemies":"Slime Boss","floor":16,"turns":6}],"seed_played":"5394732444876951287","potions_obtained":[{"floor":12.0,"key":"Strength Potion"},{"floor":13.0,"key":"FearPotion"}],"is_trial":false,"path_per_floor":["M","?","M","$","?","R","E","R","T","R","E","M","M","?","R","B"],"character_chosen":"DEFECT","items_purchased":["Heatsinks","Ball Lightning"],"campfire_rested":2,"item_purchase_floors":[4,4],"current_hp_per_floor":[64,64,59,59,59,59,15,34,34,34,20,20,7,2,21,4],"gold":203,"neow_bonus":"RANDOM_COMMON_RELIC","is_prod":false,"is_daily":false,"chose_seed":false,"campfire_upgraded":2,"win_rate":0,"timestamp":1562137664,"path_taken":["M","?","M","$","?","R","E","R","T","R","E","M","?","?","R","BOSS"],"build_version":"2019-07-01","purchased_purges":0,"victory":false,"max_hp_per_floor":[71,64,64,64,64,64,64,64,64,64,64,64,64,64,64,64],"card_choices":[{"not_picked":["Redo","Reinforced Body"],"picked":"Cold Snap","floor":1.0},{"not_picked":["Steam","Go for the Eyes","Storm"],"picked":"SKIP","floor":3.0},{"not_picked":["Conserve Battery","Leap"],"picked":"Turbo","floor":7.0},{"not_picked":["Turbo","Rip and Tear","Thunder Strike"],"picked":"SKIP","floor":11.0},{"not_picked":["Genetic Algorithm","Barrage"],"picked":"Coolheaded","floor":12.0},{"not_picked":["Go for the Eyes","Barrage"],"picked":"Compile Driver","floor":13.0}],"player_experience":1053057,"relics_obtained":[{"floor":7.0,"key":"Symbiotic Virus"},{"floor":9.0,"key":"Sundial"},{"floor":11.0,"key":"Unceasing Top"}],"event_choices":[{"damage_healed":0.0,"max_hp_gain":0.0,"max_hp_loss":7.0,"gold_gain":0.0,"event_name":"Golden Idol","player_choice":"Lose Max HP","floor":2.0,"gold_loss":0.0,"damage_taken":0.0,"relics_obtained":["Golden Idol"]},{"cards_removed":["Strike_B"],"damage_healed":0.0,"max_hp_gain":0.0,"max_hp_loss":0.0,"gold_gain":0.0,"event_name":"Living Wall","player_choice":"Forget","floor":5.0,"gold_loss":0.0,"damage_taken":0.0},{"damage_healed":0.0,"max_hp_gain":0.0,"max_hp_loss":0.0,"gold_gain":0.0,"event_name":"Scrap Ooze","player_choice":"Success","floor":14.0,"gold_loss":0.0,"damage_taken":5.0,"relics_obtained":["Dodecahedron"]}],"is_beta":false,"boss_relics":[],"items_purged_floors":[],"is_endless":false,"potions_floor_spawned":[12,13],"killed_by":"Slime Boss","ascension_level":20}