{"gold_per_floor":[142,159,159,159,173,201,201,201,201,214,364,433,358,370,370,370],"floor_reached":16,"playtime":659,"items_purged":["Strike_R"],"score":190,"play_id":"179b8359-2407-4dae-b7a8-908a0fed3aa0","local_time":"20190306180655","is_ascension_mode":true,"campfire_choices":[{"floor":7.0,"key":"REST"},{"floor":15,"key":"REST"}],"neow_cost":"NONE","seed_source_timestamp":0,"circlet_count":0,"master_deck":["AscendersBane","Strike_R","Strike_R","Strike_R","Strike_R","Defend_R","Defend_R","Defend_R","Defend_R","Bash","Twin Strike","Entrench","Cleave","Corruption","True Grit","Doubt","Body Slam"],"special_seed":0,"relics":["Burning Blood","Tiny Chest","Matryoshka","Nunchaku","Mercury Hourglass","Bottled Flame","Singing Bowl","Bottled Tornado","Shuriken"],"potions_floor_usage":[14,16],"damage_taken":[{"damage":6.0,"enemies":"Cultist","floor":1.0,"turns":3.0},{"damage":2.0,"enemies":"2 Louse","floor":2.0,"turns":2.0},{"damage":19.0,"enemies":"Jaw Worm","floor":5.0,"turns":4.0},{"damage":56.0,"enemies":"Gremlin Nob","floor":6.0,"turns":5.0},{"damage":16.0,"enemies":"Blue Slaver","floor":10.0,"turns":4.0},{"damage":6,"enemies":"Looter","floor":14,"turns":4},{"damage":32,"enemies":"The Guardian","floor":16,"turns":5}],"seed_played":"-4695753692856968898","potions_obtained":[{"floor":6.0,"key":"SkillPotion"},{"floor":10.0,"key":"GamblersBrew"},{"floor":14,"key":"FearPotion"}],"is_trial":false,"path_per_floor":["M","M","$","T","M","E","R","?","T","M","?","T","$","M","R","B"],"character_chosen":"IRONCLAD","items_purchased":[],"campfire_rested":2,"item_purchase_floors":[],"current_hp_per_floor":[68,72,72,72,59,9,31,20,20,10,10,10,10,10,32,0],"gold":370,"neow_bonus":"RANDOM_COMMON_RELIC","is_prod":false,"is_daily":false,"chose_seed":false,"campfire_upgraded":0,"win_rate":0,"timestamp":1551856015,"path_taken":["M","M","$","?","M","E","R","?","T","M","?","?","$","?","R","BOSS"],"build_version":"2019-01-23","purchased_purges":1,"victory":false,"max_hp_per_floor":[75,75,75,75,75,75,75,75,75,75,75,75,75,75,75,75],"card_choices":[{"not_picked":["Evolve","Hemokinesis"],"picked":"Twin Strike","floor":1.0},{"not_picked":["Perfected Strike","Body Slam"],"picked":"Entrench","floor":2.0},{"not_picked":["Blood for Blood","Shockwave"],"picked":"Cleave","floor":5.0},{"not_picked":["Shrug It Off","Carnage"],"picked":"Corruption","floor":6.0},{"not_picked":["Battle Trance","Seeing Red"],"picked":"True Grit","floor":10.0},{"not_picked":["Bloodletting","Shrug It Off"],"picked":"Body Slam","floor":14}],"player_experience":808095,"relics_obtained":[{"floor":4.0,"key":"Matryoshka"},{"floor":6.0,"key":"Nunchaku"},{"floor":9.0,"key":"Bottled Flame"},{"floor":9.0,"key":"Singing Bowl"},{"floor":12.0,"key":"Bottled Tornado"},{"floor":12.0,"key":"Shuriken"}],"event_choices":[{"damage_healed":0.0,"max_hp_gain":0.0,"max_hp_loss":0.0,"gold_gain":0.0,"event_name":"Scrap Ooze","player_choice":"Success","floor":8.0,"gold_loss":0.0,"damage_taken":11.0,"relics_obtained":["Mercury Hourglass"]},{"damage_healed":0.0,"max_hp_gain":0.0,"max_hp_loss":0.0,"gold_gain":150.0,"event_name":"Liars Game","player_choice":"AGREE","floor":11.0,"gold_loss":0.0,"damage_taken":0.0,"cards_obtained":["Doubt"]}],"is_beta":false,"boss_relics":[],"items_purged_floors":[13],"is_endless":false,"potions_floor_spawned":[6,10,14],"killed_by":"The Guardian","ascension_level":18}