{"gold_per_floor":[114,125,125,143,143,169,169,198,198,198,209,227,227,152,152,229,229,246,246,266,266,31,31,31],"floor_reached":24,"playtime":842,"items_purged":["Strike_R","Strike_R"],"score":433,"play_id":"f94035df-160e-4b4b-a790-ea07739fa413","local_time":"20190518112830","is_ascension_mode":true,"campfire_choices":[{"floor":7.0,"key":"REST"},{"data":"Demon Form","floor":10.0,"key":"SMITH"},{"data":"True Grit","floor":13.0,"key":"SMITH"},{"data":"Sword Boomerang","floor":15.0,"key":"SMITH"},{"floor":23.0,"key":"REST"}],"neow_cost":"TEN_PERCENT_HP_LOSS","seed_source_timestamp":129904479936420,"circlet_count":0,"master_deck":["AscendersBane","Strike_R","Strike_R","Strike_R","Defend_R","Defend_R","Defend_R","Defend_R","Bash","Feed","Armaments+1","Sword Boomerang+1","Inflame","Demon Form+1","True Grit+1","Reaper+1","Fiend Fire+1","Necronomicurse","Evolve"],"special_seed":0,"relics":["Burning Blood","Letter Opener","Question Card","Molten Egg 2","Velvet Choker","Necronomicon"],"potions_floor_usage":[24],"damage_taken":[{"damage":7.0,"enemies":"2 Louse","floor":1.0,"turns":2.0},{"damage":6.0,"enemies":"Small Slimes","floor":2.0,"turns":5.0},{"damage":7.0,"enemies":"Jaw Worm","floor":4.0,"turns":3.0},{"damage":45.0,"enemies":"3 Sentries","floor":6.0,"turns":11.0},{"damage":32.0,"enemies":"Gremlin Nob","floor":8.0,"turns":4.0},{"damage":18.0,"enemies":"3 Louse","floor":11.0,"turns":3.0},{"damage":4.0,"enemies":"Looter","floor":12.0,"turns":4.0},{"damage":32.0,"enemies":"Slime Boss","floor":16.0,"turns":9.0},{"damage":33.0,"enemies":"Shell Parasite","floor":18.0,"turns":6.0},{"damage":15.0,"enemies":"3 Byrds","floor":20.0,"turns":5.0},{"damage":30,"enemies":"Slavers","floor":24,"turns":3}],"seed_played":"1705444671145117049","potions_obtained":[{"floor":1.0,"key":"Dexterity Potion"},{"floor":2.0,"key":"SneckoOil"},{"floor":16.0,"key":"SkillPotion"}],"is_trial":false,"path_per_floor":["M","M","?","M","?","E","R","E","T","R","M","M","R","$","R","B",null,"M","?","M","?","$","R","E"],"character_chosen":"IRONCLAD","items_purchased":["Evolve","Swift Potion"],"campfire_rested":2,"item_purchase_floors":[22,22],"current_hp_per_floor":[70,73,73,75,75,40,64,38,38,38,30,32,32,32,32,49,78,51,30,58,31,31,59,29],"gold":31,"neow_bonus":"THREE_RARE_CARDS","is_prod":false,"is_daily":false,"chose_seed":false,"campfire_upgraded":3,"win_rate":0,"timestamp":1558150110,"path_taken":["M","M","?","M","?","E","R","E","T","R","M","M","R","$","R","BOSS","M","?","M","?","$","R","E"],"build_version":"2019-01-23","purchased_purges":2,"victory":false,"max_hp_per_floor":[71,74,74,77,77,81,81,81,81,81,85,85,85,85,85,88,88,88,88,91,96,96,96,96],"card_choices":[{"not_picked":["Exhume","Fiend Fire"],"picked":"Feed","floor":0.0},{"not_picked":["Battle Trance","Perfected Strike"],"picked":"Armaments","floor":1.0},{"not_picked":["Cleave","Headbutt"],"picked":"Sword Boomerang","floor":2.0},{"not_picked":["Body Slam","Seeing Red","Headbutt"],"picked":"SKIP","floor":4.0},{"not_picked":["Armaments","Whirlwind"],"picked":"Inflame","floor":6.0},{"not_picked":["Warcry","Feel No Pain"],"picked":"Demon Form","floor":8.0},{"not_picked":["Reckless Charge+1","Shrug It Off","Flex"],"picked":"True Grit","floor":11.0},{"not_picked":["Havoc","Clash+1","Perfected Strike+1"],"picked":"Reaper+1","floor":12.0},{"not_picked":["Berserk","Bludgeon+1","Reaper+1"],"picked":"Fiend Fire+1","floor":16.0},{"not_picked":["Thunderclap+1","Anger+1","Flame Barrier","Wild Strike+1"],"picked":"SKIP","floor":18.0},{"not_picked":["Headbutt+1","Anger+1","Infernal Blade","Flex"],"picked":"SKIP","floor":20.0}],"player_experience":866974,"relics_obtained":[{"floor":6.0,"key":"Letter Opener"},{"floor":8.0,"key":"Question Card"},{"floor":9.0,"key":"Molten Egg 2"},{"floor":19.0,"key":"Necronomicon"}],"event_choices":[{"damage_healed":0.0,"max_hp_gain":0.0,"max_hp_loss":0.0,"gold_gain":0.0,"event_name":"Scrap Ooze","player_choice":"Fled","floor":3.0,"gold_loss":0.0,"damage_taken":0.0},{"damage_healed":0.0,"max_hp_gain":0.0,"max_hp_loss":0.0,"gold_gain":0.0,"event_name":"Living Wall","player_choice":"Grow","floor":5.0,"gold_loss":0.0,"damage_taken":0.0,"cards_upgraded":["Armaments"]},{"damage_healed":0.0,"max_hp_gain":0.0,"max_hp_loss":0.0,"gold_gain":0.0,"event_name":"Cursed Tome","player_choice":"Obtained Book","floor":19.0,"gold_loss":0.0,"damage_taken":21.0},{"damage_healed":0.0,"max_hp_gain":5.0,"max_hp_loss":0.0,"gold_gain":0.0,"event_name":"Forgotten Altar","player_choice":"Shed Blood","floor":21.0,"gold_loss":0.0,"damage_taken":32.0}],"is_beta":false,"boss_relics":[{"not_picked":["Calling Bell","Ectoplasm"],"picked":"Velvet Choker"}],"items_purged_floors":[14,22],"is_endless":false,"potions_floor_spawned":[1,2,16],"killed_by":"Slavers","ascension_level":20}