{"gold_per_floor":[369,393,403,403,578,578,578,210,210,210,103,120,120,134,134,230,230,241,241,256,73,88,88,116,128,140,152,164,208,230,341,353,462,474,506,518,546,306,306,306],"floor_reached":40,"playtime":14930,"items_purged":["Doubt"],"score":599,"play_id":"3c495ab7-154d-4b5d-b5c7-6fa7b67031f1","local_time":"20190203150329","is_ascension_mode":true,"campfire_choices":[{"floor":6.0,"key":"REST"},{"data":"Enlightenment","floor":13.0,"key":"SMITH"},{"floor":15.0,"key":"REST"},{"floor":23.0,"key":"REST"},{"floor":25.0,"key":"REST"},{"floor":27.0,"key":"REST"},{"floor":32.0,"key":"REST"}],"neow_cost":"PERCENT_DAMAGE","seed_source_timestamp":46782111185358,"circlet_count":0,"master_deck":["Strike_B","Strike_B","Defend_B","Defend_B+1","Defend_B","Defend_B","Zap","Dualcast","Defragment","Coolheaded+1","Rip and Tear","Leap","Enlightenment+1","FTL","White Noise","Thunder Strike","Double Energy","Glacier","Creative AI","Hologram","Force Field+1","Redo","Sunder+1","Amplify","Electrodynamics+1","Hologram","Madness","Madness"],"special_seed":0,"relics":["Cracked Core","PreservedInsect","Cables","War Paint","Runic Pyramid","CultistMask","MawBank","Singing Bowl","Matryoshka","Symbiotic Virus"],"potions_floor_usage":[],"damage_taken":[{"damage":1.0,"enemies":"Cultist","floor":1.0,"turns":4.0},{"damage":7.0,"enemies":"Jaw Worm","floor":3.0,"turns":3.0},{"damage":0.0,"enemies":"Small Slimes","floor":12.0,"turns":2.0},{"damage":22.0,"enemies":"Exordium Wildlife","floor":14.0,"turns":4.0},{"damage":1.0,"enemies":"Slime Boss","floor":16.0,"turns":6.0},{"damage":33.0,"enemies":"2 Thieves","floor":18.0,"turns":5.0},{"damage":27.0,"enemies":"3 Byrds","floor":20.0,"turns":6.0},{"damage":4.0,"enemies":"Shelled Parasite and Fungi","floor":22.0,"turns":12.0},{"damage":11.0,"enemies":"Slavers","floor":24.0,"turns":6.0},{"damage":9.0,"enemies":"Book of Stabbing","floor":29.0,"turns":7.0},{"damage":0.0,"enemies":"Centurion and Healer","floor":30.0,"turns":6.0},{"damage":28.0,"enemies":"Champ","floor":33.0,"turns":14.0},{"damage":24.0,"enemies":"3 Shapes","floor":35.0,"turns":2.0},{"damage":17.0,"enemies":"Orb Walker","floor":37.0,"turns":6.0},{"damage":29,"enemies":"Reptomancer","floor":40,"turns":2}],"seed_played":"-5699010789236010300","potions_obtained":[{"floor":1.0,"key":"FearPotion"},{"floor":3.0,"key":"SpeedPotion"},{"floor":14.0,"key":"EssenceOfSteel"},{"floor":18.0,"key":"Block Potion"},{"floor":20.0,"key":"Weak Potion"},{"floor":30.0,"key":"Swift Potion"}],"is_trial":false,"path_per_floor":["M","T","M","?","?","R","?","$","T","?","$","M","R","M","R","B",null,"M","?","M","$","M","R","E","R","T","R","?","E","M","?","R","B",null,"M","?","M","$","?","E"],"character_chosen":"DEFECT","items_purchased":["Cables","Rip and Tear","Leap","Enlightenment","Creative AI","Hologram","Symbiotic Virus"],"campfire_rested":6,"item_purchase_floors":[8,8,11,11,21,21,38],"current_hp_per_floor":[49,49,42,42,42,64,69,69,69,62,62,62,62,40,64,63,76,43,43,16,16,12,36,25,49,49,73,73,64,64,64,80,52,73,49,49,34,34,24,0],"gold":306,"neow_bonus":"TWO_FIFTY_GOLD","is_prod":false,"is_daily":false,"chose_seed":false,"campfire_upgraded":1,"win_rate":0,"timestamp":1549177409,"path_taken":["M","?","?","?","?","R","?","$","T","?","$","M","R","M","R","BOSS","M","?","?","?","M","R","E","R","T","R","?","E","M","?","R","BOSS","M","?","?","$","?","E"],"build_version":"2019-01-23","purchased_purges":1,"victory":false,"max_hp_per_floor":[75,75,75,75,75,75,80,80,80,80,80,80,80,80,80,80,80,80,80,80,80,80,80,80,80,80,80,80,80,80,80,80,80,80,80,80,82,82,82,82],"card_choices":[{"not_picked":["Steam Power","FTL"],"picked":"Defragment","floor":1.0},{"not_picked":["White Noise","Redo"],"picked":"Coolheaded","floor":3.0},{"not_picked":["Streamline","Auto Shields"],"picked":"FTL","floor":12.0},{"not_picked":["Barrage","Gash"],"picked":"White Noise","floor":14.0},{"not_picked":["All For One","Fission"],"picked":"Thunder Strike","floor":16.0},{"not_picked":["Compile Driver","Darkness"],"picked":"Double Energy","floor":18.0},{"not_picked":["Skim","Turbo+1"],"picked":"Glacier","floor":20.0},{"not_picked":["Streamline+1","White Noise"],"picked":"Force Field+1","floor":22.0},{"not_picked":["Ball Lightning+1","Storm"],"picked":"Redo","floor":24.0},{"not_picked":["Chill","Storm"],"picked":"Sunder+1","floor":29.0},{"not_picked":["Barrage","Sweeping Beam+1"],"picked":"Amplify","floor":30.0},{"not_picked":["Thunder Strike","Core Surge"],"picked":"Electrodynamics","floor":33.0},{"not_picked":["Ball Lightning+1","Steam"],"picked":"Hologram","floor":35.0},{"not_picked":["Compile Driver+1","Ball Lightning","Steam"],"picked":"Singing Bowl","floor":37.0}],"player_experience":614357,"relics_obtained":[{"floor":2.0,"key":"PreservedInsect"},{"floor":9.0,"key":"War Paint"},{"floor":24.0,"key":"MawBank"},{"floor":26.0,"key":"Singing Bowl"},{"floor":29.0,"key":"Matryoshka"}],"event_choices":[{"damage_healed":0.0,"max_hp_gain":0.0,"max_hp_loss":0.0,"gold_gain":0.0,"event_name":"Shining Light","player_choice":"Ignored","floor":4.0,"gold_loss":0.0,"damage_taken":0.0},{"damage_healed":0.0,"max_hp_gain":0.0,"max_hp_loss":0.0,"gold_gain":175.0,"event_name":"Liars Game","player_choice":"AGREE","floor":5.0,"gold_loss":0.0,"damage_taken":0.0,"cards_obtained":["Doubt"]},{"damage_healed":0.0,"max_hp_gain":5.0,"max_hp_loss":0.0,"gold_gain":0.0,"event_name":"Big Fish","player_choice":"Donut","floor":7.0,"gold_loss":0.0,"damage_taken":0.0},{"cards_removed":["Strike_B"],"damage_healed":0.0,"max_hp_gain":0.0,"max_hp_loss":0.0,"gold_gain":0.0,"event_name":"Golden Wing","player_choice":"Card Removal","floor":10.0,"gold_loss":0.0,"damage_taken":7.0},{"damage_healed":0.0,"max_hp_gain":0.0,"max_hp_loss":0.0,"gold_gain":0.0,"event_name":"FaceTrader","player_choice":"Trade","floor":19.0,"gold_loss":0.0,"damage_taken":0.0,"relics_obtained":["CultistMask"]},{"cards_removed":["Strike_B"],"damage_healed":0.0,"max_hp_gain":0.0,"max_hp_loss":0.0,"gold_gain":0.0,"event_name":"Back to Basics","player_choice":"Elegance","floor":28.0,"gold_loss":0.0,"damage_taken":0.0},{"damage_healed":0.0,"max_hp_gain":0.0,"max_hp_loss":0.0,"gold_gain":99.0,"event_name":"Nest","player_choice":"Stole From Cult","floor":31.0,"gold_loss":0.0,"damage_taken":0.0},{"damage_healed":0.0,"max_hp_gain":0.0,"max_hp_loss":0.0,"gold_gain":0.0,"event_name":"Upgrade Shrine","player_choice":"Upgraded","floor":36.0,"gold_loss":0.0,"damage_taken":0.0,"cards_upgraded":["Electrodynamics"]},{"damage_healed":0.0,"max_hp_gain":0.0,"max_hp_loss":0.0,"gold_gain":0.0,"event_name":"Winding Halls","player_choice":"Embrace Madness","floor":39.0,"gold_loss":0.0,"damage_taken":10.0,"cards_obtained":["Madness","Madness"]}],"is_beta":false,"boss_relics":[{"not_picked":["Tiny House","Velvet Choker"],"picked":"Runic Pyramid"},{"not_picked":["Runic Dome","Calling Bell","Sozu"]}],"items_purged_floors":[8],"is_endless":false,"potions_floor_spawned":[1,3,14,18,20,30],"killed_by":"Reptomancer","ascension_level":8}