{"gold_per_floor":[110,110,122,122,137,137,154,166,166,178,178,178,32,45,45,45],"floor_reached":16,"playtime":282,"items_purged":["Strike_R"],"score":94,"play_id":"77c04aae-668c-48d6-a3c9-b92e3b1027ba","local_time":"20190520142632","is_ascension_mode":false,"campfire_choices":[{"data":"Flex","floor":6.0,"key":"SMITH"},{"data":"Power Through","floor":12.0,"key":"SMITH"},{"data":"Whirlwind","floor":15,"key":"SMITH"}],"neow_cost":"NONE","seed_source_timestamp":314015182721474,"circlet_count":0,"master_deck":["Strike_R+1","Strike_R","Strike_R","Strike_R","Defend_R","Defend_R+1","Defend_R","Defend_R","Bash","Flex+1","Power Through+1","Evolve","Whirlwind+1"],"special_seed":0,"relics":["Burning Blood","NeowsBlessing","Prayer Wheel","Golden Idol"],"potions_floor_usage":[16],"damage_taken":[{"damage":0.0,"enemies":"Small Slimes","floor":1.0,"turns":1.0},{"damage":0.0,"enemies":"Jaw Worm","floor":3.0,"turns":1.0},{"damage":0.0,"enemies":"Cultist","floor":5.0,"turns":1.0},{"damage":16.0,"enemies":"Large Slime","floor":7.0,"turns":4.0},{"damage":4.0,"enemies":"2 Fungi Beasts","floor":8.0,"turns":3.0},{"damage":11.0,"enemies":"Blue Slaver","floor":10.0,"turns":3.0},{"damage":26,"enemies":"Exordium Wildlife","floor":14,"turns":6},{"damage":36,"enemies":"Hexaghost","floor":16,"turns":9}],"seed_played":"-5850785984778619554","potions_obtained":[{"floor":3.0,"key":"Energy Potion"},{"floor":10.0,"key":"SpeedPotion"},{"floor":14,"key":"Ancient Potion"}],"is_trial":false,"path_per_floor":["M","?","M","?","M","R","M","M","T","M","?","R","$","M","R","B"],"character_chosen":"IRONCLAD","items_purchased":["Evolve"],"campfire_rested":0,"item_purchase_floors":[13],"current_hp_per_floor":[80,85,85,68,74,74,64,66,66,61,61,61,61,41,41,5],"gold":45,"neow_bonus":"THREE_ENEMY_KILL","is_prod":false,"is_daily":false,"chose_seed":false,"campfire_upgraded":3,"win_rate":0,"timestamp":1558333592,"path_taken":["M","?","M","?","M","R","M","?","T","M","?","R","?","?","R","BOSS"],"build_version":"2019-01-23","purchased_purges":1,"victory":false,"max_hp_per_floor":[80,85,85,85,85,85,85,85,85,85,79,79,79,79,79,79],"card_choices":[{"not_picked":["Shrug It Off","Clothesline"],"picked":"Flex","floor":1.0},{"not_picked":["True Grit","Heavy Blade","Carnage"],"picked":"SKIP","floor":3.0},{"not_picked":["Perfected Strike","Evolve","Body Slam"],"picked":"SKIP","floor":5.0},{"not_picked":["Seeing Red","Wild Strike","Heavy Blade"],"picked":"SKIP","floor":7.0},{"not_picked":["Reckless Charge","Hemokinesis","Body Slam"],"picked":"SKIP","floor":8.0},{"not_picked":["Heavy Blade","Warcry"],"picked":"Power Through","floor":10.0},{"not_picked":["Twin Strike","Wild Strike","Dark Embrace"],"picked":"SKIP","floor":10.0},{"not_picked":["Spot Weakness","Flex"],"picked":"Whirlwind","floor":14},{"not_picked":["Heavy Blade","Headbutt","Iron Wave"],"picked":"SKIP","floor":14}],"player_experience":893772,"relics_obtained":[{"floor":9.0,"key":"Prayer Wheel"}],"event_choices":[{"damage_healed":0.0,"max_hp_gain":5.0,"max_hp_loss":0.0,"gold_gain":0.0,"event_name":"Big Fish","player_choice":"Donut","floor":2.0,"gold_loss":0.0,"damage_taken":0.0},{"damage_healed":0.0,"max_hp_gain":0.0,"max_hp_loss":0.0,"gold_gain":0.0,"event_name":"Shining Light","player_choice":"Entered Light","floor":4.0,"gold_loss":0.0,"damage_taken":17.0,"cards_upgraded":["Defend_R","Strike_R"]},{"damage_healed":0.0,"max_hp_gain":0.0,"max_hp_loss":6.0,"gold_gain":0.0,"event_name":"Golden Idol","player_choice":"Lose Max HP","floor":11.0,"gold_loss":0.0,"damage_taken":0.0,"relics_obtained":["Golden Idol"]}],"is_beta":false,"boss_relics":[],"items_purged_floors":[13],"is_endless":false,"potions_floor_spawned":[3,10,14],"killed_by":"Hexaghost","ascension_level":0}