{"gold_per_floor":[113,63,63,81,97,97,112,131,131,144,144,154,154,166,166],"floor_reached":15,"playtime":330,"items_purged":[],"score":91,"play_id":"45c68f74-953a-49c7-b273-4bed1d14e614","local_time":"20190708100911","is_ascension_mode":false,"campfire_choices":[{"data":"Armaments","floor":6,"key":"SMITH"},{"data":"Body Slam","floor":11,"key":"SMITH"},{"floor":13,"key":"RECALL"}],"neow_cost":"PERCENT_DAMAGE","seed_source_timestamp":388202861979140,"circlet_count":0,"master_deck":["Strike_R","Strike_R","Strike_R","Defend_R","Defend_R","Defend_R","Bash","Armaments+1","Body Slam+1","Rampage"],"relics":["Burning Blood","Paper Frog"],"potions_floor_usage":[],"damage_taken":[{"damage":1,"enemies":"2 Louse","floor":1,"turns":3},{"damage":8,"enemies":"Jaw Worm","floor":4,"turns":4},{"damage":1,"enemies":"Cultist","floor":5,"turns":3},{"damage":3,"enemies":"3 Louse","floor":7,"turns":4},{"damage":0,"enemies":"2 Fungi Beasts","floor":8,"turns":5},{"damage":2,"enemies":"Looter","floor":10,"turns":3},{"damage":2,"enemies":"Exordium Thugs","floor":12,"turns":4},{"damage":39,"enemies":"Exordium Wildlife","floor":14,"turns":7}],"seed_played":"-9036410895554522030","potions_obtained":[{"floor":4,"key":"AttackPotion"},{"floor":7,"key":"FairyPotion"},{"floor":10,"key":"Fruit Juice"},{"floor":14,"key":"Poison Potion"}],"is_trial":false,"path_per_floor":["M","?","?","M","M","R","M","M","T","M","R","M","R","M","R"],"character_chosen":"IRONCLAD","items_purchased":[],"campfire_rested":0,"item_purchase_floors":[],"current_hp_per_floor":[61,61,61,59,64,64,67,73,73,77,77,80,80,47,47],"gold":166,"neow_bonus":"REMOVE_TWO","is_prod":false,"is_daily":false,"chose_seed":false,"campfire_upgraded":2,"win_rate":0,"timestamp":1562551751,"path_taken":["M","?","?","M","M","R","?","M","T","M","R","M","R","M","R"],"build_version":"2019-07-05","purchased_purges":0,"victory":false,"max_hp_per_floor":[80,80,80,80,80,80,80,80,80,80,80,80,80,80,80],"card_choices":[{"not_picked":["Shrug It Off","Pummel","Twin Strike"],"picked":"SKIP","floor":1},{"not_picked":["True Grit","Dark Embrace"],"picked":"Armaments","floor":4},{"not_picked":["Twin Strike","Rampage","Clothesline"],"picked":"SKIP","floor":5},{"not_picked":["Sever Soul","Clash","Flex"],"picked":"SKIP","floor":7},{"not_picked":["Flex","Clash","Perfected Strike"],"picked":"SKIP","floor":8},{"not_picked":["Shrug It Off","Fire Breathing"],"picked":"Body Slam","floor":10},{"not_picked":["Ghostly Armor","Metallicize","Wild Strike"],"picked":"SKIP","floor":12},{"not_picked":["Warcry","Clash"],"picked":"Rampage","floor":14}],"player_experience":1060201,"relics_obtained":[{"floor":9,"key":"Paper Frog"}],"event_choices":[{"cards_removed":["Strike_R"],"damage_healed":0,"gold_gain":0,"player_choice":"Card Removal","damage_taken":0,"max_hp_gain":0,"max_hp_loss":0,"event_name":"The Cleric","floor":2,"gold_loss":50},{"damage_healed":0,"gold_gain":0,"player_choice":"Bought 0 Potions","damage_taken":0,"max_hp_gain":0,"max_hp_loss":0,"event_name":"The Woman in Blue","floor":3,"gold_loss":0}],"is_beta":false,"boss_relics":[],"items_purged_floors":[],"is_endless":false,"potions_floor_spawned":[4,7,10,14],"ascension_level":0}