{"gold_per_floor":[359,375,186,186,205,205,232,232,310,339,355,109,109,128,128,128],"floor_reached":16,"playtime":691,"items_purged":["Strike_R"],"score":138,"play_id":"ca438527-f294-4a83-8f8a-a530a59eac58","local_time":"20190118234507","is_ascension_mode":true,"campfire_choices":[{"data":"Rampage","floor":6,"key":"SMITH"},{"floor":8,"key":"REST"},{"data":"Body Slam","floor":15,"key":"SMITH"}],"neow_cost":"TEN_PERCENT_HP_LOSS","seed_source_timestamp":885206253877785,"circlet_count":0,"master_deck":["Strike_R","Strike_R","Strike_R","Defend_R","Defend_R","Defend_R","Defend_R","Bash","Rampage+1","Brutality","Thunderclap","Body Slam","Juggernaut+1","Shrug It Off","Body Slam+1"],"relics":["Burning Blood","Tiny Chest","Potion Belt","Darkstone Periapt","Frozen Egg 2","Lee\u0027s Waffle","Orichalcum"],"potions_floor_usage":[7,11],"damage_taken":[{"damage":7,"enemies":"2 Louse","floor":1,"turns":2},{"damage":1,"enemies":"Cultist","floor":2,"turns":3},{"damage":10,"enemies":"Small Slimes","floor":5,"turns":3},{"damage":40,"enemies":"Gremlin Nob","floor":7,"turns":5},{"damage":40,"enemies":"3 Sentries","floor":10,"turns":9},{"damage":3,"enemies":"Blue Slaver","floor":11,"turns":2},{"damage":4,"enemies":"Large Slime","floor":14,"turns":7},{"damage":87,"enemies":"Hexaghost","floor":16,"turns":11}],"seed_played":"3173273258787063027","potions_obtained":[{"floor":1,"key":"Dexterity Potion"},{"floor":2,"key":"FairyPotion"},{"floor":7,"key":"AttackPotion"}],"is_trial":false,"path_per_floor":["M","M","$","?","M","R","E","R","T","E","M","$","?","M","R","B"],"character_chosen":"IRONCLAD","items_purchased":["Tiny Chest","Lee\u0027s Waffle","Shrug It Off"],"campfire_rested":1,"item_purchase_floors":[3,12,12],"current_hp_per_floor":[71,72,72,72,68,68,34,55,55,21,24,79,79,79,79,0],"gold":128,"neow_bonus":"TWO_FIFTY_GOLD","is_prod":false,"is_daily":false,"chose_seed":false,"campfire_upgraded":2,"win_rate":0,"timestamp":1547815507,"path_taken":["M","M","$","?","M","R","E","R","T","E","M","$","?","M","R","BOSS"],"build_version":"2019-01-17v2","purchased_purges":1,"victory":false,"max_hp_per_floor":[72,72,72,72,72,72,72,72,72,72,72,79,79,79,79,79],"card_choices":[{"not_picked":["Pummel","Hemokinesis"],"picked":"Rampage","floor":1},{"not_picked":["Shockwave","Clash"],"picked":"Anger","floor":2},{"not_picked":["Blood for Blood","Disarm"],"picked":"Thunderclap","floor":5},{"not_picked":["Hemokinesis","Perfected Strike","Iron Wave"],"picked":"SKIP","floor":7},{"not_picked":["Wild Strike","Clothesline"],"picked":"Body Slam","floor":10},{"not_picked":["Warcry","Headbutt"],"picked":"Juggernaut+1","floor":11},{"not_picked":["Blood for Blood","Flex"],"picked":"Body Slam","floor":14}],"player_experience":484324,"relics_obtained":[{"floor":7,"key":"Potion Belt"},{"floor":9,"key":"Darkstone Periapt"},{"floor":10,"key":"Frozen Egg 2"}],"event_choices":[{"damage_healed":0,"gold_gain":0,"cards_transformed":["Strike_R"],"player_choice":"Change","damage_taken":0,"max_hp_gain":0,"max_hp_loss":0,"event_name":"Living Wall","floor":4,"gold_loss":0,"cards_obtained":["Brutality"]},{"cards_removed":["Anger"],"damage_healed":0,"gold_gain":0,"player_choice":"Gave Card","damage_taken":0,"relics_obtained":["Orichalcum"],"max_hp_gain":0,"max_hp_loss":0,"event_name":"WeMeetAgain","floor":13,"gold_loss":0}],"is_beta":false,"boss_relics":[],"items_purged_floors":[3],"is_endless":false,"potions_floor_spawned":[1,2,7],"killed_by":"Hexaghost","ascension_level":5}