{"gold_per_floor":[113,113,128,128,144,144,172,172,172,347,361,377,22,22,22,22],"floor_reached":16,"playtime":711,"items_purged":[],"score":110,"play_id":"10b941b7-bbe7-46ee-8729-0a5cc86f3dc2","local_time":"20190113184827","is_ascension_mode":true,"campfire_choices":[{"data":"Blade Dance","floor":6,"key":"SMITH"},{"data":"Masterful Stab","floor":8,"key":"SMITH"},{"floor":15,"key":"REST"}],"neow_cost":"TEN_PERCENT_HP_LOSS","seed_source_timestamp":603621049820231,"circlet_count":0,"master_deck":["Defend_G","Defend_G","Defend_G","Defend_G","Defend_G","Strike_G","Strike_G","Strike_G","Strike_G","Survivor","Neutralize","Backflip","Masterful Stab+1","Blade Dance+1","Backflip","Dodge and Roll","Doubt","Bouncing Flask","Adrenaline","Noxious Fumes","Backflip"],"relics":["Ring of the Snake","Pocketwatch","Bottled Flame","Singing Bowl","Meat on the Bone"],"potions_floor_usage":[16],"damage_taken":[{"damage":1,"enemies":"2 Louse","floor":1,"turns":3},{"damage":0,"enemies":"Small Slimes","floor":3,"turns":3},{"damage":0,"enemies":"Jaw Worm","floor":5,"turns":4},{"damage":21,"enemies":"Gremlin Nob","floor":7,"turns":5},{"damage":0,"enemies":"Looter","floor":11,"turns":3},{"damage":0,"enemies":"3 Louse","floor":12,"turns":3},{"damage":59,"enemies":"Slime Boss","floor":16,"turns":8}],"seed_played":"896707181736247975","potions_obtained":[{"floor":1,"key":"Ancient Potion"},{"floor":7,"key":"Swift Potion"},{"floor":12,"key":"FearPotion"}],"is_trial":false,"path_per_floor":["M","?","M","?","M","R","E","R","T","?","M","M","$","?","R","B"],"character_chosen":"THE_SILENT","items_purchased":["Noxious Fumes","Meat on the Bone","Backflip"],"campfire_rested":1,"item_purchase_floors":[13,13,13],"current_hp_per_floor":[62,62,62,62,62,62,41,41,41,41,41,41,41,41,59,0],"gold":22,"neow_bonus":"ONE_RARE_RELIC","is_prod":false,"is_daily":false,"chose_seed":false,"campfire_upgraded":2,"win_rate":0,"timestamp":1547365707,"path_taken":["M","?","M","?","M","R","E","R","T","?","M","?","$","?","R","BOSS"],"build_version":"2019-01-10","purchased_purges":0,"victory":false,"max_hp_per_floor":[63,63,63,63,63,63,63,63,63,63,63,63,63,63,63,63],"card_choices":[{"not_picked":["Choke","Deflect"],"picked":"Backflip","floor":1},{"not_picked":["Prepared","Riddle With Holes"],"picked":"Blade Dance","floor":3},{"not_picked":["PiercingWail","Reflex"],"picked":"Backflip","floor":5},{"not_picked":["Flying Knee","Caltrops"],"picked":"Dodge and Roll","floor":7},{"not_picked":["Infinite Blades","Finisher"],"picked":"Bouncing Flask","floor":11},{"not_picked":["Leg Sweep","Acrobatics"],"picked":"Adrenaline","floor":12}],"player_experience":425603,"relics_obtained":[{"floor":7,"key":"Bottled Flame"},{"floor":9,"key":"Singing Bowl"}],"event_choices":[{"damage_healed":0,"gold_gain":0,"cards_transformed":["Strike_G"],"player_choice":"Change","damage_taken":0,"max_hp_gain":0,"max_hp_loss":0,"event_name":"Living Wall","floor":2,"gold_loss":0,"cards_obtained":["Masterful Stab"]},{"damage_healed":0,"gold_gain":0,"player_choice":"Ignored","damage_taken":0,"max_hp_gain":0,"max_hp_loss":0,"event_name":"Shining Light","floor":4,"gold_loss":0},{"damage_healed":0,"gold_gain":175,"player_choice":"AGREE","damage_taken":0,"max_hp_gain":0,"max_hp_loss":0,"event_name":"Liars Game","floor":10,"gold_loss":0,"cards_obtained":["Doubt"]},{"damage_healed":0,"gold_gain":0,"player_choice":"Leave","damage_taken":0,"max_hp_gain":0,"max_hp_loss":0,"event_name":"The Cleric","floor":14,"gold_loss":0}],"is_beta":false,"boss_relics":[],"items_purged_floors":[],"is_endless":false,"potions_floor_spawned":[1,7,12],"killed_by":"Slime Boss","ascension_level":2}