{"gold_per_floor":[362,68,87,106,122,155,173,198,198,198,198,198,14,14,14,14],"floor_reached":16,"playtime":1151,"items_purged":["Strike_G","Strike_G"],"score":138,"play_id":"e06ff8e7-267c-4964-b241-b0ee373ccf9c","local_time":"20190804085827","is_ascension_mode":true,"campfire_choices":[{"data":"1","floor":11,"key":"LIFT"},{"floor":15,"key":"REST"}],"neow_cost":"CURSE","seed_source_timestamp":2115931769054799,"circlet_count":0,"master_deck":["Strike_G","Strike_G","Strike_G","Defend_G","Defend_G+1","Defend_G","Defend_G","Defend_G","Survivor","Neutralize","Parasite","Dagger Throw+1","Metamorphosis+1","PiercingWail","Tactician","Backstab","Finisher","Doppelganger","Backflip","Dark Shackles"],"relics":["Ring of the Snake","Girya","Juzu Bracelet","Gremlin Horn","Matryoshka"],"potions_floor_usage":[8,8],"damage_taken":[{"damage":1,"enemies":"2 Louse","floor":1,"turns":6},{"damage":1,"enemies":"Jaw Worm","floor":3,"turns":3},{"damage":0,"enemies":"Small Slimes","floor":4,"turns":5},{"damage":8,"enemies":"Blue Slaver","floor":5,"turns":4},{"damage":20,"enemies":"Lagavulin","floor":6,"turns":5},{"damage":9,"enemies":"Red Slaver","floor":7,"turns":3},{"damage":16,"enemies":"3 Sentries","floor":8,"turns":9},{"damage":36,"enemies":"Hexaghost","floor":16,"turns":12}],"seed_played":"-1365368777264726794","potions_obtained":[{"floor":1,"key":"Regen Potion"},{"floor":3,"key":"Explosive Potion"},{"floor":6,"key":"FairyPotion"}],"is_trial":false,"path_per_floor":["M","$","M","M","M","E","M","E","T","?","R","?","$","?","R","B"],"character_chosen":"THE_SILENT","items_purchased":["Metamorphosis","PiercingWail","Dark Shackles"],"campfire_rested":1,"item_purchase_floors":[2,2,13],"current_hp_per_floor":[69,69,68,68,60,40,31,30,30,18,18,4,4,4,25,0],"gold":14,"neow_bonus":"TWO_FIFTY_GOLD","is_prod":false,"is_daily":false,"chose_seed":false,"campfire_upgraded":0,"win_rate":0,"timestamp":1564930707,"path_taken":["M","$","M","M","M","E","M","E","T","?","R","?","$","?","R","BOSS"],"build_version":"2019-07-18","purchased_purges":2,"victory":false,"max_hp_per_floor":[70,70,70,70,70,70,70,70,70,70,70,70,70,70,70,70],"card_choices":[{"not_picked":["Acrobatics","Quick Slash"],"picked":"Dagger Throw","floor":1},{"not_picked":["Underhanded Strike","Dagger Throw"],"picked":"Tactician","floor":3},{"not_picked":["Underhanded Strike","Flying Knee"],"picked":"Backstab","floor":4},{"not_picked":["Flying Knee","Poisoned Stab"],"picked":"Finisher","floor":5},{"not_picked":["Finisher","Flying Knee","Riddle With Holes"],"picked":"SKIP","floor":6},{"not_picked":["Eviscerate","Well Laid Plans"],"picked":"Doppelganger","floor":7},{"not_picked":["Deflect","Sucker Punch"],"picked":"Backflip","floor":8}],"player_experience":92497,"relics_obtained":[{"floor":6,"key":"Girya"},{"floor":8,"key":"Juzu Bracelet"},{"floor":9,"key":"Gremlin Horn"}],"event_choices":[{"damage_healed":0,"gold_gain":0,"player_choice":"Success","damage_taken":12,"relics_obtained":["Matryoshka"],"max_hp_gain":0,"max_hp_loss":0,"event_name":"Scrap Ooze","floor":10,"gold_loss":0},{"damage_healed":0,"gold_gain":0,"player_choice":"Entered Light","damage_taken":14,"max_hp_gain":0,"max_hp_loss":0,"event_name":"Shining Light","floor":12,"gold_loss":0,"cards_upgraded":["Dagger Throw","Defend_G"]},{"damage_healed":0,"gold_gain":0,"player_choice":"Grow","damage_taken":0,"max_hp_gain":0,"max_hp_loss":0,"event_name":"Living Wall","floor":14,"gold_loss":0,"cards_upgraded":["Metamorphosis"]}],"is_beta":true,"boss_relics":[],"items_purged_floors":[2,13],"is_endless":false,"potions_floor_spawned":[1,3,6],"killed_by":"Hexaghost","ascension_level":5}