{"gold_per_floor":[117,117,117,117,67,98,98,113,137,62,62,102,123,163,163,163],"floor_reached":16,"playtime":583,"items_purged":["Strike_R"],"score":148,"play_id":"b196d7b1-e38a-479e-805b-0b3a79283396","local_time":"20181211210437","is_ascension_mode":true,"campfire_choices":[{"floor":7,"key":"REST"},{"floor":11,"key":"RECALL"},{"floor":15,"key":"REST"}],"neow_cost":"NONE","seed_source_timestamp":1569546635703438,"circlet_count":0,"master_deck":["Strike_R","Strike_R","Defend_R","Defend_R","Defend_R","Bash","Bludgeon","Burning Pact","Power Through","Infernal Blade","Armaments","Heavy Blade","Twin Strike"],"relics":["Burning Blood","NeowsBlessing","Golden Idol","Dream Catcher","Vajra","Ornamental Fan","Centennial Puzzle"],"potions_floor_usage":[],"damage_taken":[{"damage":0,"enemies":"Small Slimes","floor":1,"turns":1},{"damage":0,"enemies":"Lagavulin","floor":6,"turns":1},{"damage":0,"enemies":"Jaw Worm","floor":8,"turns":1},{"damage":14,"enemies":"Gremlin Nob","floor":12,"turns":3},{"damage":6,"enemies":"2 Louse","floor":13,"turns":3},{"damage":43,"enemies":"Lagavulin","floor":14,"turns":12},{"damage":61,"enemies":"Hexaghost","floor":16,"turns":10}],"seed_played":"-4505219167322499485","potions_obtained":[{"floor":8,"key":"Poison Potion"},{"floor":13,"key":"LiquidBronze"},{"floor":14,"key":"SkillPotion"}],"is_trial":false,"path_per_floor":["M","?","?","?","?","E","R","M","T","$","R","E","M","E","R","B"],"character_chosen":"IRONCLAD","items_purchased":[],"campfire_rested":2,"item_purchase_floors":[],"current_hp_per_floor":[80,73,73,53,53,59,80,80,80,80,80,72,72,35,59,0],"gold":163,"neow_bonus":"THREE_ENEMY_KILL","is_prod":false,"is_daily":false,"chose_seed":false,"campfire_upgraded":0,"win_rate":0,"timestamp":1544522677,"path_taken":["M","?","?","?","?","E","R","M","T","$","R","E","M","E","R","BOSS"],"build_version":"2018-12-06","purchased_purges":1,"victory":false,"max_hp_per_floor":[80,80,80,80,80,80,80,80,80,80,80,80,80,80,80,80],"card_choices":[{"not_picked":["Iron Wave","Reckless Charge","Sword Boomerang"],"picked":"SKIP","floor":1},{"not_picked":["Entrench","Corruption"],"picked":"Burning Pact","floor":6},{"not_picked":["Armaments","Inflame"],"picked":"Power Through","floor":7},{"not_picked":["Hemokinesis","Pommel Strike"],"picked":"Infernal Blade","floor":8},{"not_picked":["Warcry","Infernal Blade"],"picked":"Armaments","floor":12},{"not_picked":["Infernal Blade","Clash","Twin Strike"],"picked":"SKIP","floor":13},{"not_picked":["Feel No Pain","Power Through"],"picked":"Heavy Blade","floor":14},{"not_picked":["Havoc","Thunderclap"],"picked":"Twin Strike","floor":15}],"player_experience":200733,"relics_obtained":[{"floor":6,"key":"Dream Catcher"},{"floor":9,"key":"Vajra"},{"floor":12,"key":"Ornamental Fan"},{"floor":14,"key":"Centennial Puzzle"}],"event_choices":[{"cards_removed":["Strike_R"],"damage_healed":0,"gold_gain":0,"player_choice":"Card Removal","damage_taken":7,"max_hp_gain":0,"max_hp_loss":0,"event_name":"Golden Wing","floor":2,"gold_loss":0},{"damage_healed":0,"gold_gain":0,"cards_transformed":["Strike_R"],"player_choice":"Change","damage_taken":0,"max_hp_gain":0,"max_hp_loss":0,"event_name":"Living Wall","floor":3,"gold_loss":0,"cards_obtained":["Bludgeon"]},{"damage_healed":0,"gold_gain":0,"player_choice":"Take Damage","damage_taken":20,"relics_obtained":["Golden Idol"],"max_hp_gain":0,"max_hp_loss":0,"event_name":"Golden Idol","floor":4,"gold_loss":0},{"cards_removed":["Defend_R"],"damage_healed":0,"gold_gain":0,"player_choice":"Card Removal","damage_taken":0,"max_hp_gain":0,"max_hp_loss":0,"event_name":"The Cleric","floor":5,"gold_loss":50}],"is_beta":false,"boss_relics":[],"items_purged_floors":[10],"is_endless":false,"potions_floor_spawned":[8,13,14],"killed_by":"Hexaghost","ascension_level":1}