{"gold_per_floor":[19,33,48,48,48,48,48,48,73,103,103,119,119,149,149,245,245,264,274,305,2,22,22,22,22,79,113,136,136,150,182,182,182],"floor_reached":33,"playtime":1496,"items_purged":[],"score":436,"play_id":"60ea7001-e655-46fe-b3e0-9d8c0766c9fd","local_time":"20190131170846","is_ascension_mode":true,"campfire_choices":[{"data":"Sweeping Beam","floor":6.0,"key":"SMITH"},{"data":"White Noise","floor":8.0,"key":"SMITH"},{"floor":11.0,"key":"REST"},{"floor":15.0,"key":"REST"},{"floor":25.0,"key":"REST"},{"floor":32.0,"key":"REST"}],"neow_cost":"NO_GOLD","seed_source_timestamp":176533102759,"circlet_count":0,"master_deck":["Strike_B+1","Strike_B+1","Strike_B","Defend_B","Defend_B","Defend_B","Defend_B","Zap","Dualcast","Sweeping Beam+1","Coolheaded","Coolheaded","White Noise+1","Defragment","Cold Snap","Turbo","Zap","Cold Snap","Electrodynamics","Cold Snap+1","Conserve Battery","Redo","Conserve Battery","Conserve Battery","Buffer","Consume","Sunder"],"special_seed":0,"relics":["Cracked Core","Bronze Scales","Omamori","Bag of Marbles","Runic Pyramid","Red Mask","Membership Card","Ancient Tea Set","Tiny Chest","Dead Branch","Potion Belt","Oddly Smooth Stone","Whetstone"],"potions_floor_usage":[33],"damage_taken":[{"damage":1.0,"enemies":"Cultist","floor":1.0,"turns":3.0},{"damage":8.0,"enemies":"2 Louse","floor":2.0,"turns":2.0},{"damage":13.0,"enemies":"Small Slimes","floor":3.0,"turns":3.0},{"damage":29.0,"enemies":"Gremlin Nob","floor":10.0,"turns":4.0},{"damage":11.0,"enemies":"Red Slaver","floor":12.0,"turns":3.0},{"damage":9.0,"enemies":"3 Sentries","floor":14.0,"turns":6.0},{"damage":5.0,"enemies":"Slime Boss","floor":16.0,"turns":11.0},{"damage":10.0,"enemies":"Spheric Guardian","floor":18.0,"turns":4.0},{"damage":20.0,"enemies":"2 Thieves","floor":19.0,"turns":2.0},{"damage":0.0,"enemies":"Masked Bandits","floor":20.0,"turns":2.0},{"damage":5.0,"enemies":"Cultist and Chosen","floor":22.0,"turns":4.0},{"damage":0.0,"enemies":"Book of Stabbing","floor":27.0,"turns":4.0},{"damage":2.0,"enemies":"Chosen and Byrds","floor":30.0,"turns":5.0},{"damage":24.0,"enemies":"Slavers","floor":31.0,"turns":5.0},{"damage":71,"enemies":"Automaton","floor":33,"turns":12}],"seed_played":"-8405500968773650682","potions_obtained":[{"floor":1.0,"key":"Fruit Juice"},{"floor":3.0,"key":"PowerPotion"},{"floor":10.0,"key":"Dexterity Potion"},{"floor":20.0,"key":"FocusPotion"},{"floor":22.0,"key":"FocusPotion"},{"floor":27.0,"key":"FearPotion"},{"floor":31.0,"key":"FearPotion"}],"is_trial":false,"path_per_floor":["M","M","M","$","?","R","?","R","T","E","R","M","?","E","R","B",null,"M","M","?","$","M","$","?","R","T","E","T","?","M","E","R","B"],"character_chosen":"DEFECT","items_purchased":["Membership Card","Ancient Tea Set","Conserve Battery"],"campfire_rested":4,"item_purchase_floors":[21,21,21],"current_hp_per_floor":[86,78,65,65,65,65,65,65,65,36,64,53,53,44,72,67,87,77,57,57,57,52,52,33,62,62,62,62,62,60,36,65,0],"gold":182,"neow_bonus":"TWENTY_PERCENT_HP_BONUS","is_prod":false,"is_daily":false,"chose_seed":false,"campfire_upgraded":2,"win_rate":0,"timestamp":1548914926,"path_taken":["M","M","M","?","?","R","?","R","T","E","R","M","?","E","R","BOSS","M","M","?","$","M","$","?","R","T","E","?","?","M","E","R","BOSS"],"build_version":"2019-01-23","purchased_purges":0,"victory":false,"max_hp_per_floor":[94,94,94,94,94,94,94,94,94,94,94,94,94,94,94,94,94,94,94,94,94,94,94,99,99,99,99,99,99,99,99,99,99],"card_choices":[{"not_picked":["Steam","Conserve Battery"],"picked":"Sweeping Beam","floor":1.0},{"not_picked":["Hologram","Storm"],"picked":"Coolheaded","floor":2.0},{"not_picked":["Chill","Chaos"],"picked":"Coolheaded","floor":3.0},{"not_picked":["Cold Snap","Doom and Gloom"],"picked":"Defragment","floor":10.0},{"not_picked":["Rebound","Barrage"],"picked":"Cold Snap","floor":12.0},{"not_picked":["Steam","Sweeping Beam"],"picked":"Cold Snap","floor":14.0},{"not_picked":["Core Surge","Multi-Cast"],"picked":"Electrodynamics","floor":16.0},{"not_picked":["Hologram","Chaos"],"picked":"Cold Snap+1","floor":18.0},{"not_picked":["Turbo","FTL"],"picked":"Conserve Battery","floor":19.0},{"not_picked":["Beam Cell+1","Steam Power+1"],"picked":"Redo","floor":20.0},{"not_picked":["Beam Cell","Gash"],"picked":"Conserve Battery","floor":22.0},{"not_picked":["Steam","Glacier"],"picked":"Buffer","floor":27.0},{"not_picked":["Gash","Steam"],"picked":"Consume","floor":30.0},{"not_picked":["Darkness","Reinforced Body"],"picked":"Sunder","floor":31.0}],"player_experience":589542,"relics_obtained":[{"floor":9.0,"key":"Bronze Scales"},{"floor":10.0,"key":"Omamori"},{"floor":14.0,"key":"Bag of Marbles"},{"floor":20.0,"key":"Red Mask"},{"floor":26.0,"key":"Tiny Chest"},{"floor":27.0,"key":"Dead Branch"},{"floor":28.0,"key":"Potion Belt"},{"floor":31.0,"key":"Whetstone"}],"event_choices":[{"damage_healed":0.0,"max_hp_gain":0.0,"max_hp_loss":0.0,"gold_gain":0.0,"event_name":"Shining Light","player_choice":"Ignored","floor":5.0,"gold_loss":0.0,"damage_taken":0.0},{"damage_healed":0.0,"max_hp_gain":0.0,"max_hp_loss":0.0,"gold_gain":0.0,"cards_transformed":["Strike_B"],"event_name":"Living Wall","player_choice":"Change","floor":7.0,"gold_loss":0.0,"damage_taken":0.0,"cards_obtained":["White Noise"]},{"damage_healed":0.0,"max_hp_gain":0.0,"max_hp_loss":0.0,"gold_gain":0.0,"event_name":"Match and Keep!","player_choice":"2 cards matched","floor":13.0,"gold_loss":0.0,"damage_taken":0.0,"cards_obtained":["Turbo","Zap"]},{"damage_healed":0.0,"max_hp_gain":0.0,"max_hp_loss":0.0,"gold_gain":0.0,"event_name":"Masked Bandits","player_choice":"Fought Bandits","floor":20.0,"gold_loss":0.0,"damage_taken":0.0},{"damage_healed":0.0,"max_hp_gain":5.0,"max_hp_loss":0.0,"gold_gain":0.0,"event_name":"Forgotten Altar","player_choice":"Shed Blood","floor":24.0,"gold_loss":0.0,"damage_taken":24.0},{"damage_healed":0.0,"max_hp_gain":0.0,"max_hp_loss":0.0,"gold_gain":0.0,"event_name":"The Mausoleum","player_choice":"Opened","floor":29.0,"gold_loss":0.0,"damage_taken":0.0,"relics_obtained":["Oddly Smooth Stone"],"cards_obtained":["Writhe"]}],"is_beta":false,"boss_relics":[{"not_picked":["Busted Crown","Sozu"],"picked":"Runic Pyramid"}],"items_purged_floors":[],"is_endless":false,"potions_floor_spawned":[1,3,10,20,22,27,31],"killed_by":"Automaton","ascension_level":6}