{"gold_per_floor":[113,42,42,6,19,19,39,39,39,91,102,114,141,157,157,258,258,277,38,38,52,52,52,70,170,170,16,26,26,125,140,140,243,243,257,272,272,3,13,13,33,33,108,128,128,147,147,161,161,161],"floor_reached":50,"playtime":8361,"items_purged":["Writhe"],"score":461,"play_id":"b3de73b8-a30c-4080-a6fa-16ebf6ca1e32","local_time":"20190302221646","is_ascension_mode":false,"campfire_choices":[{"floor":6.0,"key":"REST"},{"data":"Caltrops","floor":8.0,"key":"SMITH"},{"data":"Noxious Fumes","floor":15.0,"key":"SMITH"},{"floor":23.0,"key":"REST"},{"floor":29.0,"key":"REST"},{"floor":32.0,"key":"REST"},{"data":"Wraith Form v2","floor":40,"key":"SMITH"},{"floor":47,"key":"REST"},{"floor":49,"key":"REST"}],"neow_cost":"NONE","seed_source_timestamp":0,"circlet_count":0,"master_deck":["Survivor","Neutralize","Heel Hook","Caltrops+1","Flechettes","All Out Attack","Bouncing Flask","Noxious Fumes+1","After Image","Reflex","Bullet Time","Dash","Escape Plan","Footwork","Wraith Form v2+1","A Thousand Cuts","Tools of the Trade","Corpse Explosion","Dash","Deflect+1","Tactician","Riddle With Holes+1","Adrenaline","Wraith Form v2+1","Blur","Backflip+1","Flying Knee+1","Doppelganger","Distraction+1","Caltrops+1","Well Laid Plans","Parasite","Secret Weapon","Choke+1"],"special_seed":0,"relics":["Ring of the Snake","Bottled Flame","Orichalcum","Strawberry","Pandora\u0027s Box","Toy Ornithopter","Mango","Molten Egg 2","Juzu Bracelet","Blood Vial","Orrery","Darkstone Periapt"],"potions_floor_usage":[39,41,44,48],"damage_taken":[{"damage":0.0,"enemies":"Jaw Worm","floor":1.0,"turns":6.0},{"damage":0.0,"enemies":"Cultist","floor":5.0,"turns":4.0},{"damage":0.0,"enemies":"2 Louse","floor":7.0,"turns":2.0},{"damage":0.0,"enemies":"Exordium Wildlife","floor":11.0,"turns":3.0},{"damage":0.0,"enemies":"Large Slime","floor":12.0,"turns":4.0},{"damage":8.0,"enemies":"2 Fungi Beasts","floor":14.0,"turns":3.0},{"damage":26.0,"enemies":"Hexaghost","floor":16.0,"turns":9.0},{"damage":11.0,"enemies":"Shell Parasite","floor":18.0,"turns":9.0},{"damage":14.0,"enemies":"3 Byrds","floor":21.0,"turns":4.0},{"damage":10.0,"enemies":"Shelled Parasite and Fungi","floor":24.0,"turns":5.0},{"damage":12.0,"enemies":"Colosseum Slavers","floor":25.0,"turns":3.0},{"damage":18.0,"enemies":"Colosseum Nobs","floor":25.0,"turns":4.0},{"damage":1.0,"enemies":"Snecko","floor":28.0,"turns":5.0},{"damage":21.0,"enemies":"Snake Plant","floor":31.0,"turns":4.0},{"damage":60.0,"enemies":"Collector","floor":33.0,"turns":9.0},{"damage":8,"enemies":"Orb Walker","floor":35,"turns":6},{"damage":1,"enemies":"3 Shapes","floor":36,"turns":3},{"damage":12,"enemies":"3 Darklings","floor":39,"turns":5},{"damage":19,"enemies":"Writhing Mass","floor":41,"turns":7},{"damage":0,"enemies":"Spire Growth","floor":44,"turns":6},{"damage":11,"enemies":"4 Shapes","floor":46,"turns":9},{"damage":15,"enemies":"Sphere and 2 Shapes","floor":48,"turns":7},{"damage":109,"enemies":"Donu and Deca","floor":50,"turns":10}],"seed_played":"7987764187927199779","potions_obtained":[{"floor":0.0,"key":"Strength Potion"},{"floor":0.0,"key":"SneckoOil"},{"floor":0.0,"key":"Strength Potion"},{"floor":1.0,"key":"EssenceOfSteel"},{"floor":7.0,"key":"SteroidPotion"},{"floor":11.0,"key":"Explosive Potion"},{"floor":16.0,"key":"Strength Potion"},{"floor":24.0,"key":"Block Potion"},{"floor":28.0,"key":"Swift Potion"},{"floor":31.0,"key":"Dexterity Potion"},{"floor":35,"key":"Strength Potion"},{"floor":41,"key":"GhostInAJar"}],"is_trial":false,"path_per_floor":["M","$","?","?","M","R","M","R","T","T","M","M","T","M","R","B",null,"M","$","?","M","?","R","M","?","T","$","M","R","?","M","R","B",null,"M","M","?","$","M","R","M","?","T","M","?","M","R","M","R","B"],"character_chosen":"THE_SILENT","items_purchased":["Caltrops","Toy Ornithopter","Swift Potion","Blood Vial","Regen Potion","Well Laid Plans","Poison Potion"],"campfire_rested":6,"item_purchase_floors":[2,19,19,27,38,38,38],"current_hp_per_floor":[70,70,56,56,56,70,70,70,70,70,70,70,77,69,69,43,77,66,66,52,43,43,67,62,51,51,51,52,80,80,61,89,41,96,88,89,96,96,96,96,77,77,77,84,84,75,96,86,96,0],"gold":161,"neow_bonus":"THREE_SMALL_POTIONS","is_prod":false,"is_daily":false,"chose_seed":false,"campfire_upgraded":3,"win_rate":0,"timestamp":1551590206,"path_taken":["M","$","?","?","M","R","M","R","T","?","?","M","?","M","R","BOSS","M","$","?","M","?","R","M","?","T","$","M","R","?","M","R","BOSS","M","M","?","$","M","R","M","?","T","M","?","M","R","M","R","BOSS"],"build_version":"2019-01-23","purchased_purges":1,"victory":false,"max_hp_per_floor":[70,70,70,70,70,70,70,70,70,70,70,70,77,77,77,77,77,77,77,82,82,82,82,82,96,96,96,96,96,96,96,96,96,96,96,96,96,96,96,96,96,96,96,96,96,96,96,96,96,96],"card_choices":[{"not_picked":["Slice","Accuracy"],"picked":"Heel Hook","floor":1.0},{"not_picked":["Reflex","PiercingWail"],"picked":"Flechettes","floor":5.0},{"not_picked":["Finisher","Backstab"],"picked":"All Out Attack","floor":7.0},{"not_picked":["Blade Dance","Slice","All Out Attack"],"picked":"SKIP","floor":11.0},{"not_picked":["Distraction","Endless Agony"],"picked":"Bouncing Flask","floor":12.0},{"not_picked":["Predator","Catalyst"],"picked":"Noxious Fumes","floor":14.0},{"not_picked":["Night Terror","Adrenaline"],"picked":"After Image","floor":16.0},{"not_picked":["Escape Plan","Outmaneuver"],"picked":"Deflect+1","floor":18.0},{"not_picked":["Eviscerate+1","Reflex"],"picked":"Tactician","floor":21.0},{"not_picked":["Dagger Throw","PiercingWail","Prepared"],"picked":"SKIP","floor":24.0},{"not_picked":["Dagger Spray","Poisoned Stab"],"picked":"Riddle With Holes+1","floor":25.0},{"not_picked":["Eviscerate+1","Expertise","Deadly Poison+1"],"picked":"SKIP","floor":28.0},{"not_picked":["Leg Sweep","Reflex"],"picked":"Adrenaline","floor":31.0},{"not_picked":["Malaise","Doppelganger"],"picked":"Wraith Form v2","floor":33.0},{"not_picked":["Heel Hook+1","Sucker Punch+1"],"picked":"Blur","floor":34},{"not_picked":["Bane+1","Cloak And Dagger"],"picked":"Backflip+1","floor":34},{"not_picked":["Slice+1","Bane+1"],"picked":"Flying Knee+1","floor":34},{"not_picked":["Deflect","Dagger Throw+1"],"picked":"Doppelganger","floor":34},{"not_picked":["Deflect+1","Acrobatics+1"],"picked":"Distraction+1","floor":35},{"not_picked":["Deflect+1","Dodge and Roll"],"picked":"Caltrops+1","floor":36},{"not_picked":["Well Laid Plans+1","Crippling Poison","Terror+1"],"picked":"SKIP","floor":39},{"not_picked":["Dagger Spray+1","Prepared+1","All Out Attack+1"],"picked":"SKIP","floor":41},{"not_picked":["Cloak And Dagger+1","Outmaneuver","Venomology"],"picked":"SKIP","floor":44},{"not_picked":["Impatience","Purity"],"picked":"Secret Weapon","floor":45},{"not_picked":["Backflip+1","Dagger Spray+1"],"picked":"Choke+1","floor":46},{"not_picked":["Dagger Throw+1","PiercingWail","Eviscerate+1"],"picked":"SKIP","floor":48}],"player_experience":167141,"relics_obtained":[{"floor":9.0,"key":"Bottled Flame"},{"floor":10.0,"key":"Orichalcum"},{"floor":13.0,"key":"Strawberry"},{"floor":25.0,"key":"Mango"},{"floor":25.0,"key":"Molten Egg 2"},{"floor":26.0,"key":"Juzu Bracelet"},{"floor":43,"key":"Darkstone Periapt"}],"event_choices":[{"damage_healed":0.0,"max_hp_gain":0.0,"max_hp_loss":0.0,"gold_gain":0.0,"event_name":"Shining Light","player_choice":"Entered Light","floor":3.0,"gold_loss":0.0,"damage_taken":14.0,"cards_upgraded":["Defend_G","Strike_G"]},{"damage_healed":0.0,"max_hp_gain":0.0,"max_hp_loss":0.0,"gold_gain":0.0,"event_name":"World of Goop","player_choice":"Left Gold","floor":4.0,"gold_loss":36.0,"damage_taken":0.0},{"damage_healed":0.0,"max_hp_gain":5.0,"max_hp_loss":0.0,"gold_gain":0.0,"event_name":"Forgotten Altar","player_choice":"Shed Blood","floor":20.0,"gold_loss":0.0,"damage_taken":19.0},{"damage_healed":0.0,"max_hp_gain":0.0,"max_hp_loss":0.0,"gold_gain":0.0,"event_name":"Beggar","player_choice":"Ignored","floor":22.0,"gold_loss":0.0,"damage_taken":0.0},{"damage_healed":0.0,"max_hp_gain":0.0,"max_hp_loss":0.0,"gold_gain":0.0,"event_name":"Colosseum","player_choice":"Fight","floor":25.0,"gold_loss":0.0,"damage_taken":0.0},{"damage_healed":0.0,"max_hp_gain":0.0,"max_hp_loss":0.0,"gold_gain":0.0,"event_name":"Colosseum","player_choice":"Fought Nobs","floor":25.0,"gold_loss":0.0,"damage_taken":0.0},{"damage_healed":0.0,"max_hp_gain":0.0,"max_hp_loss":0.0,"gold_gain":99.0,"event_name":"Nest","player_choice":"Stole From Cult","floor":30.0,"gold_loss":0.0,"damage_taken":0.0},{"damage_healed":24,"gold_gain":0,"player_choice":"Writhe","damage_taken":0,"max_hp_gain":0,"max_hp_loss":0,"event_name":"Winding Halls","floor":37,"gold_loss":0,"cards_obtained":["Writhe"]},{"damage_healed":0,"gold_gain":0,"player_choice":"Upgraded","damage_taken":0,"max_hp_gain":0,"max_hp_loss":0,"event_name":"Upgrade Shrine","floor":42,"gold_loss":0,"cards_upgraded":["Wraith Form v2"]},{"damage_healed":0,"gold_gain":0,"player_choice":"Memory 1","damage_taken":0,"max_hp_gain":0,"max_hp_loss":0,"event_name":"SensoryStone","floor":45,"gold_loss":0}],"is_beta":false,"boss_relics":[{"not_picked":["WristBlade","Cursed Key"],"picked":"Pandora\u0027s Box"},{"not_picked":["Snecko Eye","Coffee Dripper"],"picked":"Orrery"}],"items_purged_floors":[38],"is_endless":false,"potions_floor_spawned":[1,7,11,16,24,25,28,31,35,41],"killed_by":"Donu and Deca","ascension_level":0}