{"gold_per_floor":[118,118,133,58,69,69,69,219,219,219,30,55,66,84,84,84],"floor_reached":16,"playtime":492,"items_purged":["Strike_B","Doubt"],"score":200,"play_id":"2ebf406e-711d-4ac5-ac34-baa3183cfbe9","local_time":"20190701021002","is_ascension_mode":true,"campfire_choices":[{"data":"Streamline","floor":10.0,"key":"SMITH"},{"data":"Dualcast","floor":15,"key":"SMITH"}],"neow_cost":"PERCENT_DAMAGE","seed_source_timestamp":538395420850317,"circlet_count":0,"master_deck":["AscendersBane","Strike_B","Defend_B+1","Defend_B","Defend_B+1","Zap","Dualcast+1","Capacitor","Cold Snap","Streamline+1","Chill","Self Repair","Coolheaded","Skim"],"special_seed":0,"relics":["Cracked Core","Darkstone Periapt","War Paint"],"potions_floor_usage":[16],"damage_taken":[{"damage":1.0,"enemies":"Cultist","floor":1.0,"turns":3.0},{"damage":1.0,"enemies":"2 Louse","floor":3.0,"turns":4.0},{"damage":10.0,"enemies":"Jaw Worm","floor":5.0,"turns":5.0},{"damage":18.0,"enemies":"Lagavulin","floor":12.0,"turns":7.0},{"damage":9.0,"enemies":"Looter","floor":13.0,"turns":4.0},{"damage":1,"enemies":"3 Louse","floor":14,"turns":5},{"damage":19,"enemies":"Hexaghost","floor":16,"turns":9}],"seed_played":"-6184446632637751696","potions_obtained":[{"floor":1.0,"key":"PowerPotion"},{"floor":12.0,"key":"Dexterity Potion"},{"floor":13.0,"key":"Swift Potion"}],"is_trial":false,"path_per_floor":["M","?","M","$","M","?","?","?","T","R","$","E","M","M","R","B"],"character_chosen":"DEFECT","items_purchased":["Self Repair"],"campfire_rested":0,"item_purchase_floors":[11],"current_hp_per_floor":[45,41,40,40,30,30,30,30,30,30,30,19,17,23,23,4],"gold":84,"neow_bonus":"REMOVE_TWO","is_prod":false,"is_daily":false,"chose_seed":false,"campfire_upgraded":2,"win_rate":0,"timestamp":1561918202,"path_taken":["M","?","?","$","M","?","?","?","T","R","$","E","M","M","R","BOSS"],"build_version":"2019-01-23","purchased_purges":2,"victory":false,"max_hp_per_floor":[71,71,71,71,71,71,71,71,71,71,71,71,71,71,71,71],"card_choices":[{"not_picked":["Cold Snap","Conserve Battery"],"picked":"Capacitor","floor":1.0},{"not_picked":["Gash","Compile Driver"],"picked":"Cold Snap","floor":3.0},{"not_picked":["Compile Driver","Rebound"],"picked":"Streamline","floor":5.0},{"not_picked":["Seek","Sweeping Beam"],"picked":"Coolheaded","floor":12.0},{"not_picked":["Go for the Eyes","Conserve Battery"],"picked":"Skim","floor":13.0},{"not_picked":["Self Repair","Chaos","Genetic Algorithm"],"picked":"SKIP","floor":14}],"player_experience":1023002,"relics_obtained":[{"floor":9.0,"key":"Darkstone Periapt"},{"floor":12.0,"key":"War Paint"}],"event_choices":[{"damage_healed":0.0,"max_hp_gain":0.0,"max_hp_loss":0.0,"gold_gain":0.0,"event_name":"The Woman in Blue","player_choice":"Bought 0 Potions","floor":2.0,"gold_loss":0.0,"damage_taken":0.0},{"damage_healed":0.0,"max_hp_gain":0.0,"max_hp_loss":0.0,"gold_gain":0.0,"event_name":"The Cleric","player_choice":"Leave","floor":6.0,"gold_loss":0.0,"damage_taken":0.0},{"damage_healed":0.0,"max_hp_gain":0.0,"max_hp_loss":0.0,"gold_gain":0.0,"cards_transformed":["Strike_B"],"event_name":"Living Wall","player_choice":"Change","floor":7.0,"gold_loss":0.0,"damage_taken":0.0,"cards_obtained":["Chill"]},{"damage_healed":0.0,"max_hp_gain":0.0,"max_hp_loss":0.0,"gold_gain":150.0,"event_name":"Liars Game","player_choice":"AGREE","floor":8.0,"gold_loss":0.0,"damage_taken":0.0,"cards_obtained":["Doubt"]}],"is_beta":false,"boss_relics":[],"items_purged_floors":[4,11],"is_endless":false,"potions_floor_spawned":[1,12,13],"killed_by":"Hexaghost","ascension_level":20}