{"gold_per_floor":[369,385,385,404,74,74,107,107,107,107,126,157,170,170,170,265,265,285,285,285,33,46,77,101,138,221,265,289,301,331,353,365,481,493,521,20,20,120,0,0,0,0,49,49,49,66,91,103,103,103],"floor_reached":50,"playtime":6142,"items_purged":["Pain"],"score":669,"play_id":"9689cb1f-464f-46e5-bb4d-82215d2ff16d","local_time":"20190517130626","is_ascension_mode":true,"campfire_choices":[{"floor":6,"key":"REST"},{"floor":8,"key":"REST"},{"floor":15,"key":"REST"},{"floor":29,"key":"REST"},{"floor":32,"key":"REST"},{"data":"Apotheosis","floor":40,"key":"SMITH"},{"data":"Survivor","floor":42,"key":"SMITH"},{"data":"Neutralize","floor":44,"key":"SMITH"},{"data":"Defend_G","floor":45,"key":"SMITH"},{"floor":49,"key":"REST"}],"neow_cost":"CURSE","seed_source_timestamp":10436143738900,"circlet_count":0,"master_deck":["Defend_G","Defend_G","Defend_G","Defend_G","Defend_G+1","Strike_G","Strike_G","Strike_G","Strike_G","Survivor+1","Neutralize+1","Regret","Deadly Poison","Backflip","Choke","Caltrops","Flying Knee","Bane+1","Underhanded Strike+1","Dash+1","Flying Knee+1","Backstab+1","Night Terror","Noxious Fumes+1","Bane+1","Finisher+1","Infinite Blades","Catalyst","Corpse Explosion","Dodge and Roll+1","Apotheosis+1","Accuracy","Deadly Poison","Pain","Deflect+1","Bouncing Flask+1","Well Laid Plans+1"],"relics":["Ring of the Snake","WarpedTongs","PreservedInsect","Molten Egg 2","Ninja Scroll","Du-Vu Doll","Ice Cream","Black Star","Shuriken","Dream Catcher","MawBank","Blue Candle","Nunchaku","Pantograph","Pen Nib","Pear","Cursed Key","Meat on the Bone","WingedGreaves","Red Mask","Strawberry","Torii","Happy Flower"],"potions_floor_usage":[16,18,27,27,27,47,48],"damage_taken":[{"damage":9,"enemies":"Small Slimes","floor":1,"turns":5},{"damage":1,"enemies":"Cultist","floor":2,"turns":3},{"damage":4,"enemies":"2 Louse","floor":4,"turns":3},{"damage":44,"enemies":"Lagavulin","floor":7,"turns":6},{"damage":15,"enemies":"Gremlin Gang","floor":11,"turns":5},{"damage":16,"enemies":"Gremlin Nob","floor":12,"turns":3},{"damage":0,"enemies":"Looter","floor":13,"turns":1},{"damage":22,"enemies":"The Guardian","floor":16,"turns":8},{"damage":0,"enemies":"Shell Parasite","floor":18,"turns":1},{"damage":4,"enemies":"Chosen","floor":22,"turns":3},{"damage":0,"enemies":"Gremlin Leader","floor":23,"turns":3},{"damage":18,"enemies":"Snecko","floor":24,"turns":4},{"damage":20,"enemies":"Slavers","floor":25,"turns":4},{"damage":7,"enemies":"Book of Stabbing","floor":27,"turns":3},{"damage":26,"enemies":"Centurion and Healer","floor":28,"turns":4},{"damage":0,"enemies":"Snake Plant","floor":30,"turns":1},{"damage":0,"enemies":"Snecko","floor":31,"turns":3},{"damage":69,"enemies":"Collector","floor":33,"turns":6},{"damage":0,"enemies":"Orb Walker","floor":35,"turns":1},{"damage":0,"enemies":"Mind Bloom Boss Battle","floor":38,"turns":3},{"damage":44,"enemies":"3 Darklings","floor":46,"turns":5},{"damage":7,"enemies":"Giant Head","floor":47,"turns":6},{"damage":10,"enemies":"Writhing Mass","floor":48,"turns":5},{"damage":100,"enemies":"Time Eater","floor":50,"turns":9}],"seed_played":"237193927781918757","potions_obtained":[{"floor":7,"key":"SkillPotion"},{"floor":11,"key":"SteroidPotion"},{"floor":13,"key":"Fire Potion"},{"floor":20,"key":"GamblersBrew"},{"floor":20,"key":"SteroidPotion"},{"floor":22,"key":"Weak Potion"},{"floor":31,"key":"FairyPotion"},{"floor":35,"key":"Block Potion"},{"floor":46,"key":"FearPotion"}],"is_trial":false,"path_per_floor":["M","M","?","M","$","R","E","R","T","?","M","E","M","?","R","B",null,"M","?","?","$","M","E","M","E","T","E","M","R","M","M","R","B",null,"M","$","?","?","?","R","?","R","T","R","R","M","E","M","R","B"],"character_chosen":"THE_SILENT","items_purchased":["PreservedInsect","Caltrops","Flying Knee","Shuriken","Apotheosis","Meat on the Bone","Accuracy"],"campfire_rested":6,"item_purchase_floors":[5,5,5,21,36,36,36],"current_hp_per_floor":[61,60,60,56,56,70,26,47,47,47,32,16,16,9,30,8,70,70,70,70,70,66,66,48,28,28,31,5,29,29,29,53,9,80,80,80,76,76,76,76,76,76,83,83,83,51,44,46,70,0],"gold":103,"neow_bonus":"TWO_FIFTY_GOLD","is_prod":false,"is_daily":false,"chose_seed":false,"campfire_upgraded":4,"win_rate":0,"timestamp":1558123586,"path_taken":["M","M","?","?","$","R","E","R","T","?","M","E","?","?","R","BOSS","M","?","?","$","M","E","M","E","T","E","?","R","M","M","R","BOSS","M","$","?","?","?","R","?","R","T","R","R","?","E","?","R","BOSS"],"build_version":"2019-01-23","purchased_purges":1,"victory":false,"max_hp_per_floor":[70,70,70,70,70,70,70,70,70,70,70,70,70,70,70,70,70,70,70,70,70,70,70,70,70,70,80,80,80,80,80,80,80,80,80,80,76,76,76,76,76,76,83,83,83,83,83,83,83,83],"card_choices":[{"not_picked":["Acrobatics","Deflect"],"picked":"Deadly Poison","floor":1},{"not_picked":["Acrobatics","Cloak And Dagger"],"picked":"Backflip","floor":2},{"not_picked":["Outmaneuver","Eviscerate"],"picked":"Choke","floor":4},{"not_picked":["Flechettes","Concentrate"],"picked":"Bane","floor":7},{"not_picked":["Prepared","Cloak And Dagger"],"picked":"Flying Knee+1","floor":11},{"not_picked":["Deflect","Dodge and Roll","Heel Hook+1"],"picked":"SKIP","floor":12},{"not_picked":["Outmaneuver","Dodge and Roll"],"picked":"Backstab+1","floor":13},{"not_picked":["Unload+1","Doppelganger"],"picked":"Night Terror","floor":16},{"not_picked":["Poisoned Stab+1","Underhanded Strike+1"],"picked":"Noxious Fumes+1","floor":18},{"not_picked":["Dagger Spray+1","Flying Knee+1"],"picked":"Finisher+1","floor":22},{"not_picked":["Underhanded Strike+1","Poisoned Stab+1"],"picked":"Infinite Blades","floor":23},{"not_picked":["Masterful Stab+1","Sucker Punch+1","Bane+1"],"picked":"SKIP","floor":24},{"not_picked":["Quick Slash+1","Cloak And Dagger"],"picked":"Catalyst","floor":25},{"not_picked":["Infinite Blades","Bane+1","Phantasmal Killer"],"picked":"SKIP","floor":27},{"not_picked":["All Out Attack+1","Quick Slash+1","Dagger Throw+1"],"picked":"SKIP","floor":28},{"not_picked":["Finisher+1","Blade Dance+1","Deflect+1"],"picked":"SKIP","floor":30},{"not_picked":["Catalyst","Heel Hook+1","Bane+1"],"picked":"SKIP","floor":31},{"not_picked":["Night Terror","Unload+1"],"picked":"Corpse Explosion","floor":33},{"not_picked":["Dagger Spray+1","Outmaneuver+1"],"picked":"Dodge and Roll+1","floor":35},{"not_picked":["Distraction+1","Slice+1"],"picked":"Deflect+1","floor":46},{"not_picked":["Expertise+1","Venomology","Poisoned Stab+1"],"picked":"SKIP","floor":47},{"not_picked":["Slice+1","Backflip"],"picked":"Bouncing Flask+1","floor":48},{"not_picked":["Underhanded Strike+1","Accuracy"],"picked":"Well Laid Plans+1","floor":49}],"player_experience":513833,"relics_obtained":[{"floor":7,"key":"Molten Egg 2"},{"floor":9,"key":"Ninja Scroll"},{"floor":12,"key":"Du-Vu Doll"},{"floor":23,"key":"Dream Catcher"},{"floor":23,"key":"MawBank"},{"floor":25,"key":"Blue Candle"},{"floor":25,"key":"Nunchaku"},{"floor":26,"key":"Pantograph"},{"floor":27,"key":"Pen Nib"},{"floor":27,"key":"Pear"},{"floor":38,"key":"WingedGreaves"},{"floor":43,"key":"Strawberry"},{"floor":47,"key":"Torii"},{"floor":47,"key":"Happy Flower"}],"event_choices":[{"damage_healed":0,"gold_gain":0,"player_choice":"Rummage","damage_taken":0,"relics_obtained":["WarpedTongs"],"max_hp_gain":0,"max_hp_loss":0,"event_name":"Accursed Blacksmith","floor":3,"gold_loss":0,"cards_obtained":["Pain"]},{"damage_healed":0,"gold_gain":0,"player_choice":"2 cards matched","damage_taken":0,"max_hp_gain":0,"max_hp_loss":0,"event_name":"Match and Keep!","floor":10,"gold_loss":0,"cards_obtained":["Underhanded Strike","Dash"]},{"damage_healed":0,"gold_gain":0,"player_choice":"Success","damage_taken":7,"relics_obtained":["Ice Cream"],"max_hp_gain":0,"max_hp_loss":0,"event_name":"Scrap Ooze","floor":14,"gold_loss":0},{"damage_healed":0,"gold_gain":0,"player_choice":"Read","damage_taken":0,"max_hp_gain":0,"max_hp_loss":0,"event_name":"The Library","floor":19,"gold_loss":0,"cards_obtained":["Bane"]},{"damage_healed":0,"gold_gain":0,"player_choice":"Got Potions","damage_taken":0,"max_hp_gain":0,"max_hp_loss":0,"event_name":"Lab","floor":20,"gold_loss":0},{"damage_healed":0,"gold_gain":0,"player_choice":"Max HP","damage_taken":0,"max_hp_gain":0,"max_hp_loss":4,"event_name":"Winding Halls","floor":37,"gold_loss":0},{"damage_healed":0,"gold_gain":0,"player_choice":"Fight","damage_taken":0,"max_hp_gain":0,"max_hp_loss":0,"event_name":"MindBloom","floor":38,"gold_loss":0},{"damage_healed":0,"gold_gain":0,"player_choice":"Paid","damage_taken":0,"relics_obtained":["Red Mask"],"max_hp_gain":0,"max_hp_loss":0,"event_name":"Tomb of Lord Red Mask","floor":39,"gold_loss":120},{"damage_healed":0,"gold_gain":0,"cards_transformed":["Strike_G"],"player_choice":"Transformed","damage_taken":0,"max_hp_gain":0,"max_hp_loss":0,"event_name":"Transmorgrifier","floor":41,"gold_loss":0,"cards_obtained":["Deadly Poison"]}],"is_beta":false,"boss_relics":[{"not_picked":["Orrery","Coffee Dripper"],"picked":"Black Star"},{"not_picked":["HoveringKite","Fusion Hammer"],"picked":"Cursed Key"}],"items_purged_floors":[5],"is_endless":false,"potions_floor_spawned":[7,11,13,22,23,31,35,46],"killed_by":"Time Eater","ascension_level":2}