{"gold_per_floor":[118,293,293,178,191,191,217,217,243,259,277,312,312,323,323,418,418,433,444,461,137,157,157,173,173,173,173,193,193,193,227,227,325,325,342,357,376,41,60,60,78,110,110,44,44],"floor_reached":45,"playtime":2959,"items_purged":["Decay","Doubt"],"score":584,"play_id":"b04c44e1-0e97-4e4d-897e-dca5a3eb9705","local_time":"20190130090409","is_ascension_mode":true,"campfire_choices":[{"data":"Rip and Tear","floor":6.0,"key":"SMITH"},{"data":"Darkness","floor":8.0,"key":"SMITH"},{"floor":15.0,"key":"REST"},{"floor":23.0,"key":"REST"},{"floor":27.0,"key":"REST"},{"floor":30.0,"key":"REST"},{"floor":32.0,"key":"REST"},{"floor":40,"key":"REST"}],"neow_cost":"CURSE","seed_source_timestamp":0,"circlet_count":0,"master_deck":["Defend_B","Defend_B","Zap","Dualcast","Rip and Tear+1","Darkness+1","Static Discharge","FTL","Stack","Leap","Rebound","Conserve Battery","Core Surge","All For One","Conserve Battery","Go for the Eyes+1","Chill","Glacier","Stack+1","White Noise","Go for the Eyes","Melter","Meteor Strike","Meteor Strike+1","Steam+1","Multi-Cast+1","White Noise","Beam Cell+1","Apotheosis","Heatsinks","Capacitor+1","Aggregate+1","Go for the Eyes"],"special_seed":0,"relics":["Cracked Core","Pen Nib","DataDisk","Happy Flower","Art of War","Black Star","Lantern","Cables","Bag of Preparation","Vajra","StoneCalendar","Astrolabe","Potion Belt","Orichalcum","Sundial","MawBank"],"potions_floor_usage":[37,42,45,45],"damage_taken":[{"damage":2.0,"enemies":"Small Slimes","floor":1.0,"turns":2.0},{"damage":2.0,"enemies":"2 Louse","floor":5.0,"turns":2.0},{"damage":9.0,"enemies":"Jaw Worm","floor":10.0,"turns":3.0},{"damage":0.0,"enemies":"Exordium Wildlife","floor":11.0,"turns":4.0},{"damage":10.0,"enemies":"3 Sentries","floor":12.0,"turns":4.0},{"damage":9.0,"enemies":"3 Louse","floor":14.0,"turns":4.0},{"damage":26.0,"enemies":"The Guardian","floor":16.0,"turns":7.0},{"damage":14.0,"enemies":"Shell Parasite","floor":18.0,"turns":2.0},{"damage":2.0,"enemies":"Spheric Guardian","floor":19.0,"turns":3.0},{"damage":17.0,"enemies":"Snecko","floor":20.0,"turns":5.0},{"damage":14.0,"enemies":"Centurion and Healer","floor":22.0,"turns":8.0},{"damage":12.0,"enemies":"Cultist and Chosen","floor":24.0,"turns":4.0},{"damage":9.0,"enemies":"Sentry and Sphere","floor":28.0,"turns":6.0},{"damage":45.0,"enemies":"Gremlin Leader","floor":31.0,"turns":9.0},{"damage":36.0,"enemies":"Champ","floor":33.0,"turns":11.0},{"damage":6,"enemies":"Orb Walker","floor":35,"turns":2},{"damage":17,"enemies":"3 Darklings","floor":36,"turns":5},{"damage":8,"enemies":"Spire Growth","floor":37,"turns":4},{"damage":14,"enemies":"Transient","floor":39,"turns":5},{"damage":24,"enemies":"Jaw Worm Horde","floor":41,"turns":5},{"damage":4,"enemies":"Giant Head","floor":42,"turns":9},{"damage":28,"enemies":"Reptomancer","floor":45,"turns":3}],"seed_played":"5656447119587261796","potions_obtained":[{"floor":11.0,"key":"Explosive Potion"},{"floor":12.0,"key":"AttackPotion"},{"floor":13.0,"key":"EntropicBrew"},{"floor":13.0,"key":"Regen Potion"},{"floor":14.0,"key":"EntropicBrew"},{"floor":18.0,"key":"PowerPotion"},{"floor":20.0,"key":"Strength Potion"},{"floor":22.0,"key":"SteroidPotion"},{"floor":33.0,"key":"Ancient Potion"},{"floor":35,"key":"SpeedPotion"},{"floor":41,"key":"Poison Potion"},{"floor":42,"key":"Regen Potion"}],"is_trial":false,"path_per_floor":["M","?","?","$","M","R","T","R","T","M","M","E","?","M","R","B",null,"M","M","M","$","M","R","M","?","T","R","M","?","R","E","R","B",null,"M","M","M","$","M","R","M","E","T","$","E"],"character_chosen":"DEFECT","items_purchased":["FTL","Lantern","Glacier","Apotheosis","Potion Belt","Go for the Eyes","Swift Potion"],"campfire_rested":6,"item_purchase_floors":[4,21,21,38,38,44,44],"current_hp_per_floor":[73,73,70,70,68,68,68,68,68,59,59,49,49,52,74,48,68,54,52,35,35,21,43,31,31,31,53,44,44,66,21,43,7,58,52,35,27,27,13,35,11,7,7,7,0],"gold":44,"neow_bonus":"TRANSFORM_TWO_CARDS","is_prod":false,"is_daily":false,"chose_seed":false,"campfire_upgraded":2,"win_rate":0,"timestamp":1548799449,"path_taken":["M","?","?","$","M","R","?","R","T","M","?","E","?","M","R","BOSS","M","?","M","$","M","R","M","?","T","R","M","?","R","E","R","BOSS","M","M","?","$","M","R","M","E","T","$","E"],"build_version":"2019-01-23","purchased_purges":2,"victory":false,"max_hp_per_floor":[75,75,75,75,75,75,75,75,75,75,75,75,75,75,75,75,75,75,75,75,75,75,75,75,75,75,75,75,75,75,75,75,75,75,75,75,75,75,75,75,75,75,75,75,75],"card_choices":[{"not_picked":["Beam Cell","Recycle"],"picked":"Static Discharge","floor":1.0},{"not_picked":["Streamline","Force Field"],"picked":"Stack","floor":5.0},{"not_picked":["Steam","Redo"],"picked":"Leap","floor":10.0},{"not_picked":["Streamline","Recycle"],"picked":"Rebound","floor":11.0},{"not_picked":["FTL","Gash"],"picked":"Conserve Battery","floor":12.0},{"not_picked":["Barrage","Gash"],"picked":"Core Surge","floor":14.0},{"not_picked":["Rainbow","Buffer"],"picked":"All For One","floor":16.0},{"not_picked":["Turbo","Rebound"],"picked":"Conserve Battery","floor":18.0},{"not_picked":["Redo","Double Energy"],"picked":"Go for the Eyes+1","floor":19.0},{"not_picked":["Doom and Gloom+1","Steam+1"],"picked":"Chill","floor":20.0},{"not_picked":["Streamline","Fusion"],"picked":"Stack+1","floor":22.0},{"not_picked":["Streamline+1","Steam"],"picked":"White Noise","floor":24.0},{"not_picked":["Auto Shields","White Noise"],"picked":"Go for the Eyes","floor":28.0},{"not_picked":["Lockon","Streamline"],"picked":"Melter","floor":31.0},{"not_picked":["Rainbow","Seek"],"picked":"Meteor Strike","floor":33.0},{"not_picked":["Steam+1","Melter"],"picked":"White Noise","floor":35},{"not_picked":["Chaos","Chill+1"],"picked":"Beam Cell+1","floor":36},{"not_picked":["Skim+1","Steam Power","Streamline+1"],"picked":"SKIP","floor":37},{"not_picked":["Go for the Eyes","Stack"],"picked":"Heatsinks","floor":39},{"not_picked":["Steam+1","Reprogram"],"picked":"Capacitor+1","floor":41},{"not_picked":["Hyperbeam","Skim"],"picked":"Aggregate+1","floor":42}],"player_experience":575518,"relics_obtained":[{"floor":7.0,"key":"DataDisk"},{"floor":9.0,"key":"Happy Flower"},{"floor":12.0,"key":"Art of War"},{"floor":26.0,"key":"Cables"},{"floor":31.0,"key":"Vajra"},{"floor":31.0,"key":"StoneCalendar"},{"floor":42,"key":"Orichalcum"},{"floor":42,"key":"Sundial"},{"floor":43,"key":"MawBank"}],"event_choices":[{"damage_healed":0.0,"max_hp_gain":0.0,"max_hp_loss":0.0,"gold_gain":175.0,"event_name":"Liars Game","player_choice":"AGREE","floor":2.0,"gold_loss":0.0,"damage_taken":0.0,"cards_obtained":["Doubt"]},{"damage_healed":0.0,"max_hp_gain":0.0,"max_hp_loss":0.0,"gold_gain":0.0,"event_name":"Scrap Ooze","player_choice":"Success","floor":3.0,"gold_loss":0.0,"damage_taken":3.0,"relics_obtained":["Pen Nib"]},{"damage_healed":0.0,"max_hp_gain":0.0,"max_hp_loss":0.0,"gold_gain":0.0,"event_name":"Lab","player_choice":"Got Potions","floor":13.0,"gold_loss":0.0,"damage_taken":0.0},{"cards_removed":["Strike_B"],"damage_healed":0.0,"max_hp_gain":0.0,"max_hp_loss":0.0,"gold_gain":0.0,"event_name":"Back to Basics","player_choice":"Elegance","floor":25.0,"gold_loss":0.0,"damage_taken":0.0},{"damage_healed":0.0,"max_hp_gain":0.0,"max_hp_loss":0.0,"gold_gain":0.0,"event_name":"WeMeetAgain","player_choice":"Gave Potion","floor":29.0,"gold_loss":0.0,"damage_taken":0.0,"relics_obtained":["Bag of Preparation"]}],"is_beta":false,"boss_relics":[{"not_picked":["Runic Dome","Philosopher\u0027s Stone"],"picked":"Black Star"},{"not_picked":["Snecko Eye","Fusion Hammer"],"picked":"Astrolabe"}],"items_purged_floors":[4,21],"is_endless":false,"potions_floor_spawned":[11,12,14,18,20,22,33,35,41,42],"killed_by":"Reptomancer","ascension_level":5}