{"gold_per_floor":[117,117,137,137,152,182,182,31,84,10,37,49,64,64,64,163,163,183,98,98,179,198,198,233,233],"floor_reached":25,"playtime":1707,"items_purged":["Pain"],"score":240,"play_id":"217e3c27-ff18-4d62-898d-6e50f444c3ef","local_time":"20190502195557","is_ascension_mode":true,"campfire_choices":[{"floor":7,"key":"REST"},{"floor":15,"key":"REST"},{"data":"Barricade","floor":23,"key":"SMITH"}],"neow_cost":"TEN_PERCENT_HP_LOSS","seed_source_timestamp":1800565611992500,"circlet_count":0,"master_deck":["Strike_R+1","Strike_R+1","Strike_R+1","Defend_R+1","Defend_R+1","Defend_R+1","Bash","Hemokinesis+1","Whirlwind","Iron Wave","Pommel Strike","Thunderclap","Warcry","Headbutt","Barricade+1","Shrug It Off","Intimidate+1"],"relics":["Black Blood","WarpedTongs","Art of War","War Paint","Vajra","Darkstone Periapt","Mercury Hourglass","Sundial"],"potions_floor_usage":[16,18,24,24],"damage_taken":[{"damage":1,"enemies":"2 Louse","floor":1,"turns":3},{"damage":4,"enemies":"Cultist","floor":3,"turns":3},{"damage":13,"enemies":"Small Slimes","floor":5,"turns":3},{"damage":30,"enemies":"3 Sentries","floor":6,"turns":6},{"damage":23,"enemies":"Gremlin Nob","floor":11,"turns":4},{"damage":0,"enemies":"3 Louse","floor":12,"turns":1},{"damage":0,"enemies":"Blue Slaver","floor":13,"turns":3},{"damage":62,"enemies":"The Guardian","floor":16,"turns":13},{"damage":26,"enemies":"Spheric Guardian","floor":18,"turns":7},{"damage":16,"enemies":"Shell Parasite","floor":22,"turns":4},{"damage":41,"enemies":"Book of Stabbing","floor":24,"turns":8},{"damage":19,"enemies":"Snake Plant","floor":25,"turns":2}],"seed_played":"-5836460839948415827","potions_obtained":[{"floor":12,"key":"SpeedPotion"},{"floor":13,"key":"EssenceOfSteel"},{"floor":16,"key":"SpeedPotion"},{"floor":22,"key":"GamblersBrew"}],"is_trial":false,"path_per_floor":["M","?","M","?","M","E","R","$","T","$","E","M","M","?","R","B",null,"M","?","?","T","M","R","E","M"],"character_chosen":"IRONCLAD","items_purchased":["Iron Wave","Pommel Strike","Thunderclap","Warcry"],"campfire_rested":2,"item_purchase_floors":[8,8,10,10],"current_hp_per_floor":[72,65,67,67,60,36,57,57,57,57,40,46,52,52,72,16,72,56,56,56,56,50,50,19,0],"gold":233,"neow_bonus":"REMOVE_TWO","is_prod":false,"is_daily":false,"chose_seed":false,"campfire_upgraded":1,"win_rate":0,"timestamp":1556852157,"path_taken":["M","?","M","?","?","E","R","$","T","?","E","M","M","?","R","BOSS","M","?","?","?","M","R","E","M"],"build_version":"2019-01-23","purchased_purges":1,"victory":false,"max_hp_per_floor":[72,72,72,72,72,72,72,72,72,72,72,72,72,72,72,72,72,72,72,72,72,72,72,72,72],"card_choices":[{"not_picked":["Pommel Strike","Clothesline"],"picked":"Hemokinesis","floor":1},{"not_picked":["Clothesline","Metallicize"],"picked":"Whirlwind","floor":3},{"not_picked":["Anger","Thunderclap","True Grit"],"picked":"SKIP","floor":5},{"not_picked":["Clothesline","Clash","Cleave"],"picked":"SKIP","floor":6},{"not_picked":["Thunderclap","Cleave"],"picked":"Headbutt","floor":11},{"not_picked":["Clothesline","Cleave","Searing Blow"],"picked":"SKIP","floor":12},{"not_picked":["Havoc","Searing Blow","Corruption"],"picked":"SKIP","floor":13},{"not_picked":["Limit Break","Impervious"],"picked":"Barricade","floor":16},{"not_picked":["Evolve","Disarm"],"picked":"Shrug It Off","floor":18},{"not_picked":["Clothesline+1","Headbutt"],"picked":"Intimidate+1","floor":22},{"not_picked":["Combust","Wild Strike+1","Havoc"],"picked":"SKIP","floor":24}],"player_experience":436388,"relics_obtained":[{"floor":6,"key":"Art of War"},{"floor":9,"key":"War Paint"},{"floor":11,"key":"Vajra"},{"floor":21,"key":"Mercury Hourglass"},{"floor":24,"key":"Sundial"}],"event_choices":[{"cards_removed":["Strike_R"],"damage_healed":0,"gold_gain":0,"player_choice":"Card Removal","damage_taken":7,"max_hp_gain":0,"max_hp_loss":0,"event_name":"Golden Wing","floor":2,"gold_loss":0},{"damage_healed":0,"gold_gain":0,"player_choice":"Rummage","damage_taken":0,"relics_obtained":["WarpedTongs"],"max_hp_gain":0,"max_hp_loss":0,"event_name":"Accursed Blacksmith","floor":4,"gold_loss":0,"cards_obtained":["Pain"]},{"damage_healed":0,"gold_gain":0,"player_choice":"Grow","damage_taken":0,"max_hp_gain":0,"max_hp_loss":0,"event_name":"Living Wall","floor":14,"gold_loss":0,"cards_upgraded":["Hemokinesis"]},{"damage_healed":0,"gold_gain":0,"player_choice":"Obtained Relic","damage_taken":0,"relics_obtained":["Darkstone Periapt"],"max_hp_gain":0,"max_hp_loss":0,"event_name":"Addict","floor":19,"gold_loss":85},{"damage_healed":0,"gold_gain":0,"player_choice":"Simplicity","damage_taken":0,"max_hp_gain":0,"max_hp_loss":0,"event_name":"Back to Basics","floor":20,"gold_loss":0,"cards_upgraded":["Strike_R","Strike_R","Strike_R","Defend_R"]}],"is_beta":false,"boss_relics":[{"not_picked":["Velvet Choker","Fusion Hammer"],"picked":"Black Blood"}],"items_purged_floors":[8],"is_endless":false,"potions_floor_spawned":[12,13,16,22],"killed_by":"Snake Plant","ascension_level":1}