{"gold_per_floor":[113,129,129,129,129,129,158,158,207,236,161,174,0,16,16,119,119,131,131,157,175,175,207,207,217,217,231,106,119,119,139,139,139],"floor_reached":33,"playtime":1672,"items_purged":["Strike_R","Defend_R","Strike_R"],"score":278,"play_id":"b430db22-ea67-460d-9f2d-03e73154c280","local_time":"20181212143638","is_ascension_mode":true,"campfire_choices":[{"floor":6,"key":"RECALL"},{"floor":8,"key":"REST"},{"floor":15,"key":"REST"},{"floor":24,"key":"REST"},{"floor":32,"key":"REST"}],"neow_cost":"NONE","seed_source_timestamp":1600777407634715,"circlet_count":0,"master_deck":["Strike_R","Strike_R","Defend_R","Defend_R","Defend_R","Bash","Rupture","Anger","True Grit","Pommel Strike","Inflame","Headbutt","Immolate","Uppercut+1","Decay","Flex+1","Heavy Blade","Flame Barrier","Dual Wield"],"relics":["Burning Blood","Ancient Tea Set","Boot","Odd Mushroom","Busted Crown","Enchiridion","Red Mask","Singing Bowl","Red Skull"],"potions_floor_usage":[10,16,20,25,29,31,33,33],"damage_taken":[{"damage":3,"enemies":"2 Louse","floor":1,"turns":4},{"damage":3,"enemies":"Small Slimes","floor":2,"turns":4},{"damage":58,"enemies":"Lagavulin","floor":7,"turns":8},{"damage":17,"enemies":"The Mushroom Lair","floor":10,"turns":4},{"damage":18,"enemies":"Jaw Worm","floor":12,"turns":4},{"damage":6,"enemies":"Exordium Wildlife","floor":14,"turns":4},{"damage":39,"enemies":"Slime Boss","floor":16,"turns":6},{"damage":25,"enemies":"Spheric Guardian","floor":18,"turns":4},{"damage":5,"enemies":"Masked Bandits","floor":20,"turns":3},{"damage":0,"enemies":"3 Byrds","floor":21,"turns":2},{"damage":40,"enemies":"Slavers","floor":23,"turns":5},{"damage":8,"enemies":"Cultist and Chosen","floor":25,"turns":5},{"damage":17,"enemies":"Centurion and Healer","floor":27,"turns":4},{"damage":8,"enemies":"Snake Plant","floor":29,"turns":2},{"damage":0,"enemies":"Snecko","floor":31,"turns":2},{"damage":81,"enemies":"Automaton","floor":33,"turns":6}],"seed_played":"-3243972668073277314","potions_obtained":[{"floor":1,"key":"Strength Potion"},{"floor":7,"key":"Explosive Potion"},{"floor":14,"key":"EssenceOfSteel"},{"floor":21,"key":"GamblersBrew"},{"floor":23,"key":"Energy Potion"},{"floor":25,"key":"LiquidBronze"},{"floor":29,"key":"Energy Potion"},{"floor":31,"key":"SpeedPotion"}],"is_trial":false,"path_per_floor":["M","M","?","?","?","R","E","R","T","?","$","M","$","M","R","B",null,"M","?","?","M","?","E","R","M","T","M","$","M","T","M","R","B"],"character_chosen":"IRONCLAD","items_purchased":["Inflame"],"campfire_rested":4,"item_purchase_floors":[13],"current_hp_per_floor":[88,88,81,81,81,81,29,55,55,44,44,32,32,32,58,25,88,69,53,54,60,60,26,52,52,52,41,41,39,39,45,72,0],"gold":139,"neow_bonus":"TEN_PERCENT_HP_BONUS","is_prod":false,"is_daily":false,"chose_seed":false,"campfire_upgraded":0,"win_rate":0,"timestamp":1544585798,"path_taken":["M","M","?","?","?","R","E","R","T","?","$","M","$","M","R","BOSS","M","?","?","M","?","E","R","M","T","?","$","M","?","M","R","BOSS"],"build_version":"2018-12-06","purchased_purges":3,"victory":false,"max_hp_per_floor":[88,88,88,88,88,88,88,88,88,88,88,88,88,88,88,88,88,88,88,88,88,88,88,88,90,90,90,90,90,90,90,90,90],"card_choices":[{"not_picked":["Infernal Blade","Seeing Red"],"picked":"Rupture","floor":1},{"not_picked":["Havoc","Sword Boomerang"],"picked":"Anger","floor":2},{"not_picked":["Sword Boomerang","Wild Strike"],"picked":"True Grit","floor":7},{"not_picked":["Twin Strike","Wild Strike"],"picked":"Pommel Strike","floor":10},{"not_picked":["Iron Wave","Flex","Combust"],"picked":"SKIP","floor":12},{"not_picked":["Clash","Disarm"],"picked":"Headbutt","floor":14},{"not_picked":["Bludgeon","Offering"],"picked":"Immolate","floor":16},{"not_picked":["Headbutt+1"],"picked":"SKIP","floor":18},{"not_picked":[],"picked":"Uppercut+1","floor":20},{"not_picked":["Sword Boomerang"],"picked":"SKIP","floor":21},{"not_picked":[],"picked":"Flex+1","floor":23},{"not_picked":["Reckless Charge"],"picked":"Singing Bowl","floor":25},{"not_picked":[],"picked":"Heavy Blade","floor":27},{"not_picked":[],"picked":"Flame Barrier","floor":29},{"not_picked":[],"picked":"Dual Wield","floor":31}],"player_experience":209193,"relics_obtained":[{"floor":7,"key":"Ancient Tea Set"},{"floor":9,"key":"Boot"},{"floor":10,"key":"Odd Mushroom"},{"floor":19,"key":"Enchiridion"},{"floor":20,"key":"Red Mask"},{"floor":23,"key":"Singing Bowl"},{"floor":26,"key":"Red Skull"}],"event_choices":[{"cards_removed":["Strike_R"],"damage_healed":0,"gold_gain":0,"player_choice":"Card Removal","damage_taken":7,"max_hp_gain":0,"max_hp_loss":0,"event_name":"Golden Wing","floor":3,"gold_loss":0},{"damage_healed":0,"gold_gain":0,"player_choice":"Ignored","damage_taken":0,"max_hp_gain":0,"max_hp_loss":0,"event_name":"Liars Game","floor":4,"gold_loss":0},{"damage_healed":0,"gold_gain":0,"player_choice":"Ignored","damage_taken":0,"max_hp_gain":0,"max_hp_loss":0,"event_name":"Shining Light","floor":5,"gold_loss":0},{"damage_healed":0,"gold_gain":0,"player_choice":"Fought Mushrooms","damage_taken":0,"max_hp_gain":0,"max_hp_loss":0,"event_name":"Mushrooms","floor":10,"gold_loss":0},{"damage_healed":0,"gold_gain":0,"player_choice":"Obtained Book","damage_taken":16,"max_hp_gain":0,"max_hp_loss":0,"event_name":"Cursed Tome","floor":19,"gold_loss":0},{"damage_healed":0,"gold_gain":0,"player_choice":"Fought Bandits","damage_taken":0,"max_hp_gain":0,"max_hp_loss":0,"event_name":"Masked Bandits","floor":20,"gold_loss":0},{"damage_healed":0,"gold_gain":0,"player_choice":"Cursed","damage_taken":0,"max_hp_gain":0,"max_hp_loss":0,"event_name":"Wheel of Change","floor":22,"gold_loss":0,"cards_obtained":["Decay"]}],"is_beta":false,"boss_relics":[{"not_picked":["White Beast Statue","Coffee Dripper"],"picked":"Busted Crown"}],"items_purged_floors":[11,13,28],"is_endless":false,"potions_floor_spawned":[1,7,14,21,23,25,29,31],"killed_by":"Automaton","ascension_level":1}