{"gold_per_floor":[110,60,79,79,10,45,45,61,87,110,110,150,113,188,188,318,318,342,342,27,27,57,57,57,57],"floor_reached":25,"playtime":901,"items_purged":[],"score":265,"play_id":"e2d2c826-038e-4f02-babf-162d1ba59d8f","local_time":"20190123182736","is_ascension_mode":true,"campfire_choices":[{"floor":11,"key":"REST"},{"floor":15,"key":"REST"},{"floor":23,"key":"REST"}],"neow_cost":"NONE","seed_source_timestamp":121563255811131,"circlet_count":0,"master_deck":["Strike_B","Strike_B","Strike_B","Defend_B","Defend_B","Defend_B","Defend_B","Zap","Dualcast","Coolheaded","Turbo","Conserve Battery","Sweeping Beam","Conserve Battery","White Noise","Self Repair+1","Biased Cognition+1","Reprogram+1","Necronomicurse","Ball Lightning","Shame"],"relics":["Cracked Core","NeowsBlessing","Golden Idol","Happy Flower","Pen Nib","Vajra","Frozen Egg 2","Nuclear Battery","Necronomicon","Lantern","Juzu Bracelet","Tiny Chest","Letter Opener"],"potions_floor_usage":[10,18],"damage_taken":[{"damage":0,"enemies":"Small Slimes","floor":1,"turns":1},{"damage":0,"enemies":"2 Louse","floor":3,"turns":1},{"damage":0,"enemies":"Gremlin Nob","floor":6,"turns":1},{"damage":2,"enemies":"Cultist","floor":8,"turns":4},{"damage":6,"enemies":"Blue Slaver","floor":10,"turns":2},{"damage":24,"enemies":"Lagavulin","floor":12,"turns":9},{"damage":39,"enemies":"The Guardian","floor":16,"turns":15},{"damage":19,"enemies":"3 Byrds","floor":18,"turns":3},{"damage":40,"enemies":"Colosseum Slavers","floor":21,"turns":4},{"damage":49,"enemies":"Slavers","floor":25,"turns":3}],"seed_played":"1784770464903162864","potions_obtained":[{"floor":8,"key":"Energy Potion"},{"floor":10,"key":"FearPotion"},{"floor":12,"key":"GamblersBrew"},{"floor":16,"key":"Poison Potion"}],"is_trial":false,"path_per_floor":["M","?","M","?","?","E","$","M","T","M","R","E","$","?","R","B",null,"M","?","$","?","?","R","?","E"],"character_chosen":"DEFECT","items_purchased":["Self Repair+1","Lantern","Ball Lightning","Juzu Bracelet"],"campfire_rested":3,"item_purchase_floors":[13,20,20,20],"current_hp_per_floor":[75,75,75,57,57,57,57,55,55,49,71,47,47,36,58,29,75,66,50,50,20,20,42,42,0],"gold":57,"neow_bonus":"THREE_ENEMY_KILL","is_prod":false,"is_daily":false,"chose_seed":false,"campfire_upgraded":0,"win_rate":0,"timestamp":1548228456,"path_taken":["M","?","M","?","?","E","$","M","T","?","R","E","$","?","R","BOSS","M","?","$","?","?","R","?","E"],"build_version":"2019-01-17v2","purchased_purges":0,"victory":false,"max_hp_per_floor":[75,75,75,75,75,75,75,75,75,75,75,75,75,75,75,75,75,75,75,75,75,75,75,75,75],"card_choices":[{"not_picked":["Beam Cell","Rip and Tear"],"picked":"Coolheaded","floor":1},{"not_picked":["Darkness","Rebound"],"picked":"Turbo","floor":3},{"not_picked":["Rebound","Sweeping Beam"],"picked":"Conserve Battery","floor":6},{"not_picked":["Aggregate","Amplify"],"picked":"Sweeping Beam","floor":8},{"not_picked":["Sweeping Beam","Gash"],"picked":"Conserve Battery","floor":10},{"not_picked":["Doom and Gloom","Ball Lightning"],"picked":"White Noise","floor":12},{"not_picked":["Core Surge","Multi-Cast"],"picked":"Biased Cognition+1","floor":16},{"not_picked":["Turbo","Steam Power+1"],"picked":"Reprogram+1","floor":18}],"player_experience":536860,"relics_obtained":[{"floor":6,"key":"Pen Nib"},{"floor":9,"key":"Vajra"},{"floor":12,"key":"Frozen Egg 2"},{"floor":19,"key":"Necronomicon"}],"event_choices":[{"cards_removed":["Strike_B"],"damage_healed":0,"gold_gain":0,"player_choice":"Card Removal","damage_taken":0,"max_hp_gain":0,"max_hp_loss":0,"event_name":"The Cleric","floor":2,"gold_loss":50},{"damage_healed":0,"gold_gain":0,"player_choice":"Take Damage","damage_taken":18,"relics_obtained":["Golden Idol"],"max_hp_gain":0,"max_hp_loss":0,"event_name":"Golden Idol","floor":4,"gold_loss":0},{"damage_healed":0,"gold_gain":0,"player_choice":"Paid Gold","damage_taken":0,"relics_obtained":["Happy Flower"],"max_hp_gain":0,"max_hp_loss":0,"event_name":"WeMeetAgain","floor":5,"gold_loss":69},{"damage_healed":0,"gold_gain":75,"player_choice":"Gather Gold","damage_taken":11,"max_hp_gain":0,"max_hp_loss":0,"event_name":"World of Goop","floor":14,"gold_loss":0},{"damage_healed":0,"gold_gain":0,"player_choice":"Obtained Book","damage_taken":16,"max_hp_gain":0,"max_hp_loss":0,"event_name":"Cursed Tome","floor":19,"gold_loss":0},{"damage_healed":0,"gold_gain":0,"player_choice":"Fight","damage_taken":0,"max_hp_gain":0,"max_hp_loss":0,"event_name":"Colosseum","floor":21,"gold_loss":0},{"damage_healed":0,"gold_gain":0,"player_choice":"Fled From Nobs","damage_taken":0,"max_hp_gain":0,"max_hp_loss":0,"event_name":"Colosseum","floor":21,"gold_loss":0},{"damage_healed":0,"gold_gain":0,"player_choice":"Opened","damage_taken":0,"relics_obtained":["Tiny Chest"],"max_hp_gain":0,"max_hp_loss":0,"event_name":"The Mausoleum","floor":22,"gold_loss":0},{"damage_healed":0,"gold_gain":0,"player_choice":"Stole Relic","damage_taken":0,"relics_obtained":["Letter Opener"],"max_hp_gain":0,"max_hp_loss":0,"event_name":"Addict","floor":24,"gold_loss":0,"cards_obtained":["Shame"]}],"is_beta":false,"boss_relics":[{"not_picked":["Cursed Key","Fusion Hammer"],"picked":"Nuclear Battery"}],"items_purged_floors":[],"is_endless":false,"potions_floor_spawned":[8,10,12,16,21],"killed_by":"Slavers","ascension_level":3}