{"gold_per_floor":[109,109,109,123,137,172,172,189,189,221,241,10,10,30,30,127,127,93,104,104,19,19,47,6,6,6,36,36,47,47,63,63,63],"floor_reached":33,"playtime":2222,"items_purged":["Strike_R"],"score":310,"play_id":"ebad0486-18a6-4837-8f2b-bae063cfeccc","local_time":"20181217172105","is_ascension_mode":true,"campfire_choices":[{"floor":7,"key":"REST"},{"floor":15,"key":"REST"},{"floor":25,"key":"REST"},{"floor":28,"key":"REST"},{"floor":32,"key":"REST"}],"neow_cost":"NONE","seed_source_timestamp":1885183086584602,"circlet_count":0,"master_deck":["Strike_R","Strike_R","Strike_R","Defend_R","Defend_R","Defend_R","Defend_R","Bash","True Grit","Body Slam","Pommel Strike","Limit Break","Infernal Blade","Body Slam","Power Through","Juggernaut","Burning Pact+1","RitualDagger","True Grit+1","Blood for Blood","Juggernaut","Body Slam","Battle Trance","Armaments"],"relics":["Burning Blood","Anchor","Oddly Smooth Stone","Kunai","Self Forming Clay","Bag of Preparation","Membership Card","Black Star","Happy Flower","Potion Belt","Lantern","Ornamental Fan","Gremlin Horn","Omamori","Dream Catcher"],"potions_floor_usage":[11,16,18,23,27,31,33],"damage_taken":[{"damage":2,"enemies":"Jaw Worm","floor":1,"turns":4},{"damage":1,"enemies":"Cultist","floor":4,"turns":5},{"damage":0,"enemies":"2 Louse","floor":5,"turns":2},{"damage":63,"enemies":"Lagavulin","floor":6,"turns":11},{"damage":4,"enemies":"Looter","floor":8,"turns":4},{"damage":19,"enemies":"3 Sentries","floor":10,"turns":9},{"damage":2,"enemies":"Blue Slaver","floor":11,"turns":3},{"damage":4,"enemies":"Large Slime","floor":14,"turns":5},{"damage":29,"enemies":"Slime Boss","floor":16,"turns":11},{"damage":24,"enemies":"2 Thieves","floor":18,"turns":5},{"damage":5,"enemies":"Spheric Guardian","floor":19,"turns":4},{"damage":32,"enemies":"Slavers","floor":23,"turns":8},{"damage":29,"enemies":"Book of Stabbing","floor":27,"turns":7},{"damage":18,"enemies":"Snake Plant","floor":29,"turns":4},{"damage":8,"enemies":"Centurion and Healer","floor":31,"turns":7},{"damage":70,"enemies":"Champ","floor":33,"turns":10}],"seed_played":"-2320068945251515955","potions_obtained":[{"floor":6,"key":"EssenceOfSteel"},{"floor":10,"key":"Ancient Potion"},{"floor":14,"key":"LiquidBronze"},{"floor":18,"key":"Weak Potion"},{"floor":27,"key":"Poison Potion"},{"floor":29,"key":"AttackPotion"}],"is_trial":false,"path_per_floor":["M","?","?","M","M","E","R","M","T","E","M","$","T","M","R","B",null,"M","M","?","?","T","E","$","R","T","E","R","M","?","M","R","B"],"character_chosen":"IRONCLAD","items_purchased":["Membership Card","Dexterity Potion","Blood for Blood"],"campfire_rested":5,"item_purchase_floors":[12,24,24],"current_hp_per_floor":[80,62,62,67,73,16,40,42,42,29,33,33,33,35,59,36,80,62,63,57,57,57,31,31,55,55,32,56,44,44,42,66,0],"gold":63,"neow_bonus":"RANDOM_COMMON_RELIC","is_prod":false,"is_daily":false,"chose_seed":false,"campfire_upgraded":0,"win_rate":0,"timestamp":1545027665,"path_taken":["M","?","?","M","M","E","R","M","T","E","?","?","?","M","R","BOSS","M","M","?","?","?","E","?","R","T","E","R","M","?","M","R","BOSS"],"build_version":"2018-12-13","purchased_purges":1,"victory":false,"max_hp_per_floor":[80,80,80,80,80,80,80,80,80,80,80,80,80,80,80,80,80,80,80,80,80,80,80,80,80,80,80,80,80,80,80,80,80],"card_choices":[{"not_picked":["Flex","Warcry"],"picked":"True Grit","floor":1},{"not_picked":["Blood for Blood","Inflame"],"picked":"Body Slam","floor":4},{"not_picked":["Headbutt","Reaper"],"picked":"Pommel Strike","floor":5},{"not_picked":["Spot Weakness","Body Slam"],"picked":"Limit Break","floor":6},{"not_picked":["Thunderclap","Dropkick"],"picked":"Infernal Blade","floor":8},{"not_picked":["Clash","Sword Boomerang"],"picked":"Body Slam","floor":10},{"not_picked":["Twin Strike","Searing Blow","Rupture"],"picked":"SKIP","floor":11},{"not_picked":["Body Slam","Rupture"],"picked":"Power Through","floor":14},{"not_picked":["Brutality","Demon Form"],"picked":"Juggernaut","floor":16},{"not_picked":["Twin Strike","Power Through"],"picked":"Burning Pact+1","floor":18},{"not_picked":["Wild Strike","Dropkick","Havoc"],"picked":"SKIP","floor":19},{"not_picked":["Clash+1","Searing Blow"],"picked":"True Grit+1","floor":23},{"not_picked":["Rupture","Havoc"],"picked":"Juggernaut","floor":27},{"not_picked":["Uppercut","Flex+1"],"picked":"Body Slam","floor":28},{"not_picked":["Rupture","Perfected Strike"],"picked":"Battle Trance","floor":29},{"not_picked":["Uppercut","Sword Boomerang+1"],"picked":"Armaments","floor":31}],"player_experience":265859,"relics_obtained":[{"floor":6,"key":"Kunai"},{"floor":9,"key":"Self Forming Clay"},{"floor":10,"key":"Bag of Preparation"},{"floor":22,"key":"Potion Belt"},{"floor":23,"key":"Lantern"},{"floor":23,"key":"Ornamental Fan"},{"floor":26,"key":"Gremlin Horn"},{"floor":27,"key":"Omamori"},{"floor":27,"key":"Dream Catcher"}],"event_choices":[{"damage_healed":0,"gold_gain":0,"player_choice":"Success","damage_taken":18,"relics_obtained":["Oddly Smooth Stone"],"max_hp_gain":0,"max_hp_loss":0,"event_name":"Scrap Ooze","floor":2,"gold_loss":0},{"cards_removed":["Strike_R"],"damage_healed":0,"gold_gain":0,"player_choice":"Offered Basic","damage_taken":0,"max_hp_gain":0,"max_hp_loss":0,"event_name":"Bonfire Elementals","floor":3,"gold_loss":0},{"damage_healed":0,"gold_gain":0,"player_choice":"Joined the Cult","damage_taken":6,"max_hp_gain":0,"max_hp_loss":0,"event_name":"Nest","floor":20,"gold_loss":0,"cards_obtained":["RitualDagger"]},{"damage_healed":0,"gold_gain":0,"player_choice":"Obtained Relic","damage_taken":0,"relics_obtained":["Happy Flower"],"max_hp_gain":0,"max_hp_loss":0,"event_name":"Addict","floor":21,"gold_loss":85},{"damage_healed":0,"gold_gain":0,"player_choice":"Ignored","damage_taken":0,"max_hp_gain":0,"max_hp_loss":0,"event_name":"Vampires","floor":30,"gold_loss":0}],"is_beta":false,"boss_relics":[{"not_picked":["Philosopher\u0027s Stone","Calling Bell"],"picked":"Black Star"}],"items_purged_floors":[12],"is_endless":false,"potions_floor_spawned":[6,10,14,18,27,29],"killed_by":"Champ","ascension_level":1}