{"gold_per_floor":[112,112,128,128,141,206,206,222,247,267,291,307,21,21,21,21],"floor_reached":16,"playtime":3003,"items_purged":[],"score":107,"play_id":"c4a95775-b21c-4a9a-8348-b658d1c19a05","local_time":"20190315113816","is_ascension_mode":true,"campfire_choices":[{"floor":7.0,"key":"REST"},{"floor":15,"key":"REST"}],"neow_cost":"TEN_PERCENT_HP_LOSS","seed_source_timestamp":0,"circlet_count":0,"master_deck":["Strike_B","Strike_B","Strike_B","Strike_B","Defend_B","Defend_B","Defend_B","Defend_B","Zap","Dualcast","Creative AI+1","Streamline+1","Steam","Go for the Eyes","Reprogram","White Noise","Thunder Strike","Writhe"],"special_seed":0,"relics":["Cracked Core","Tiny Chest","Odd Mushroom","Unceasing Top"],"potions_floor_usage":[12,16],"damage_taken":[{"damage":1.0,"enemies":"Jaw Worm","floor":1.0,"turns":4.0},{"damage":13.0,"enemies":"Cultist","floor":3.0,"turns":5.0},{"damage":0.0,"enemies":"Small Slimes","floor":5.0,"turns":2.0},{"damage":19.0,"enemies":"Gremlin Nob","floor":6.0,"turns":4.0},{"damage":7.0,"enemies":"Looter","floor":8.0,"turns":3.0},{"damage":8.0,"enemies":"Lots of Slimes","floor":10.0,"turns":5.0},{"damage":25.0,"enemies":"The Mushroom Lair","floor":11.0,"turns":5.0},{"damage":0,"enemies":"Blue Slaver","floor":12,"turns":4},{"damage":39,"enemies":"The Guardian","floor":16,"turns":8}],"seed_played":"-6548381618090632280","potions_obtained":[{"floor":3.0,"key":"EssenceOfSteel"},{"floor":6.0,"key":"Block Potion"},{"floor":11,"key":"EssenceOfSteel"},{"floor":12,"key":"SkillPotion"}],"is_trial":false,"path_per_floor":["M","?","M","?","M","E","R","M","T","M","?","M","$","?","R","B"],"character_chosen":"DEFECT","items_purchased":["Unceasing Top"],"campfire_rested":2,"item_purchase_floors":[13],"current_hp_per_floor":[67,67,54,54,54,35,55,48,48,40,15,15,15,15,35,0],"gold":21,"neow_bonus":"THREE_RARE_CARDS","is_prod":false,"is_daily":false,"chose_seed":false,"campfire_upgraded":0,"win_rate":0,"timestamp":1552675096,"path_taken":["M","?","?","?","M","E","R","M","T","M","?","M","$","?","R","BOSS"],"build_version":"2019-01-23","purchased_purges":0,"victory":false,"max_hp_per_floor":[68,68,68,68,68,68,68,68,68,68,68,68,68,68,68,68],"card_choices":[{"not_picked":["Thunder Strike","Buffer"],"picked":"Creative AI","floor":0.0},{"not_picked":["Barrage","Cold Snap"],"picked":"Streamline","floor":1.0},{"not_picked":["Reinforced Body","Hologram"],"picked":"Steam","floor":3.0},{"not_picked":["Ball Lightning","Sweeping Beam","Conserve Battery"],"picked":"SKIP","floor":5.0},{"not_picked":["Redo","Streamline"],"picked":"Go for the Eyes","floor":6.0},{"not_picked":["Doom and Gloom","Stack","Storm"],"picked":"SKIP","floor":8.0},{"not_picked":["Beam Cell","Turbo"],"picked":"Reprogram","floor":10.0},{"not_picked":["Reprogram","Force Field"],"picked":"White Noise","floor":12}],"player_experience":290770,"relics_obtained":[{"floor":6.0,"key":"Tiny Chest"},{"floor":11,"key":"Odd Mushroom"}],"event_choices":[{"damage_healed":0.0,"max_hp_gain":0.0,"max_hp_loss":0.0,"gold_gain":0.0,"event_name":"Upgrade Shrine","player_choice":"Upgraded","floor":2.0,"gold_loss":0.0,"damage_taken":0.0,"cards_upgraded":["Creative AI"]},{"damage_healed":0.0,"max_hp_gain":0.0,"max_hp_loss":0.0,"gold_gain":0.0,"event_name":"Living Wall","player_choice":"Grow","floor":4.0,"gold_loss":0.0,"damage_taken":0.0,"cards_upgraded":["Streamline"]},{"damage_healed":0.0,"max_hp_gain":0.0,"max_hp_loss":0.0,"gold_gain":0.0,"event_name":"Mushrooms","player_choice":"Fought Mushrooms","floor":11.0,"gold_loss":0.0,"damage_taken":0.0},{"damage_healed":0,"gold_gain":0,"player_choice":"2 cards matched","damage_taken":0,"max_hp_gain":0,"max_hp_loss":0,"event_name":"Match and Keep!","floor":14,"gold_loss":0,"cards_obtained":["Thunder Strike","Writhe"]}],"is_beta":false,"boss_relics":[],"items_purged_floors":[],"is_endless":false,"potions_floor_spawned":[3,6,11,12],"killed_by":"The Guardian","ascension_level":1}