{"gold_per_floor":[13,13,13,13,25,25,37,37,37,56,71,71],"floor_reached":12,"playtime":443,"items_purged":[],"score":133,"play_id":"06501f74-b8fb-4ab5-9136-df7094a75170","local_time":"20190307000705","is_ascension_mode":true,"campfire_choices":[{"floor":6,"key":"REST"}],"neow_cost":"NO_GOLD","seed_source_timestamp":65190217295840,"circlet_count":0,"master_deck":["AscendersBane","Strike_R","Strike_R","Strike_R","Strike_R","Defend_R","Defend_R","Defend_R","Defend_R","Bash","Enlightenment","Secret Technique","Flame Barrier","Iron Wave","Feel No Pain","Flame Barrier","Battle Trance"],"relics":["Burning Blood","Pear"],"potions_floor_usage":[12],"damage_taken":[{"damage":17,"enemies":"Small Slimes","floor":1,"turns":5},{"damage":19,"enemies":"Jaw Worm","floor":5,"turns":5},{"damage":6,"enemies":"Cultist","floor":7,"turns":4},{"damage":9,"enemies":"2 Fungi Beasts","floor":10,"turns":4},{"damage":4,"enemies":"Blue Slaver","floor":11,"turns":6},{"damage":80,"enemies":"Lagavulin","floor":12,"turns":13}],"seed_played":"8425752021704184555","potions_obtained":[{"floor":7,"key":"Dexterity Potion"},{"floor":11,"key":"Weak Potion"}],"is_trial":false,"path_per_floor":["M","?","$","?","M","R","M","$","T","M","M","E"],"character_chosen":"IRONCLAD","items_purchased":[],"campfire_rested":1,"item_purchase_floors":[],"current_hp_per_floor":[57,57,57,57,44,66,66,66,76,73,75,0],"gold":71,"neow_bonus":"RANDOM_COLORLESS_2","is_prod":false,"is_daily":false,"chose_seed":false,"campfire_upgraded":0,"win_rate":0,"timestamp":1551877625,"path_taken":["M","?","$","?","M","R","M","$","T","M","M","E"],"build_version":"2019-01-23","purchased_purges":0,"victory":false,"max_hp_per_floor":[75,75,75,75,75,75,75,75,85,85,85,85],"card_choices":[{"not_picked":["Shrug It Off","Headbutt"],"picked":"Flame Barrier","floor":1},{"not_picked":["Power Through","Warcry"],"picked":"Iron Wave","floor":5},{"not_picked":["Blood for Blood","Pommel Strike"],"picked":"Feel No Pain","floor":7},{"not_picked":["Burning Pact","Clothesline"],"picked":"Flame Barrier","floor":10},{"not_picked":["Dropkick","Perfected Strike"],"picked":"Battle Trance","floor":11}],"player_experience":819347,"relics_obtained":[{"floor":9,"key":"Pear"}],"event_choices":[{"damage_healed":0,"gold_gain":0,"player_choice":"Leave","damage_taken":0,"max_hp_gain":0,"max_hp_loss":0,"event_name":"The Cleric","floor":2,"gold_loss":0},{"cards_removed":["Strike_R"],"damage_healed":0,"gold_gain":0,"player_choice":"Purged","damage_taken":0,"max_hp_gain":0,"max_hp_loss":0,"event_name":"Purifier","floor":4,"gold_loss":0}],"is_beta":false,"boss_relics":[],"items_purged_floors":[],"is_endless":false,"potions_floor_spawned":[7,11],"killed_by":"Lagavulin","ascension_level":18}