{"gold_per_floor":[110,125,125,50,50,50,82,101,101,112,112,112,137,153,153,226,226,241,256,35,35,53,53,78,113,139,139,139,167,181,206,206,278,328,338,238,255,43,43,43,143,160,160,170,182,182,182,217,217,217,217,217,217,9,35,35],"floor_reached":57,"playtime":2953,"items_purged":["Strike_R","Strike_R","Clothesline"],"score":2971,"play_id":"1ba9a81c-e014-49a8-bbc2-646ec6a52ff6","local_time":"20190710001706","is_ascension_mode":true,"campfire_choices":[{"data":"Infernal Blade","floor":6.0,"key":"SMITH"},{"data":"Offering","floor":12.0,"key":"SMITH"},{"data":"Armaments","floor":15.0,"key":"SMITH"},{"floor":23.0,"key":"REST"},{"floor":28.0,"key":"REST"},{"data":"Body Slam","floor":32.0,"key":"SMITH"},{"data":"Offering","floor":40.0,"key":"SMITH"},{"floor":46.0,"key":"RECALL"},{"data":"Barricade","floor":47.0,"key":"SMITH"},{"data":"Second Wind","floor":49.0,"key":"SMITH"},{"data":"Power Through","floor":53.0,"key":"SMITH"}],"neow_cost":"TEN_PERCENT_HP_LOSS","seed_source_timestamp":0,"circlet_count":0,"master_deck":["AscendersBane","Strike_R+1","Defend_R","Defend_R","Defend_R","Bash+1","Infernal Blade+1","Evolve","Sword Boomerang+1","Body Slam+1","Offering+1","Armaments+1","Whirlwind","Impervious","Burning Pact+1","Barricade+1","Feed+1","Whirlwind+1","Second Wind+1","Offering+1","Whirlwind","Power Through+1","Feel No Pain+1","Battle Trance+1","Burning Pact+1","Entrench"],"special_seed":0,"relics":["Burning Blood","WingedGreaves","Mark of Pain","Chemical X","Blood Vial","Red Mask","Anchor","Meat on the Bone","Calipers","Tiny House","Brimstone","Turnip","Unceasing Top","Vajra","Whetstone"],"potions_floor_usage":[56,56],"damage_taken":[{"damage":11.0,"enemies":"2 Louse","floor":1.0,"turns":3.0},{"damage":4.0,"enemies":"Small Slimes","floor":2.0,"turns":4.0},{"damage":0.0,"enemies":"Gremlin Nob","floor":7.0,"turns":2.0},{"damage":1.0,"enemies":"Cultist","floor":8.0,"turns":3.0},{"damage":4.0,"enemies":"3 Louse","floor":10.0,"turns":4.0},{"damage":21.0,"enemies":"Lagavulin","floor":13.0,"turns":6.0},{"damage":17.0,"enemies":"Lots of Slimes","floor":14.0,"turns":4.0},{"damage":10.0,"enemies":"Slime Boss","floor":16.0,"turns":7.0},{"damage":8.0,"enemies":"3 Byrds","floor":18.0,"turns":6.0},{"damage":16.0,"enemies":"Shell Parasite","floor":19.0,"turns":3.0},{"damage":26.0,"enemies":"Cultist and Chosen","floor":22.0,"turns":5.0},{"damage":24.0,"enemies":"Slavers","floor":24.0,"turns":4.0},{"damage":6.0,"enemies":"Masked Bandits","floor":25.0,"turns":3.0},{"damage":6.0,"enemies":"Book of Stabbing","floor":29.0,"turns":4.0},{"damage":6.0,"enemies":"3 Cultists","floor":30.0,"turns":6.0},{"damage":29.0,"enemies":"Gremlin Leader","floor":31.0,"turns":4.0},{"damage":38.0,"enemies":"Collector","floor":33.0,"turns":7.0},{"damage":6.0,"enemies":"3 Darklings","floor":35.0,"turns":2.0},{"damage":0.0,"enemies":"3 Shapes","floor":37.0,"turns":7.0},{"damage":10.0,"enemies":"Mind Bloom Boss Battle","floor":41.0,"turns":3.0},{"damage":0.0,"enemies":"Sphere and 2 Shapes","floor":42.0,"turns":2.0},{"damage":6.0,"enemies":"Maw","floor":44.0,"turns":5.0},{"damage":6.0,"enemies":"Transient","floor":45.0,"turns":6.0},{"damage":12.0,"enemies":"Reptomancer","floor":48.0,"turns":2.0},{"damage":15.0,"enemies":"Awakened One","floor":50.0,"turns":6.0},{"damage":12.0,"enemies":"Donu and Deca","floor":51.0,"turns":3.0},{"damage":12.0,"enemies":"Shield and Spear","floor":55.0,"turns":9.0},{"damage":74,"enemies":"The Heart","floor":56,"turns":9}],"seed_played":"4795055754215486103","potions_obtained":[{"floor":1.0,"key":"EntropicBrew"},{"floor":8.0,"key":"Dexterity Potion"},{"floor":13.0,"key":"PowerPotion"},{"floor":18.0,"key":"Dexterity Potion"},{"floor":19.0,"key":"SkillPotion"},{"floor":31.0,"key":"Regen Potion"},{"floor":33.0,"key":"EssenceOfSteel"},{"floor":34.0,"key":"GamblersBrew"}],"is_trial":false,"path_per_floor":["M","M","?","$","?","R","E","M","T","M","?","R","E","M","R","B",null,"M","M","$","?","M","R","E","?","T","?","R","E","M","E","R","B",null,"M","$","M","$","?","R","?","M","T","M","M","R","R","E","R","B","B",null,"R","$","E","B",null],"character_chosen":"IRONCLAD","items_purchased":["Chemical X","Brimstone","Ancient Potion"],"campfire_rested":2,"item_purchase_floors":[20,38,54],"current_hp_per_floor":[63,65,45,45,41,41,47,52,52,54,54,54,39,28,28,24,57,55,45,45,45,25,45,27,29,29,10,31,33,47,38,38,35,69,71,71,82,82,82,82,78,82,82,82,82,82,82,76,76,73,69,82,82,82,82,28],"gold":35,"neow_bonus":"TRANSFORM_TWO_CARDS","is_prod":false,"is_daily":false,"chose_seed":false,"campfire_upgraded":8,"win_rate":0,"timestamp":1562689026,"path_taken":["M","M","?","$","?","R","E","?","T","M","?","R","E","?","R","BOSS","M","M","$","?","M","R","E","?","T","?","R","E","M","E","R","BOSS","M","$","M","$","?","R","?","M","T","M","M","R","R","E","R","BOSS","BOSS","R","$","E","BOSS"],"build_version":"2019-07-05","purchased_purges":3,"victory":true,"max_hp_per_floor":[68,68,68,68,68,68,68,68,68,68,68,68,68,68,68,68,68,68,68,68,68,68,68,68,68,68,73,73,73,73,73,73,73,78,78,78,82,82,82,82,82,82,82,82,82,82,82,82,82,86,86,86,86,86,90,90],"card_choices":[{"not_picked":["Reckless Charge","Wild Strike"],"picked":"Evolve","floor":1.0},{"not_picked":["Entrench","Flex"],"picked":"Sword Boomerang","floor":2.0},{"not_picked":["Uppercut","Infernal Blade","Perfected Strike"],"picked":"SKIP","floor":7.0},{"not_picked":["Warcry","Clothesline"],"picked":"Body Slam","floor":8.0},{"not_picked":["Shrug It Off","Havoc","Sword Boomerang"],"picked":"SKIP","floor":10.0},{"not_picked":["Sword Boomerang","Infernal Blade"],"picked":"Armaments","floor":13.0},{"not_picked":["True Grit","Pommel Strike"],"picked":"Whirlwind","floor":14.0},{"not_picked":["Reaper","Offering"],"picked":"Impervious","floor":16.0},{"not_picked":["Clash","Heavy Blade","Rupture+1"],"picked":"SKIP","floor":18.0},{"not_picked":["Cleave","Sever Soul+1","Evolve"],"picked":"SKIP","floor":19.0},{"not_picked":["Infernal Blade","Iron Wave"],"picked":"Burning Pact+1","floor":22.0},{"not_picked":["Perfected Strike","Havoc","Intimidate"],"picked":"SKIP","floor":24.0},{"not_picked":["Rampage","Headbutt"],"picked":"Barricade","floor":25.0},{"not_picked":["Thunderclap","Heavy Blade"],"picked":"Feed","floor":29.0},{"not_picked":["Ghostly Armor","Wild Strike"],"picked":"Whirlwind","floor":30.0},{"not_picked":["Perfected Strike+1","Headbutt"],"picked":"Second Wind","floor":31.0},{"not_picked":["Reaper","Impervious"],"picked":"Offering","floor":33.0},{"not_picked":["Cleave+1","Headbutt","Perfected Strike"],"picked":"SKIP","floor":35.0},{"not_picked":["Body Slam","Flame Barrier"],"picked":"Whirlwind","floor":37.0},{"not_picked":["Demon Form","Iron Wave"],"picked":"Power Through","floor":41.0},{"not_picked":["Pummel","Blood for Blood+1"],"picked":"Feel No Pain+1","floor":42.0},{"not_picked":["Reckless Charge","Wild Strike","Havoc"],"picked":"SKIP","floor":44.0},{"not_picked":["Whirlwind","Perfected Strike"],"picked":"Battle Trance+1","floor":45.0},{"not_picked":["Twin Strike+1","Iron Wave"],"picked":"Burning Pact+1","floor":48.0},{"not_picked":["Searing Blow","Seeing Red"],"picked":"Entrench","floor":55.0}],"player_experience":1079613,"relics_obtained":[{"floor":13.0,"key":"WingedGreaves"},{"floor":24.0,"key":"Blood Vial"},{"floor":25.0,"key":"Red Mask"},{"floor":26.0,"key":"Anchor"},{"floor":29.0,"key":"Meat on the Bone"},{"floor":31.0,"key":"Calipers"},{"floor":41.0,"key":"Turnip"},{"floor":43.0,"key":"Unceasing Top"},{"floor":48.0,"key":"Vajra"},{"floor":55.0,"key":"Whetstone"}],"event_choices":[{"damage_healed":0.0,"max_hp_gain":0.0,"max_hp_loss":0.0,"gold_gain":0.0,"event_name":"Shining Light","player_choice":"Entered Light","floor":3.0,"gold_loss":0.0,"damage_taken":20.0,"cards_upgraded":["Sword Boomerang","Bash"]},{"damage_healed":0.0,"max_hp_gain":0.0,"max_hp_loss":0.0,"gold_gain":0.0,"event_name":"The Woman in Blue","player_choice":"Bought 0 Potions","floor":5.0,"gold_loss":0.0,"damage_taken":0.0},{"damage_healed":0.0,"max_hp_gain":0.0,"max_hp_loss":0.0,"gold_gain":0.0,"cards_transformed":["Strike_R"],"event_name":"Transmorgrifier","player_choice":"Transformed","floor":11.0,"gold_loss":0.0,"damage_taken":0.0,"cards_obtained":["Offering"]},{"damage_healed":0.0,"max_hp_gain":0.0,"max_hp_loss":0.0,"gold_gain":0.0,"event_name":"Masked Bandits","player_choice":"Fought Bandits","floor":25.0,"gold_loss":0.0,"damage_taken":0.0},{"damage_healed":0.0,"max_hp_gain":5.0,"max_hp_loss":0.0,"gold_gain":0.0,"event_name":"Forgotten Altar","player_choice":"Shed Blood","floor":27.0,"gold_loss":0.0,"damage_taken":24.0},{"damage_healed":0.0,"max_hp_gain":0.0,"max_hp_loss":0.0,"gold_gain":0.0,"event_name":"SensoryStone","player_choice":"Memory 1","floor":39.0,"gold_loss":0.0,"damage_taken":0.0},{"damage_healed":0.0,"max_hp_gain":0.0,"max_hp_loss":0.0,"gold_gain":0.0,"event_name":"MindBloom","player_choice":"Fight","floor":41.0,"gold_loss":0.0,"damage_taken":0.0}],"is_beta":false,"boss_relics":[{"not_picked":["Fusion Hammer","Black Star"],"picked":"Mark of Pain"},{"not_picked":["Sozu","Runic Pyramid"],"picked":"Tiny House"}],"items_purged_floors":[4,36,54],"is_endless":false,"potions_floor_spawned":[1,8,13,18,19,31,33,35,44,45],"ascension_level":20}