{"gold_per_floor":[118,118,118,129,140,140,169,183,183,195,195,225,61,73,73,149,149,136,411,12,30,44,44,69,69,69,89,109,109,8,27,27,98,98,111,130,130,149,149,149],"floor_reached":40,"playtime":2584,"items_purged":["Strike_R","Strike_R","Regret"],"score":669,"play_id":"705ac0e3-9d89-4dff-a1a7-ed00a9fb6a46","local_time":"20190808104239","is_ascension_mode":true,"campfire_choices":[{"data":"Cleave","floor":6.0,"key":"SMITH"},{"data":"Bash","floor":11.0,"key":"SMITH"},{"data":"Sentinel","floor":15.0,"key":"SMITH"},{"data":"1","floor":23.0,"key":"LIFT"},{"data":"2","floor":25.0,"key":"LIFT"},{"data":"3","floor":29.0,"key":"LIFT"},{"floor":32.0,"key":"REST"}],"neow_cost":"NONE","seed_source_timestamp":0,"circlet_count":0,"master_deck":["AscendersBane","Strike_R","Strike_R","Defend_R","Defend_R","Defend_R","Defend_R","Sever Soul","Feel No Pain","Cleave+1","Ghostly Armor","Clash","Shrug It Off","Metallicize","Sentinel+1","Juggernaut","Armaments","Reaper","Shrug It Off","Shrug It Off","Shrug It Off","Impervious","Impatience","Fiend Fire","Sentinel+1","Pummel+1","Madness","Madness","Armaments+1"],"special_seed":0,"relics":["Burning Blood","Regal Pillow","Letter Opener","The Courier","Pantograph","Fusion Hammer","Membership Card","Girya","Anchor","Darkstone Periapt","Runic Dome"],"potions_floor_usage":[40,40],"damage_taken":[{"damage":1.0,"enemies":"Cultist","floor":1.0,"turns":3.0},{"damage":3.0,"enemies":"Small Slimes","floor":4.0,"turns":4.0},{"damage":20.0,"enemies":"Jaw Worm","floor":5.0,"turns":4.0},{"damage":30.0,"enemies":"Lagavulin","floor":7.0,"turns":7.0},{"damage":9.0,"enemies":"2 Fungi Beasts","floor":8.0,"turns":4.0},{"damage":4.0,"enemies":"Red Slaver","floor":10.0,"turns":5.0},{"damage":12.0,"enemies":"Exordium Thugs","floor":14.0,"turns":7.0},{"damage":39.0,"enemies":"The Guardian","floor":16.0,"turns":15.0},{"damage":3.0,"enemies":"2 Thieves","floor":18.0,"turns":4.0},{"damage":17.0,"enemies":"Shell Parasite","floor":21.0,"turns":7.0},{"damage":18.0,"enemies":"Snake Plant","floor":22.0,"turns":5.0},{"damage":17.0,"enemies":"Snecko","floor":27.0,"turns":6.0},{"damage":7.0,"enemies":"Shelled Parasite and Fungi","floor":28.0,"turns":7.0},{"damage":12.0,"enemies":"Chosen and Byrds","floor":31.0,"turns":8.0},{"damage":87.0,"enemies":"Automaton","floor":33.0,"turns":14.0},{"damage":2.0,"enemies":"3 Darklings","floor":35.0,"turns":7.0},{"damage":0.0,"enemies":"3 Shapes","floor":36.0,"turns":5.0},{"damage":20.0,"enemies":"Jaw Worm Horde","floor":38.0,"turns":5.0},{"damage":110,"enemies":"Giant Head","floor":40,"turns":10}],"seed_played":"-692209583334782087","potions_obtained":[{"floor":1.0,"key":"Energy Potion"},{"floor":14.0,"key":"Strength Potion"},{"floor":16.0,"key":"Swift Potion"},{"floor":35.0,"key":"Strength Potion"},{"floor":36.0,"key":"Block Potion"}],"is_trial":false,"path_per_floor":["M","?","?","M","M","R","E","M","T","M","R","?","$","M","R","B",null,"M","?","$","M","M","R","T","R","T","M","M","R","$","M","R","B",null,"M","M","?","M","?","E"],"character_chosen":"IRONCLAD","items_purchased":["Shrug It Off","Metallicize","Membership Card","Girya","Reaper","Shrug It Off","Impatience"],"campfire_rested":1,"item_purchase_floors":[13,13,20,20,20,20,30],"current_hp_per_floor":[77,82,82,85,71,71,47,44,44,46,46,46,46,40,40,32,72,75,75,75,64,52,52,52,52,52,47,46,46,46,48,85,13,67,85,85,74,71,71,0],"gold":149,"neow_bonus":"RANDOM_COMMON_RELIC","is_prod":false,"is_daily":false,"chose_seed":false,"campfire_upgraded":3,"win_rate":0,"timestamp":1565282559,"path_taken":["M","?","?","M","M","R","E","?","T","M","R","?","$","M","R","BOSS","M","?","$","?","M","R","?","R","T","?","M","R","$","M","R","BOSS","M","M","?","M","?","E"],"build_version":"2019-07-18","purchased_purges":3,"victory":false,"max_hp_per_floor":[80,85,85,85,85,85,85,85,85,85,85,85,85,85,85,85,85,85,85,85,85,85,85,85,85,85,85,85,85,85,85,85,85,85,85,85,85,85,85,85],"card_choices":[{"not_picked":["Second Wind","Cleave"],"picked":"Sever Soul","floor":1.0},{"not_picked":["Reckless Charge","Twin Strike"],"picked":"Feel No Pain","floor":4.0},{"not_picked":["Flex","Perfected Strike"],"picked":"Cleave","floor":5.0},{"not_picked":["Sever Soul","Dropkick"],"picked":"Ghostly Armor","floor":7.0},{"not_picked":["Rage","Armaments"],"picked":"Clash","floor":8.0},{"not_picked":["Flex","True Grit","Warcry"],"picked":"SKIP","floor":10.0},{"not_picked":["Sword Boomerang","True Grit"],"picked":"Sentinel","floor":14.0},{"not_picked":["Offering","Reaper"],"picked":"Juggernaut","floor":16.0},{"not_picked":["Combust","Havoc"],"picked":"Armaments","floor":18.0},{"not_picked":["Havoc","Perfected Strike"],"picked":"Shrug It Off","floor":21.0},{"not_picked":["Twin Strike","True Grit"],"picked":"Shrug It Off","floor":22.0},{"not_picked":["Armaments","Flex+1","Carnage"],"picked":"SKIP","floor":27.0},{"not_picked":["True Grit","Sword Boomerang"],"picked":"Impervious","floor":28.0},{"not_picked":["Flex","Thunderclap","Headbutt"],"picked":"SKIP","floor":31.0},{"not_picked":["Dark Embrace","Double Tap"],"picked":"Fiend Fire","floor":33.0},{"not_picked":["Bloodletting+1","Anger"],"picked":"Sentinel+1","floor":35.0},{"not_picked":["Perfected Strike+1","Dual Wield"],"picked":"Pummel+1","floor":36.0},{"not_picked":["Ghostly Armor","Double Tap"],"picked":"Armaments+1","floor":38.0}],"player_experience":253889,"relics_obtained":[{"floor":7.0,"key":"Letter Opener"},{"floor":9.0,"key":"The Courier"},{"floor":24.0,"key":"Anchor"},{"floor":26.0,"key":"Darkstone Periapt"}],"event_choices":[{"damage_healed":0.0,"max_hp_gain":5.0,"max_hp_loss":0.0,"gold_gain":0.0,"event_name":"Big Fish","player_choice":"Donut","floor":2.0,"gold_loss":0.0,"damage_taken":0.0},{"cards_removed":["Strike_R"],"damage_healed":0.0,"max_hp_gain":0.0,"max_hp_loss":0.0,"gold_gain":0.0,"event_name":"Purifier","player_choice":"Purged","floor":3.0,"gold_loss":0.0,"damage_taken":0.0},{"damage_healed":0.0,"max_hp_gain":0.0,"max_hp_loss":0.0,"gold_gain":30.0,"event_name":"Dead Adventurer","player_choice":"Searched \u00272\u0027 times","floor":12.0,"gold_loss":0.0,"damage_taken":0.0,"relics_obtained":["Pantograph"]},{"damage_healed":0.0,"max_hp_gain":0.0,"max_hp_loss":0.0,"gold_gain":275.0,"event_name":"Golden Shrine","player_choice":"Desecrate","floor":19.0,"gold_loss":0.0,"damage_taken":0.0,"cards_obtained":["Regret"]},{"damage_healed":0.0,"max_hp_gain":0.0,"max_hp_loss":0.0,"gold_gain":0.0,"event_name":"Winding Halls","player_choice":"Embrace Madness","floor":37.0,"gold_loss":0.0,"damage_taken":11.0,"cards_obtained":["Madness","Madness"]},{"cards_removed":["Bash"],"damage_healed":0.0,"max_hp_gain":0.0,"max_hp_loss":0.0,"gold_gain":0.0,"event_name":"Falling","player_choice":"Removed Attack","floor":39.0,"gold_loss":0.0,"damage_taken":0.0}],"is_beta":true,"boss_relics":[{"not_picked":["Snecko Eye","Lizard Tail"],"picked":"Fusion Hammer"},{"not_picked":["Black Blood","Empty Cage"],"picked":"Runic Dome"}],"items_purged_floors":[13,20,30],"is_endless":false,"potions_floor_spawned":[1,14,16,18,21,35,36],"killed_by":"Giant Head","ascension_level":13}