{"gold_per_floor":[114,114,70,82,12,12,22,22,22,22,22,37,37,37,37,135,135,155,155,80,80,94,94,294,294,319,350,368,368,403,420,420,522,522,532,532,549,123,138,171,171,196,222,222,84,84,100,118,118,118,118,118,6,41,41],"floor_reached":55,"playtime":4575,"items_purged":["Strike_G","Strike_G","Strike_G"],"score":899,"play_id":"f2f4a581-dcf9-4475-8f1a-6b96da99d866","local_time":"20190809154510","is_ascension_mode":true,"campfire_choices":[{"floor":6,"key":"RECALL"},{"data":"Noxious Fumes","floor":8,"key":"SMITH"},{"data":"A Thousand Cuts","floor":11,"key":"SMITH"},{"data":"Footwork","floor":13,"key":"SMITH"},{"data":"Footwork","floor":15,"key":"SMITH"},{"data":"Neutralize","floor":23,"key":"SMITH"},{"data":"Adrenaline","floor":25,"key":"SMITH"},{"data":"Footwork","floor":32,"key":"SMITH"},{"data":"All Out Attack","floor":41,"key":"PURGE"},{"floor":46,"key":"REST"},{"data":"Slice","floor":49,"key":"PURGE"},{"data":"Backstab","floor":52,"key":"PURGE"}],"neow_cost":"NONE","seed_source_timestamp":0,"circlet_count":0,"master_deck":["Defend_G","Defend_G+1","Defend_G","Defend_G","Defend_G","Survivor","Neutralize+1","Noxious Fumes+1","Footwork+1","A Thousand Cuts+1","Footwork+1","Backflip+1","Adrenaline+1","Predator+1","Poisoned Stab+1","Crippling Poison+1","Acrobatics","Footwork+1","Envenom","Backflip","Infinite Blades","Magnetism","Dodge and Roll+1","Adrenaline","Footwork","Escape Plan","Noxious Fumes","Backflip+1"],"special_seed":0,"relics":["Ring of the Snake","Bag of Preparation","Orichalcum","Mummified Hand","HoveringKite","Bronze Scales","Meat on the Bone","Ancient Tea Set","Busted Crown","Membership Card","Peace Pipe","War Paint","Whetstone","Happy Flower"],"potions_floor_usage":[18,33,40,54,55,55],"damage_taken":[{"damage":0,"enemies":"2 Louse","floor":1,"turns":2},{"damage":0,"enemies":"Jaw Worm","floor":2,"turns":4},{"damage":0,"enemies":"Cultist","floor":4,"turns":4},{"damage":13,"enemies":"Large Slime","floor":7,"turns":7},{"damage":6,"enemies":"Blue Slaver","floor":12,"turns":4},{"damage":10,"enemies":"Hexaghost","floor":16,"turns":10},{"damage":0,"enemies":"2 Thieves","floor":18,"turns":3},{"damage":0,"enemies":"3 Byrds","floor":22,"turns":2},{"damage":9,"enemies":"Gremlin Leader","floor":27,"turns":5},{"damage":0,"enemies":"Snecko","floor":28,"turns":3},{"damage":11,"enemies":"Slavers","floor":30,"turns":4},{"damage":0,"enemies":"Centurion and Healer","floor":31,"turns":4},{"damage":23,"enemies":"Collector","floor":33,"turns":8},{"damage":0,"enemies":"Orb Walker","floor":35,"turns":3},{"damage":5,"enemies":"3 Darklings","floor":37,"turns":3},{"damage":0,"enemies":"Sphere and 2 Shapes","floor":39,"turns":3},{"damage":25,"enemies":"Nemesis","floor":40,"turns":7},{"damage":4,"enemies":"Giant Head","floor":42,"turns":8},{"damage":0,"enemies":"Maw","floor":47,"turns":6},{"damage":0,"enemies":"Spire Growth","floor":48,"turns":5},{"damage":23,"enemies":"Time Eater","floor":50,"turns":13},{"damage":0,"enemies":"Shield and Spear","floor":54,"turns":7},{"damage":76,"enemies":"The Heart","floor":55,"turns":8}],"seed_played":"1723913115076833219","potions_obtained":[{"floor":4,"key":"Fire Potion"},{"floor":7,"key":"Explosive Potion"},{"floor":28,"key":"SmokeBomb"},{"floor":30,"key":"PowerPotion"},{"floor":33,"key":"SkillPotion"},{"floor":47,"key":"Energy Potion"},{"floor":54,"key":"GamblersBrew"}],"is_trial":false,"path_per_floor":["M","M","?","M","$","R","M","R","T","T","R","M","R","?","R","B",null,"M","?","$","?","M","R","?","R","T","E","M","?","E","M","R","B",null,"M","?","M","$","M","E","R","E","T","?","$","R","M","M","R","B",null,"R","$","E","B"],"character_chosen":"THE_SILENT","items_purchased":["A Thousand Cuts","Backflip","Membership Card","Infinite Blades","Magnetism","Footwork","Escape Plan","Noxious Fumes","Whetstone"],"campfire_rested":1,"item_purchase_floors":[5,38,38,38,38,45,45,53,53],"current_hp_per_floor":[70,70,70,70,70,70,57,57,57,57,57,51,51,44,44,34,70,70,70,70,70,70,70,70,70,70,61,61,48,49,49,49,38,75,75,75,70,70,70,45,45,41,41,41,41,63,63,63,63,40,75,75,75,75,0],"gold":41,"neow_bonus":"RANDOM_COMMON_RELIC","is_prod":false,"is_daily":false,"chose_seed":false,"campfire_upgraded":7,"win_rate":0,"timestamp":1565379910,"path_taken":["M","M","?","M","?","R","M","R","T","?","R","M","R","?","R","BOSS","M","?","$","?","M","R","?","R","T","E","?","?","E","M","R","BOSS","M","?","?","$","M","E","R","E","T","?","$","R","?","M","R","BOSS","R","$","E","BOSS"],"build_version":"2019-07-17","purchased_purges":3,"victory":false,"max_hp_per_floor":[70,70,70,70,70,70,70,70,70,70,70,70,70,70,70,70,70,70,70,70,70,70,70,70,70,70,70,70,75,75,75,75,75,75,75,75,75,75,75,75,75,75,75,75,75,75,75,75,75,75,75,75,75,75,75],"card_choices":[{"not_picked":["Dash","Masterful Stab"],"picked":"Slice","floor":1},{"not_picked":["Well Laid Plans","Acrobatics"],"picked":"Noxious Fumes","floor":2},{"not_picked":["Setup","Terror"],"picked":"Footwork","floor":4},{"not_picked":["Leg Sweep","Masterful Stab"],"picked":"Footwork","floor":7},{"not_picked":["Riddle With Holes","Predator"],"picked":"Backflip","floor":12},{"not_picked":["Malaise","Venomology"],"picked":"Adrenaline","floor":16},{"not_picked":["Deflect","Outmaneuver","Cloak And Dagger"],"picked":"SKIP","floor":18},{"not_picked":["Dagger Throw+1","Quick Slash+1"],"picked":"Predator","floor":22},{"not_picked":["Underhanded Strike","Sucker Punch"],"picked":"Poisoned Stab","floor":27},{"not_picked":["Dagger Spray","Cloak And Dagger"],"picked":"Crippling Poison+1","floor":28},{"not_picked":["Reflex","Dagger Throw+1"],"picked":"Acrobatics","floor":30},{"not_picked":["Venomology","Endless Agony"],"picked":"Footwork","floor":31},{"not_picked":["Die Die Die","Grand Finale"],"picked":"Envenom","floor":33},{"not_picked":["Finisher+1"],"picked":"SKIP","floor":35},{"not_picked":["Riddle With Holes"],"picked":"SKIP","floor":37},{"not_picked":[],"picked":"Dodge and Roll+1","floor":39},{"not_picked":["All Out Attack"],"picked":"SKIP","floor":40},{"not_picked":["Endless Agony+1"],"picked":"SKIP","floor":42},{"not_picked":["Sucker Punch"],"picked":"SKIP","floor":47},{"not_picked":["Bane+1"],"picked":"SKIP","floor":48},{"not_picked":[],"picked":"Backflip+1","floor":54}],"player_experience":122933,"relics_obtained":[{"floor":9,"key":"Orichalcum"},{"floor":10,"key":"Mummified Hand"},{"floor":26,"key":"Bronze Scales"},{"floor":27,"key":"Meat on the Bone"},{"floor":30,"key":"Ancient Tea Set"},{"floor":40,"key":"Peace Pipe"},{"floor":42,"key":"War Paint"},{"floor":54,"key":"Happy Flower"}],"event_choices":[{"damage_healed":0,"gold_gain":0,"player_choice":"Left Gold","damage_taken":0,"max_hp_gain":0,"max_hp_loss":0,"event_name":"World of Goop","floor":3,"gold_loss":44},{"damage_healed":0,"gold_gain":0,"player_choice":"Damaged","damage_taken":7,"max_hp_gain":0,"max_hp_loss":0,"event_name":"Wheel of Change","floor":14,"gold_loss":0},{"damage_healed":0,"gold_gain":0,"cards_transformed":["Strike_G","Strike_G"],"player_choice":"Became Test Subject","damage_taken":0,"max_hp_gain":0,"max_hp_loss":0,"event_name":"Drug Dealer","floor":19,"gold_loss":0,"cards_obtained":["All Out Attack","Backstab"]},{"damage_healed":0,"gold_gain":250,"player_choice":"Bet on Owner","damage_taken":0,"max_hp_gain":0,"max_hp_loss":0,"event_name":"The Joust","floor":24,"gold_loss":50},{"damage_healed":0,"gold_gain":0,"player_choice":"Shed Blood","damage_taken":18,"max_hp_gain":5,"max_hp_loss":0,"event_name":"Forgotten Altar","floor":29,"gold_loss":0},{"damage_healed":0,"gold_gain":0,"player_choice":"Leave","damage_taken":0,"max_hp_gain":0,"max_hp_loss":0,"event_name":"FaceTrader","floor":36,"gold_loss":0},{"damage_healed":0,"gold_gain":0,"player_choice":"1 cards matched","damage_taken":0,"max_hp_gain":0,"max_hp_loss":0,"event_name":"Match and Keep!","floor":44,"gold_loss":0,"cards_obtained":["Adrenaline"]}],"is_beta":false,"boss_relics":[{"not_picked":["Empty Cage","Astrolabe"],"picked":"HoveringKite"},{"not_picked":["Runic Dome","Calling Bell"],"picked":"Busted Crown"}],"items_purged_floors":[20,38,45],"is_endless":false,"potions_floor_spawned":[4,7,28,30,33,37,47,48,54],"killed_by":"The Heart","ascension_level":4}