{"gold_per_floor":[112,23,34,34,109,137,137,172,199,275,275,310,310,349,349,440,440,425,102,117,130,130,130,164,175,199,30,30,42,42,73,73,73],"floor_reached":33,"playtime":1042,"items_purged":["Strike_G","Strike_G"],"score":708,"play_id":"d437f763-ced5-4aec-afcb-3fa239faf08c","local_time":"20190709012445","is_ascension_mode":true,"campfire_choices":[{"data":"Skewer","floor":7.0,"key":"SMITH"},{"data":"Noxious Fumes","floor":15.0,"key":"SMITH"},{"floor":23.0,"key":"REST"},{"data":"Calculated Gamble","floor":32,"key":"SMITH"}],"neow_cost":"NONE","seed_source_timestamp":33118940293489,"circlet_count":0,"master_deck":["AscendersBane","Strike_G","Defend_G","Defend_G","Defend_G","Defend_G+1","Defend_G","Survivor","Neutralize","Noxious Fumes+1","Footwork","Bouncing Flask","Calculated Gamble","Burst+1","Flechettes+1","Deadly Poison+1","Escape Plan","Calculated Gamble+1","PiercingWail+1","Acrobatics"],"special_seed":0,"relics":["Ring of the Snake","NeowsBlessing","Dream Catcher","Pear","PreservedInsect","The Courier","Bloody Idol","Tough Bandages","Vajra","Astrolabe","Gambling Chip","Regal Pillow","War Paint"],"potions_floor_usage":[31,31],"damage_taken":[{"damage":0.0,"enemies":"Jaw Worm","floor":1.0,"turns":1.0},{"damage":0.0,"enemies":"2 Louse","floor":3.0,"turns":1.0},{"damage":0.0,"enemies":"Gremlin Nob","floor":6.0,"turns":1.0},{"damage":26.0,"enemies":"Lagavulin","floor":8.0,"turns":8.0},{"damage":11.0,"enemies":"Gremlin Nob","floor":12.0,"turns":3.0},{"damage":11.0,"enemies":"3 Sentries","floor":14.0,"turns":6.0},{"damage":6.0,"enemies":"Hexaghost","floor":16.0,"turns":9.0},{"damage":16.0,"enemies":"2 Thieves","floor":18.0,"turns":4.0},{"damage":0.0,"enemies":"Chosen","floor":20.0,"turns":4.0},{"damage":15.0,"enemies":"Snake Plant","floor":21.0,"turns":5.0},{"damage":6.0,"enemies":"Slavers","floor":24.0,"turns":5.0},{"damage":12.0,"enemies":"Sentry and Sphere","floor":25.0,"turns":6.0},{"damage":0.0,"enemies":"Gremlin Leader","floor":28.0,"turns":2.0},{"damage":14.0,"enemies":"Snecko","floor":29.0,"turns":5.0},{"damage":19,"enemies":"Book of Stabbing","floor":31,"turns":5},{"damage":0,"enemies":"Automaton","floor":33,"turns":2}],"seed_played":"4979463188237944203","potions_obtained":[{"floor":1.0,"key":"AttackPotion"},{"floor":8.0,"key":"EntropicBrew"},{"floor":12.0,"key":"SteroidPotion"},{"floor":14.0,"key":"GamblersBrew"},{"floor":20.0,"key":"AttackPotion"},{"floor":25.0,"key":"Regen Potion"},{"floor":29.0,"key":"FearPotion"}],"is_trial":false,"path_per_floor":["M","$","M","?","?","E","R","E","T","T","?","E","?","E","R","B",null,"M","$","M","M","?","R","E","M","T","$","E","M","?","E","R","B"],"character_chosen":"THE_SILENT","items_purchased":["Footwork","Gambling Chip","SmokeBomb"],"campfire_rested":1,"item_purchase_floors":[2,19,27],"current_hp_per_floor":[59,59,59,59,48,48,48,32,32,32,32,21,38,27,27,21,57,41,41,41,26,26,46,45,38,43,43,43,34,34,35,35,35],"gold":73,"neow_bonus":"THREE_ENEMY_KILL","is_prod":false,"is_daily":false,"chose_seed":false,"campfire_upgraded":3,"win_rate":0,"timestamp":1562606685,"path_taken":["M","$","M","?","?","E","R","E","T","?","?","E","?","E","R","BOSS","M","$","M","M","?","R","E","M","T","$","E","M","?","E","R","BOSS"],"build_version":"2019-07-05","purchased_purges":2,"victory":false,"max_hp_per_floor":[66,66,66,66,66,66,66,76,76,76,69,69,69,69,69,69,69,69,69,69,69,69,69,69,69,69,69,69,69,66,66,66,66],"card_choices":[{"not_picked":["Leg Sweep","Flying Knee"],"picked":"Noxious Fumes","floor":1.0},{"not_picked":["Deflect","Flying Knee","Quick Slash"],"picked":"SKIP","floor":3.0},{"not_picked":["Envenom","Eviscerate"],"picked":"Skewer","floor":6.0},{"not_picked":["Backflip","Dagger Spray"],"picked":"Bouncing Flask","floor":8.0},{"not_picked":["Bane","Finisher","Poisoned Stab"],"picked":"SKIP","floor":12.0},{"not_picked":["Sucker Punch","Tools of the Trade"],"picked":"Calculated Gamble","floor":14.0},{"not_picked":["Sucker Punch","Dodge and Roll","Endless Agony"],"picked":"SKIP","floor":18.0},{"not_picked":["Outmaneuver","Cloak And Dagger"],"picked":"Escape Plan","floor":20.0},{"not_picked":["Dagger Throw","Flying Knee"],"picked":"Calculated Gamble","floor":21.0},{"not_picked":["Dagger Spray","Footwork"],"picked":"PiercingWail","floor":23.0},{"not_picked":["Dagger Spray","Skewer+1","Concentrate"],"picked":"SKIP","floor":24.0},{"not_picked":["Choke","Backstab"],"picked":"Acrobatics","floor":25.0},{"not_picked":["Sucker Punch+1","Dagger Throw","Flying Knee"],"picked":"SKIP","floor":29.0},{"not_picked":["Backstab","Expertise","Blade Dance"],"picked":"SKIP","floor":31}],"player_experience":1070456,"relics_obtained":[{"floor":6.0,"key":"Dream Catcher"},{"floor":8.0,"key":"Pear"},{"floor":9.0,"key":"PreservedInsect"},{"floor":10.0,"key":"The Courier"},{"floor":12.0,"key":"Tough Bandages"},{"floor":14.0,"key":"Vajra"},{"floor":24.0,"key":"Regal Pillow"},{"floor":31,"key":"War Paint"}],"event_choices":[{"damage_healed":0.0,"max_hp_gain":0.0,"max_hp_loss":0.0,"gold_gain":0.0,"event_name":"Liars Game","player_choice":"Ignored","floor":4.0,"gold_loss":0.0,"damage_taken":0.0},{"damage_healed":0.0,"max_hp_gain":0.0,"max_hp_loss":0.0,"gold_gain":75.0,"event_name":"World of Goop","player_choice":"Gather Gold","floor":5.0,"gold_loss":0.0,"damage_taken":11.0},{"damage_healed":0.0,"max_hp_gain":0.0,"max_hp_loss":7.0,"gold_gain":0.0,"event_name":"Golden Idol","player_choice":"Lose Max HP","floor":11.0,"gold_loss":0.0,"damage_taken":0.0,"relics_obtained":["Golden Idol"]},{"damage_healed":17.0,"max_hp_gain":0.0,"max_hp_loss":0.0,"gold_gain":0.0,"event_name":"Mushrooms","player_choice":"Healed and dodged fight","floor":13.0,"gold_loss":0.0,"damage_taken":0.0,"cards_obtained":["Parasite"]},{"damage_healed":0.0,"max_hp_gain":0.0,"max_hp_loss":0.0,"gold_gain":0.0,"event_name":"Forgotten Altar","player_choice":"Gave Idol","floor":22.0,"relics_lost":["Golden Idol"],"gold_loss":0.0,"damage_taken":0.0,"relics_obtained":["Bloody Idol"]},{"cards_removed":["Parasite"],"damage_healed":0.0,"max_hp_gain":0.0,"max_hp_loss":0.0,"gold_gain":0.0,"event_name":"Fountain of Cleansing","player_choice":"Removed Curses","floor":30.0,"gold_loss":0.0,"damage_taken":0.0}],"is_beta":false,"boss_relics":[{"not_picked":["Fusion Hammer","WristBlade"],"picked":"Astrolabe"}],"items_purged_floors":[19,27],"is_endless":false,"potions_floor_spawned":[1,8,12,14,20,25,29],"killed_by":"Automaton","ascension_level":20}