{"gold_per_floor":[116,128,53,65,240,240,269,269,269,269,303,322,341,355,355,458,458,476,476,489,143,158,158,168,168,168,168,168,93,106,126,126,126],"floor_reached":33,"playtime":6296,"items_purged":["Defend_G","Doubt"],"score":259,"play_id":"d28f7bf7-dc1a-48ff-ba77-5b510b1f9fa2","local_time":"20190301152804","is_ascension_mode":false,"campfire_choices":[{"data":"Phantasmal Killer","floor":6.0,"key":"SMITH"},{"floor":8.0,"key":"REST"},{"data":"Endless Agony","floor":10.0,"key":"SMITH"},{"floor":15,"key":"REST"},{"floor":23,"key":"REST"},{"floor":25,"key":"REST"},{"data":"Envenom","floor":27,"key":"SMITH"},{"data":"Escape Plan","floor":32,"key":"SMITH"}],"neow_cost":"NONE","seed_source_timestamp":0,"circlet_count":0,"master_deck":["Defend_G","Defend_G","Defend_G","Defend_G","Strike_G","Strike_G","Strike_G","Strike_G","Survivor","Neutralize","Predator","Caltrops","Phantasmal Killer+1","Endless Agony+1","Deadly Poison","Well Laid Plans","Envenom+1","Escape Plan+1","Blur+1","RitualDagger","Footwork+1"],"special_seed":0,"relics":["Ring of the Snake","Mummified Hand","Matryoshka","Bottled Lightning","Eternal Feather","Bottled Tornado","Oddly Smooth Stone","Ninja Scroll"],"potions_floor_usage":[16,16,20,30,31,33],"damage_taken":[{"damage":0.0,"enemies":"2 Louse","floor":1.0,"turns":4.0},{"damage":1.0,"enemies":"Jaw Worm","floor":2.0,"turns":5.0},{"damage":0.0,"enemies":"Cultist","floor":4.0,"turns":4.0},{"damage":28.0,"enemies":"Gremlin Nob","floor":7.0,"turns":3.0},{"damage":29.0,"enemies":"Lagavulin","floor":11.0,"turns":9.0},{"damage":0,"enemies":"Large Slime","floor":12,"turns":2},{"damage":21,"enemies":"Exordium Thugs","floor":13,"turns":5},{"damage":5,"enemies":"Looter","floor":14,"turns":4},{"damage":15,"enemies":"Hexaghost","floor":16,"turns":9},{"damage":15,"enemies":"Chosen","floor":18,"turns":5},{"damage":21,"enemies":"3 Byrds","floor":20,"turns":3},{"damage":18,"enemies":"Snake Plant","floor":22,"turns":5},{"damage":19,"enemies":"Centurion and Healer","floor":24,"turns":7},{"damage":18,"enemies":"3 Cultists","floor":30,"turns":7},{"damage":15,"enemies":"Snake Plant","floor":31,"turns":4},{"damage":65,"enemies":"Champ","floor":33,"turns":15}],"seed_played":"-5084460351596280492","potions_obtained":[{"floor":2.0,"key":"FearPotion"},{"floor":4.0,"key":"Explosive Potion"},{"floor":12,"key":"LiquidBronze"},{"floor":16,"key":"SpeedPotion"},{"floor":18,"key":"Explosive Potion"},{"floor":24,"key":"LiquidBronze"},{"floor":31,"key":"SkillPotion"}],"is_trial":false,"path_per_floor":["M","M","$","M","?","R","E","R","T","R","E","M","M","M","R","B",null,"M","?","M","$","M","R","M","R","T","R","?","?","M","M","R","B"],"character_chosen":"THE_SILENT","items_purchased":["Bottled Tornado"],"campfire_rested":4,"item_purchase_floors":[21],"current_hp_per_floor":[77,76,76,76,76,76,48,71,71,71,42,42,21,16,39,24,77,62,62,41,41,23,55,36,71,71,77,71,71,53,38,50,0],"gold":126,"neow_bonus":"TEN_PERCENT_HP_BONUS","is_prod":false,"is_daily":false,"chose_seed":false,"campfire_upgraded":4,"win_rate":0,"timestamp":1551479284,"path_taken":["M","M","$","M","?","R","E","R","T","R","E","M","M","M","R","BOSS","M","?","M","$","M","R","M","R","T","R","?","?","M","M","R","BOSS"],"build_version":"2019-01-23","purchased_purges":2,"victory":false,"max_hp_per_floor":[77,77,77,77,77,77,77,77,77,77,77,77,77,77,77,77,77,77,77,77,77,77,77,77,77,77,77,77,77,77,77,77,77],"card_choices":[{"not_picked":["Blade Dance","Bane"],"picked":"Predator","floor":1.0},{"not_picked":["Backflip","Sucker Punch"],"picked":"Caltrops","floor":2.0},{"not_picked":["Slice","Quick Slash"],"picked":"Phantasmal Killer","floor":4.0},{"not_picked":["Terror","Dagger Spray"],"picked":"Endless Agony","floor":7.0},{"not_picked":["Dagger Spray","Cloak And Dagger","Crippling Poison"],"picked":"SKIP","floor":11.0},{"not_picked":["Dagger Spray","Dagger Throw","Catalyst"],"picked":"SKIP","floor":12},{"not_picked":["Prepared","Underhanded Strike"],"picked":"Deadly Poison","floor":13},{"not_picked":["Deadly Poison","Backflip"],"picked":"Well Laid Plans","floor":14},{"not_picked":["Doppelganger","Night Terror"],"picked":"Envenom","floor":16},{"not_picked":["Outmaneuver+1","Dagger Throw","Deadly Poison+1"],"picked":"SKIP","floor":18},{"not_picked":["Dagger Spray","Envenom","Skewer"],"picked":"SKIP","floor":20},{"not_picked":["Expertise+1","Underhanded Strike","Deflect+1"],"picked":"SKIP","floor":22},{"not_picked":["Blade Dance+1","Bane+1"],"picked":"Blur+1","floor":24},{"not_picked":["Quick Slash","Flying Knee"],"picked":"Footwork+1","floor":30},{"not_picked":["Bane","Deadly Poison","Deflect"],"picked":"SKIP","floor":31}],"player_experience":152324,"relics_obtained":[{"floor":7.0,"key":"Mummified Hand"},{"floor":9.0,"key":"Matryoshka"},{"floor":11.0,"key":"Bottled Lightning"},{"floor":26,"key":"Oddly Smooth Stone"},{"floor":26,"key":"Ninja Scroll"}],"event_choices":[{"damage_healed":0.0,"max_hp_gain":0.0,"max_hp_loss":0.0,"gold_gain":175.0,"event_name":"Liars Game","player_choice":"AGREE","floor":5.0,"gold_loss":0.0,"damage_taken":0.0,"cards_obtained":["Doubt"]},{"damage_healed":0,"gold_gain":0,"player_choice":"Read","damage_taken":0,"max_hp_gain":0,"max_hp_loss":0,"event_name":"The Library","floor":19,"gold_loss":0,"cards_obtained":["Escape Plan"]},{"damage_healed":0,"gold_gain":0,"player_choice":"Joined the Cult","damage_taken":6,"max_hp_gain":0,"max_hp_loss":0,"event_name":"Nest","floor":28,"gold_loss":0,"cards_obtained":["RitualDagger"]},{"cards_removed":["Strike_G"],"damage_healed":0,"gold_gain":0,"player_choice":"Gave Gold","damage_taken":0,"max_hp_gain":0,"max_hp_loss":0,"event_name":"Beggar","floor":29,"gold_loss":75}],"is_beta":false,"boss_relics":[{"not_picked":["Tiny House","HoveringKite"],"picked":"Eternal Feather"}],"items_purged_floors":[3,21],"is_endless":false,"potions_floor_spawned":[2,4,12,16,18,24,31],"killed_by":"Champ","ascension_level":0}