{"gold_per_floor":[217,231,243,85,105,105,134,192,192,192,209,209,238,251,251,325,325,337,15,15,15,15,15,15],"floor_reached":24,"playtime":789,"items_purged":["Strike_R","Strike_R"],"score":408,"play_id":"a46b25c5-821d-42c1-8ab5-bcfbd419158d","local_time":"20190516145818","is_ascension_mode":true,"campfire_choices":[{"data":"Inflame","floor":6.0,"key":"SMITH"},{"floor":10.0,"key":"REST"},{"data":"Carnage","floor":12.0,"key":"SMITH"},{"data":"Rampage","floor":15.0,"key":"SMITH"},{"data":"Barricade","floor":23,"key":"SMITH"}],"neow_cost":"NONE","seed_source_timestamp":2092866264111979,"circlet_count":0,"master_deck":["AscendersBane","Strike_R","Strike_R","Defend_R","Defend_R","Defend_R","Defend_R","Bash","Cleave","Inflame+1","Shrug It Off","Feel No Pain","Rampage+1","Carnage+1","Impervious","Barricade+1","Ghostly","Ghostly","Ghostly"],"special_seed":0,"relics":["Burning Blood","Singing Bowl","Blood Vial","Kunai","Bag of Marbles","Philosopher\u0027s Stone","PrismaticShard"],"potions_floor_usage":[16],"damage_taken":[{"damage":12.0,"enemies":"Cultist","floor":1.0,"turns":4.0},{"damage":3.0,"enemies":"2 Louse","floor":2.0,"turns":3.0},{"damage":12.0,"enemies":"Small Slimes","floor":3.0,"turns":3.0},{"damage":12.0,"enemies":"Looter","floor":5.0,"turns":4.0},{"damage":31.0,"enemies":"3 Sentries","floor":7.0,"turns":14.0},{"damage":21.0,"enemies":"3 Sentries","floor":8.0,"turns":7.0},{"damage":4.0,"enemies":"2 Fungi Beasts","floor":11.0,"turns":4.0},{"damage":17.0,"enemies":"Lagavulin","floor":13.0,"turns":5.0},{"damage":4.0,"enemies":"Large Slime","floor":14.0,"turns":5.0},{"damage":32,"enemies":"Slime Boss","floor":16,"turns":11},{"damage":43,"enemies":"2 Thieves","floor":18,"turns":5},{"damage":3,"enemies":"Slavers","floor":24,"turns":3}],"seed_played":"-4653218352992676132","potions_obtained":[{"floor":1.0,"key":"GamblersBrew"},{"floor":2.0,"key":"GamblersBrew"},{"floor":11.0,"key":"Fire Potion"},{"floor":13.0,"key":"Explosive Potion"},{"floor":16,"key":"GamblersBrew"},{"floor":18,"key":"FearPotion"}],"is_trial":false,"path_per_floor":["M","M","M","$","M","R","E","?","T","R","M","R","E","M","R","B",null,"M","$","?","?","?","R","E"],"character_chosen":"IRONCLAD","items_purchased":["Feel No Pain","PrismaticShard"],"campfire_rested":1,"item_purchase_floors":[4,19],"current_hp_per_floor":[62,65,59,59,53,53,28,17,17,40,44,44,37,43,43,19,66,33,33,9,9,9,9,8],"gold":15,"neow_bonus":"HUNDRED_GOLD","is_prod":false,"is_daily":false,"chose_seed":false,"campfire_upgraded":4,"win_rate":0,"timestamp":1557989898,"path_taken":["M","M","M","$","M","R","E","?","T","R","M","R","E","M","R","BOSS","M","$","?","?","?","R","E"],"build_version":"2019-01-23","purchased_purges":2,"victory":false,"max_hp_per_floor":[75,75,75,75,75,75,75,77,77,77,77,77,79,81,81,81,81,83,83,88,44,44,44,44],"card_choices":[{"not_picked":["Dual Wield","Uppercut"],"picked":"Cleave","floor":1.0},{"not_picked":["Burning Pact","Combust"],"picked":"Inflame","floor":2.0},{"not_picked":["Pommel Strike","Iron Wave"],"picked":"Shrug It Off","floor":3.0},{"not_picked":["Reckless Charge","Iron Wave"],"picked":"Rampage","floor":5.0},{"not_picked":["Anger","Perfected Strike"],"picked":"Carnage","floor":7.0},{"not_picked":["Dual Wield","Perfected Strike","Body Slam"],"picked":"Singing Bowl","floor":8.0},{"not_picked":["Shrug It Off","Pummel"],"picked":"Impervious","floor":11.0},{"not_picked":["Body Slam","Thunderclap","Anger"],"picked":"Singing Bowl","floor":13.0},{"not_picked":["Perfected Strike","Blood for Blood","Pummel"],"picked":"Singing Bowl","floor":14.0},{"not_picked":["Bludgeon","Fiend Fire"],"picked":"Barricade","floor":16},{"not_picked":["Flex","Havoc","Clothesline"],"picked":"Singing Bowl","floor":18}],"player_experience":848917,"relics_obtained":[{"floor":7.0,"key":"Singing Bowl"},{"floor":9.0,"key":"Kunai"},{"floor":13.0,"key":"Bag of Marbles"}],"event_choices":[{"damage_healed":0.0,"max_hp_gain":0.0,"max_hp_loss":0.0,"gold_gain":0.0,"event_name":"Dead Adventurer","player_choice":"Searched \u00272\u0027 times","floor":8.0,"gold_loss":0.0,"damage_taken":0.0,"relics_obtained":["Blood Vial"]},{"damage_healed":0,"gold_gain":0,"player_choice":"Shed Blood","damage_taken":29,"max_hp_gain":5,"max_hp_loss":0,"event_name":"Forgotten Altar","floor":20,"gold_loss":0},{"damage_healed":0,"gold_gain":0,"player_choice":"Became a Ghost","damage_taken":0,"max_hp_gain":0,"max_hp_loss":44,"event_name":"Ghosts","floor":21,"gold_loss":0,"cards_obtained":["Ghostly","Ghostly","Ghostly"]},{"cards_removed":["Strike_R"],"damage_healed":0,"gold_gain":0,"player_choice":"Elegance","damage_taken":0,"max_hp_gain":0,"max_hp_loss":0,"event_name":"Back to Basics","floor":22,"gold_loss":0}],"is_beta":false,"boss_relics":[{"not_picked":["Empty Cage","Cursed Key"],"picked":"Philosopher\u0027s Stone"}],"items_purged_floors":[4,19],"is_endless":false,"potions_floor_spawned":[1,2,11,13,16,18],"killed_by":"Slavers","ascension_level":20}