{"gold_per_floor":[112,112,37,52,52,52,80,80,80,95,20,49,109,119,119,119],"floor_reached":16,"playtime":428,"items_purged":["Strike_B"],"score":270,"play_id":"f6fa9bca-a57a-4630-9c86-ac911f49fffd","local_time":"20190525130735","is_ascension_mode":true,"campfire_choices":[{"data":"Dualcast","floor":6.0,"key":"SMITH"},{"data":"Zap","floor":8.0,"key":"SMITH"},{"data":"Coolheaded","floor":15.0,"key":"SMITH"}],"neow_cost":"NONE","seed_source_timestamp":353635157409414,"circlet_count":0,"master_deck":["AscendersBane","Strike_B","Defend_B","Defend_B","Defend_B","Defend_B","Zap+1","Dualcast+1","Ball Lightning","Glacier","Coolheaded+1","Compile Driver","Streamline","Cold Snap"],"special_seed":0,"relics":["Cracked Core","NeowsBlessing","SsserpentHead","Vajra","Question Card","Dream Catcher"],"potions_floor_usage":[],"damage_taken":[{"damage":0.0,"enemies":"2 Louse","floor":1.0,"turns":1.0},{"damage":0.0,"enemies":"Small Slimes","floor":4.0,"turns":1.0},{"damage":0.0,"enemies":"Gremlin Nob","floor":7.0,"turns":1.0},{"damage":2.0,"enemies":"Jaw Worm","floor":10.0,"turns":3.0},{"damage":9.0,"enemies":"3 Sentries","floor":12.0,"turns":8.0},{"damage":29.0,"enemies":"Large Slime","floor":13.0,"turns":6.0},{"damage":7.0,"enemies":"Red Slaver","floor":14.0,"turns":3.0},{"damage":10,"enemies":"Hexaghost","floor":16,"turns":9}],"seed_played":"-7725673406296075395","potions_obtained":[{"floor":4.0,"key":"LiquidBronze"},{"floor":10.0,"key":"SpeedPotion"}],"is_trial":false,"path_per_floor":["M","?","?","M","?","R","E","R","T","M","$","E","M","M","R","B"],"character_chosen":"DEFECT","items_purchased":[],"campfire_rested":0,"item_purchase_floors":[],"current_hp_per_floor":[64,57,57,57,57,57,57,57,57,55,55,46,17,10,10,0],"gold":119,"neow_bonus":"THREE_ENEMY_KILL","is_prod":false,"is_daily":false,"chose_seed":false,"campfire_upgraded":3,"win_rate":0,"timestamp":1558760855,"path_taken":["M","?","?","?","?","R","E","R","T","M","$","E","?","M","R","BOSS"],"build_version":"2019-01-23","purchased_purges":1,"victory":false,"max_hp_per_floor":[71,71,71,71,71,71,71,71,71,71,71,71,71,71,71,71],"card_choices":[{"not_picked":["Redo","Steam","Gash"],"picked":"SKIP","floor":1.0},{"not_picked":["Cold Snap","Conserve Battery"],"picked":"Ball Lightning","floor":4.0},{"not_picked":["Fission","Turbo"],"picked":"Glacier","floor":7.0},{"not_picked":["Sweeping Beam","Self Repair","Tempest"],"picked":"Coolheaded","floor":10.0},{"not_picked":["Steam","Redo","Hologram"],"picked":"Compile Driver","floor":12.0},{"not_picked":["Compile Driver","Auto Shields","Seek"],"picked":"Streamline","floor":13.0},{"not_picked":["Go for the Eyes","Coolheaded","Beam Cell"],"picked":"Cold Snap","floor":14.0}],"player_experience":950681,"relics_obtained":[{"floor":7.0,"key":"Vajra"},{"floor":9.0,"key":"Question Card"},{"floor":12.0,"key":"Dream Catcher"}],"event_choices":[{"cards_removed":["Strike_B"],"damage_healed":0.0,"max_hp_gain":0.0,"max_hp_loss":0.0,"gold_gain":0.0,"event_name":"Golden Wing","player_choice":"Card Removal","floor":2.0,"gold_loss":0.0,"damage_taken":7.0},{"cards_removed":["Strike_B"],"damage_healed":0.0,"max_hp_gain":0.0,"max_hp_loss":0.0,"gold_gain":0.0,"event_name":"The Cleric","player_choice":"Card Removal","floor":3.0,"gold_loss":75.0,"damage_taken":0.0},{"damage_healed":0.0,"max_hp_gain":0.0,"max_hp_loss":0.0,"gold_gain":0.0,"event_name":"FaceTrader","player_choice":"Trade","floor":5.0,"gold_loss":0.0,"damage_taken":0.0,"relics_obtained":["SsserpentHead"]}],"is_beta":false,"boss_relics":[],"items_purged_floors":[11],"is_endless":false,"potions_floor_spawned":[4,10,14],"killed_by":"Hexaghost","ascension_level":20}