{"gold_per_floor":[111,127,144,144,157,185,202,202,255,255,287,287,302,321,321,321],"floor_reached":16,"playtime":1002,"items_purged":[],"score":200,"play_id":"d407e60f-e64c-41ee-9946-237f3d01d7c8","local_time":"20190720001347","is_ascension_mode":true,"campfire_choices":[{"data":"Shrug It Off","floor":8.0,"key":"SMITH"},{"floor":10.0,"key":"REST"},{"data":"Combust","floor":12,"key":"SMITH"},{"data":"Metallicize","floor":15,"key":"SMITH"}],"neow_cost":"NONE","seed_source_timestamp":0,"circlet_count":0,"master_deck":["AscendersBane","Strike_R","Strike_R","Strike_R","Strike_R","Defend_R","Defend_R","Defend_R","Defend_R","Bash+1","Shrug It Off+1","Combust+1","Brutality","Metallicize+1","Uppercut","Clothesline","Warcry"],"special_seed":0,"relics":["Burning Blood","Ancient Tea Set","Strawberry","Mummified Hand"],"potions_floor_usage":[11,11,16],"damage_taken":[{"damage":4.0,"enemies":"Jaw Worm","floor":1.0,"turns":4.0},{"damage":7.0,"enemies":"Cultist","floor":2.0,"turns":5.0},{"damage":4.0,"enemies":"Small Slimes","floor":3.0,"turns":5.0},{"damage":19.0,"enemies":"Exordium Wildlife","floor":5.0,"turns":5.0},{"damage":34.0,"enemies":"Gremlin Nob","floor":6.0,"turns":4.0},{"damage":15.0,"enemies":"3 Louse","floor":7.0,"turns":5.0},{"damage":18,"enemies":"Lagavulin","floor":11,"turns":5},{"damage":6,"enemies":"2 Fungi Beasts","floor":13,"turns":4},{"damage":5,"enemies":"Blue Slaver","floor":14,"turns":5},{"damage":41,"enemies":"Hexaghost","floor":16,"turns":13}],"seed_played":"1737837631168446028","potions_obtained":[{"floor":2.0,"key":"Poison Potion"},{"floor":6.0,"key":"Strength Potion"},{"floor":7.0,"key":"Strength Potion"},{"floor":13,"key":"Weak Potion"}],"is_trial":false,"path_per_floor":["M","M","M","?","M","E","M","R","T","R","E","R","M","M","R","B"],"character_chosen":"IRONCLAD","items_purchased":[],"campfire_rested":1,"item_purchase_floors":[],"current_hp_per_floor":[70,69,71,71,58,30,21,21,28,52,40,40,40,41,41,0],"gold":321,"neow_bonus":"UPGRADE_CARD","is_prod":false,"is_daily":false,"chose_seed":false,"campfire_upgraded":3,"win_rate":0,"timestamp":1563596027,"path_taken":["M","M","M","?","M","E","?","R","T","R","E","R","M","M","R","BOSS"],"build_version":"2019-07-17","purchased_purges":0,"victory":false,"max_hp_per_floor":[75,75,75,75,75,75,75,75,82,82,82,82,82,82,82,82],"card_choices":[{"not_picked":["Searing Blow","Carnage"],"picked":"Shrug It Off","floor":1.0},{"not_picked":["Anger","Sentinel"],"picked":"Combust","floor":2.0},{"not_picked":["Anger","Perfected Strike","Bloodletting"],"picked":"SKIP","floor":3.0},{"not_picked":["Rage","Perfected Strike"],"picked":"Metallicize","floor":5.0},{"not_picked":["Reckless Charge","Armaments"],"picked":"Uppercut","floor":6.0},{"not_picked":["Entrench","Armaments"],"picked":"Clothesline","floor":7.0},{"not_picked":["Body Slam","Sword Boomerang","Berserk"],"picked":"SKIP","floor":11},{"not_picked":["Iron Wave","Flex","Clothesline"],"picked":"SKIP","floor":13},{"not_picked":["Blood for Blood","Flex"],"picked":"Warcry","floor":14}],"player_experience":398229,"relics_obtained":[{"floor":6.0,"key":"Ancient Tea Set"},{"floor":9.0,"key":"Strawberry"},{"floor":11,"key":"Mummified Hand"}],"event_choices":[{"damage_healed":0.0,"max_hp_gain":0.0,"max_hp_loss":0.0,"gold_gain":0.0,"cards_transformed":["Strike_R"],"event_name":"Transmorgrifier","player_choice":"Transformed","floor":4.0,"gold_loss":0.0,"damage_taken":0.0,"cards_obtained":["Brutality"]}],"is_beta":false,"boss_relics":[],"items_purged_floors":[],"is_endless":false,"potions_floor_spawned":[2,6,7,13],"killed_by":"Hexaghost","ascension_level":15}