{"gold_per_floor":[109,109,284,359,373,373,385,385,385,385,32,32,52,71,71,194,194,210,223,152,165,165,193,193,209,259,259,259,278,11,11],"floor_reached":31,"playtime":1695,"items_purged":["Doubt"],"score":282,"play_id":"e5f5ecc7-40b2-46a1-9a63-bce7423421c7","local_time":"20190123214604","is_ascension_mode":true,"campfire_choices":[{"floor":6.0,"key":"REST"},{"floor":8.0,"key":"REST"},{"data":"Conserve Battery","floor":10.0,"key":"SMITH"},{"data":"Jack Of All Trades","floor":12.0,"key":"SMITH"},{"floor":15.0,"key":"REST"},{"floor":27.0,"key":"REST"}],"neow_cost":"PERCENT_DAMAGE","seed_source_timestamp":0,"circlet_count":0,"master_deck":["Defend_B","Defend_B","Defend_B","Defend_B","Zap","Dualcast","Flash of Steel","Jack Of All Trades+1","FTL","Go for the Eyes","Conserve Battery+1","Coolheaded","Conserve Battery","Double Energy","All For One+1","Ball Lightning+1","Streamline+1","Sunder+1","Undo","Sweeping Beam+1","Double Energy+1","Panache","Melter+1"],"special_seed":0,"relics":["Cracked Core","Molten Egg 2","Bottled Lightning","Busted Crown","Bottled Flame","Art of War","Nilry\u0027s Codex"],"potions_floor_usage":[],"damage_taken":[{"damage":7.0,"enemies":"Jaw Worm","floor":1.0,"turns":3.0},{"damage":0.0,"enemies":"2 Louse","floor":5.0,"turns":3.0},{"damage":7.0,"enemies":"Small Slimes","floor":7.0,"turns":3.0},{"damage":0.0,"enemies":"Blue Slaver","floor":13.0,"turns":3.0},{"damage":0.0,"enemies":"Red Slaver","floor":14.0,"turns":3.0},{"damage":15.0,"enemies":"The Guardian","floor":16.0,"turns":13.0},{"damage":10.0,"enemies":"Spheric Guardian","floor":18.0,"turns":4.0},{"damage":18.0,"enemies":"3 Byrds","floor":19.0,"turns":4.0},{"damage":28.0,"enemies":"Sentry and Sphere","floor":21.0,"turns":5.0},{"damage":19.0,"enemies":"Gremlin Leader","floor":23.0,"turns":7.0},{"damage":0.0,"enemies":"3 Cultists","floor":25.0,"turns":4.0},{"damage":3.0,"enemies":"Shelled Parasite and Fungi","floor":29.0,"turns":3.0},{"damage":19,"enemies":"Snake Plant","floor":31,"turns":2}],"seed_played":"-830932716805315873","potions_obtained":[{"floor":1.0,"key":"Energy Potion"},{"floor":13.0,"key":"LiquidBronze"},{"floor":14.0,"key":"Regen Potion"},{"floor":18.0,"key":"Dexterity Potion"},{"floor":23.0,"key":"PowerPotion"},{"floor":25.0,"key":"Weak Potion"}],"is_trial":false,"path_per_floor":["M","?","?","?","M","R","M","R","T","R","$","R","M","M","R","B",null,"M","M","$","M","?","E","?","M","T","R","?","M","$","M"],"character_chosen":"DEFECT","items_purchased":["Coolheaded","Bottled Lightning","Sunder+1","Panache","Melter+1"],"campfire_rested":4,"item_purchase_floors":[11,11,20,30,30],"current_hp_per_floor":[47,40,40,29,29,51,44,66,66,66,66,66,66,66,75,60,75,65,47,47,19,19,14,14,14,14,36,20,17,17,0],"gold":11,"neow_bonus":"RANDOM_COLORLESS_2","is_prod":false,"is_daily":false,"chose_seed":false,"campfire_upgraded":2,"win_rate":0,"timestamp":1548240364,"path_taken":["M","?","?","?","M","R","M","R","T","R","?","R","?","M","R","BOSS","M","M","$","M","?","E","?","M","T","R","?","M","$","M"],"build_version":"2019-01-17v2","purchased_purges":1,"victory":false,"max_hp_per_floor":[75,75,75,75,75,75,75,75,75,75,75,75,75,75,75,75,75,75,75,75,75,75,75,75,75,75,75,75,75,75,75],"card_choices":[{"not_picked":["Hologram","Go for the Eyes"],"picked":"FTL","floor":1.0},{"not_picked":["Darkness","Steam"],"picked":"Go for the Eyes","floor":5.0},{"not_picked":["Steam Power","Steam"],"picked":"Conserve Battery","floor":7.0},{"not_picked":["Machine Learning","Coolheaded"],"picked":"Conserve Battery","floor":13.0},{"not_picked":["Self Repair","Scrape+1"],"picked":"Double Energy","floor":14.0},{"not_picked":["Multi-Cast","Reboot"],"picked":"All For One+1","floor":16.0},{"not_picked":[],"picked":"Ball Lightning+1","floor":18.0},{"not_picked":[],"picked":"Streamline+1","floor":19.0},{"not_picked":["Compile Driver+1"],"picked":"SKIP","floor":21.0},{"not_picked":["Fission"],"picked":"SKIP","floor":23.0},{"not_picked":[],"picked":"Double Energy+1","floor":25.0},{"not_picked":["Sweeping Beam+1"],"picked":"SKIP","floor":29.0}],"player_experience":537761,"relics_obtained":[{"floor":9.0,"key":"Molten Egg 2"},{"floor":23.0,"key":"Bottled Flame"},{"floor":26.0,"key":"Art of War"},{"floor":28.0,"key":"Nilry\u0027s Codex"}],"event_choices":[{"cards_removed":["Strike_B"],"damage_healed":0.0,"max_hp_gain":0.0,"max_hp_loss":0.0,"gold_gain":0.0,"event_name":"Golden Wing","player_choice":"Card Removal","floor":2.0,"gold_loss":0.0,"damage_taken":7.0},{"damage_healed":0.0,"max_hp_gain":0.0,"max_hp_loss":0.0,"gold_gain":175.0,"event_name":"Liars Game","player_choice":"AGREE","floor":3.0,"gold_loss":0.0,"damage_taken":0.0,"cards_obtained":["Doubt"]},{"damage_healed":0.0,"max_hp_gain":0.0,"max_hp_loss":0.0,"gold_gain":75.0,"event_name":"World of Goop","player_choice":"Gather Gold","floor":4.0,"gold_loss":0.0,"damage_taken":11.0},{"damage_healed":0.0,"max_hp_gain":0.0,"max_hp_loss":0.0,"gold_gain":0.0,"cards_transformed":["Strike_B","Strike_B"],"event_name":"Drug Dealer","player_choice":"Became Test Subject","floor":22.0,"gold_loss":0.0,"damage_taken":0.0,"cards_obtained":["Undo","Sweeping Beam"]},{"cards_removed":["Strike_B"],"damage_healed":0.0,"max_hp_gain":0.0,"max_hp_loss":0.0,"gold_gain":0.0,"event_name":"Back to Basics","player_choice":"Elegance","floor":24.0,"gold_loss":0.0,"damage_taken":0.0},{"damage_healed":0.0,"max_hp_gain":0.0,"max_hp_loss":0.0,"gold_gain":0.0,"event_name":"Cursed Tome","player_choice":"Obtained Book","floor":28.0,"gold_loss":0.0,"damage_taken":16.0}],"is_beta":false,"boss_relics":[{"not_picked":["Fusion Hammer","Calling Bell"],"picked":"Busted Crown"}],"items_purged_floors":[11],"is_endless":false,"potions_floor_spawned":[1,13,14,18,23,25],"killed_by":"Snake Plant","ascension_level":3}