{"gold_per_floor":[111,128,138,138,15,40,40,54,79,113,132,32,59,83,95,210,222,252,281,493,117,130,130,141,171,240,274,286,299,299,311,311,407,407,420,420,330,342,217,217,246,246,246,257,290,303,2,14,14,14],"floor_reached":51,"playtime":4063,"items_purged":["Strike_B","Strike_B","Strike_B"],"score":818,"play_id":"134b9042-6b24-4b11-b85f-2c9c37433363","local_time":"20190715225500","is_ascension_mode":true,"campfire_choices":[{"data":"Capacitor","floor":7.0,"key":"SMITH"},{"data":"Go for the Eyes","floor":15.0,"key":"SMITH"},{"data":"Electrodynamics","floor":23.0,"key":"SMITH"},{"data":"Coolheaded","floor":30.0,"key":"SMITH"},{"data":"1","floor":32.0,"key":"LIFT"},{"data":"Hologram","floor":40.0,"key":"SMITH"},{"data":"Glacier","floor":42.0,"key":"SMITH"},{"data":"Seek","floor":49,"key":"SMITH"}],"neow_cost":"NONE","seed_source_timestamp":194238553145930,"circlet_count":0,"master_deck":["Defend_B","Defend_B","Defend_B","Defend_B","Zap","BootSequence","Gash","Capacitor+1","Rebound","Go for the Eyes+1","Capacitor+1","Cold Snap","Coolheaded+1","Core Surge","Melter","Electrodynamics+1","Coolheaded+1","Steam Power+1","Self Repair","Ball Lightning+1","Self Repair+1","Hologram+1","Gash","Glacier+1","All For One","Heatsinks+1","Heatsinks","Skim+1","Redo+1","Seek+1","Defragment+1"],"special_seed":0,"relics":["FrozenCore","PreservedInsect","Happy Flower","Ancient Tea Set","MawBank","Nuclear Battery","Vajra","Boot","Girya","Matryoshka","Blood Vial","Incense Burner","Bag of Preparation","Bottled Flame","Anchor","Art of War"],"potions_floor_usage":[50,50,50],"damage_taken":[{"damage":8.0,"enemies":"Small Slimes","floor":1.0,"turns":3.0},{"damage":1.0,"enemies":"Jaw Worm","floor":2.0,"turns":4.0},{"damage":1.0,"enemies":"Cultist","floor":3.0,"turns":4.0},{"damage":3.0,"enemies":"Lagavulin","floor":6.0,"turns":7.0},{"damage":4.0,"enemies":"Exordium Thugs","floor":8.0,"turns":5.0},{"damage":2.0,"enemies":"Gremlin Nob","floor":10.0,"turns":3.0},{"damage":1.0,"enemies":"Exordium Wildlife","floor":11.0,"turns":3.0},{"damage":1.0,"enemies":"Lagavulin","floor":13.0,"turns":6.0},{"damage":0.0,"enemies":"Red Slaver","floor":14.0,"turns":4.0},{"damage":29.0,"enemies":"Hexaghost","floor":16.0,"turns":11.0},{"damage":18.0,"enemies":"3 Byrds","floor":18.0,"turns":3.0},{"damage":5.0,"enemies":"Chosen","floor":19.0,"turns":5.0},{"damage":3.0,"enemies":"Centurion and Healer","floor":22.0,"turns":7.0},{"damage":9.0,"enemies":"Sentry and Sphere","floor":24.0,"turns":3.0},{"damage":25.0,"enemies":"Book of Stabbing","floor":25.0,"turns":4.0},{"damage":16.0,"enemies":"Slavers","floor":27.0,"turns":5.0},{"damage":10.0,"enemies":"Snecko","floor":28.0,"turns":6.0},{"damage":27.0,"enemies":"Shelled Parasite and Fungi","floor":29.0,"turns":5.0},{"damage":6.0,"enemies":"Centurion and Healer","floor":31.0,"turns":4.0},{"damage":56.0,"enemies":"Champ","floor":33.0,"turns":15.0},{"damage":5.0,"enemies":"3 Shapes","floor":35.0,"turns":4.0},{"damage":1.0,"enemies":"Orb Walker","floor":38.0,"turns":3.0},{"damage":17.0,"enemies":"Nemesis","floor":41.0,"turns":7.0},{"damage":5.0,"enemies":"4 Shapes","floor":44.0,"turns":6.0},{"damage":38.0,"enemies":"Reptomancer","floor":45.0,"turns":7.0},{"damage":19.0,"enemies":"Spire Growth","floor":46.0,"turns":5.0},{"damage":16,"enemies":"Maw","floor":48,"turns":8},{"damage":2,"enemies":"Awakened One","floor":50,"turns":13}],"seed_played":"-8051221880241455671","potions_obtained":[{"floor":1.0,"key":"AttackPotion"},{"floor":3.0,"key":"PowerPotion"},{"floor":8.0,"key":"SkillPotion"},{"floor":14.0,"key":"Explosive Potion"},{"floor":18.0,"key":"LiquidBronze"},{"floor":19.0,"key":"Weak Potion"},{"floor":22.0,"key":"Dexterity Potion"},{"floor":38.0,"key":"GamblersBrew"},{"floor":41.0,"key":"PowerPotion"},{"floor":48,"key":"PowerPotion"}],"is_trial":false,"path_per_floor":["M","M","M","?","$","E","R","M","T","E","M","$","E","M","R","B",null,"M","M","?","$","M","R","M","E","T","E","M","M","R","M","R","B",null,"M","?","?","M","$","R","E","R","T","M","E","M","$","M","R","B",null],"character_chosen":"DEFECT","items_purchased":["Rebound","Vajra","Boot","Self Repair","FocusPotion","Art of War","GamblersBrew"],"campfire_rested":0,"item_purchase_floors":[5,21,21,21,47,47,47],"current_hp_per_floor":[74,73,72,77,77,74,74,70,70,68,67,67,66,66,66,37,87,69,64,64,64,68,68,66,48,48,49,58,50,50,63,63,26,87,87,87,87,87,87,87,87,87,87,87,66,66,66,69,69,86],"gold":14,"neow_bonus":"TEN_PERCENT_HP_BONUS","is_prod":false,"is_daily":false,"chose_seed":false,"campfire_upgraded":7,"win_rate":0,"timestamp":1563249300,"path_taken":["M","M","M","?","$","E","R","M","T","E","M","$","E","M","R","BOSS","M","M","?","$","?","R","M","E","T","E","M","M","R","M","R","BOSS","M","?","?","M","$","R","E","R","T","M","E","?","$","M","R","BOSS"],"build_version":"2019-07-05","purchased_purges":3,"victory":true,"max_hp_per_floor":[82,82,82,87,87,87,87,87,87,87,87,87,87,87,87,87,87,87,87,87,87,87,87,87,87,87,87,87,87,87,87,87,87,87,87,87,87,87,87,87,87,87,87,87,87,87,87,87,87,87],"card_choices":[{"not_picked":["Barrage","Tempest"],"picked":"BootSequence","floor":1.0},{"not_picked":["Heatsinks","Skim"],"picked":"Gash","floor":2.0},{"not_picked":["Darkness","Turbo"],"picked":"Capacitor","floor":3.0},{"not_picked":["Streamline","Chaos"],"picked":"Go for the Eyes","floor":6.0},{"not_picked":["Barrage","Gash"],"picked":"Capacitor","floor":8.0},{"not_picked":["Beam Cell","Steam"],"picked":"Cold Snap","floor":10.0},{"not_picked":["Rebound","Chaos"],"picked":"Coolheaded","floor":11.0},{"not_picked":["Coolheaded","Redo"],"picked":"Core Surge","floor":13.0},{"not_picked":["Conserve Battery","Barrage"],"picked":"Melter","floor":14.0},{"not_picked":["Rainbow","Fission"],"picked":"Electrodynamics","floor":16.0},{"not_picked":["Barrage","Cold Snap+1"],"picked":"Coolheaded+1","floor":18.0},{"not_picked":["Barrage","Go for the Eyes"],"picked":"Steam Power+1","floor":19.0},{"not_picked":["Cold Snap","Turbo"],"picked":"Ball Lightning+1","floor":22.0},{"not_picked":["Steam Power","Creative AI","Darkness"],"picked":"SKIP","floor":24.0},{"not_picked":["Aggregate+1","Sweeping Beam"],"picked":"Self Repair+1","floor":25.0},{"not_picked":["FTL","Conserve Battery"],"picked":"Hologram","floor":27.0},{"not_picked":["Steam","Hologram","Turbo+1"],"picked":"SKIP","floor":28.0},{"not_picked":["Streamline","Compile Driver"],"picked":"Gash","floor":29.0},{"not_picked":["Genetic Algorithm","Consume"],"picked":"Glacier","floor":31.0},{"not_picked":["Amplify","Core Surge"],"picked":"All For One","floor":33.0},{"not_picked":["Consume+1","Static Discharge+1"],"picked":"Heatsinks+1","floor":35.0},{"not_picked":["Sweeping Beam+1","Conserve Battery"],"picked":"Heatsinks","floor":38.0},{"not_picked":["Glacier","White Noise"],"picked":"Skim+1","floor":41.0},{"not_picked":["Stack+1","Ball Lightning"],"picked":"Redo+1","floor":44.0},{"not_picked":["Doom and Gloom+1","Beam Cell","Double Energy"],"picked":"SKIP","floor":45.0},{"not_picked":["Chill","Genetic Algorithm+1"],"picked":"Seek","floor":46.0},{"not_picked":["Leap","Conserve Battery"],"picked":"Defragment+1","floor":48}],"player_experience":215689,"relics_obtained":[{"floor":6.0,"key":"PreservedInsect"},{"floor":9.0,"key":"Happy Flower"},{"floor":10.0,"key":"Ancient Tea Set"},{"floor":13.0,"key":"MawBank"},{"floor":25.0,"key":"Girya"},{"floor":26.0,"key":"Matryoshka"},{"floor":27.0,"key":"Blood Vial"},{"floor":41.0,"key":"Incense Burner"},{"floor":43.0,"key":"Bag of Preparation"},{"floor":43.0,"key":"Bottled Flame"},{"floor":45.0,"key":"Anchor"}],"event_choices":[{"damage_healed":0.0,"max_hp_gain":5.0,"max_hp_loss":0.0,"gold_gain":0.0,"event_name":"Big Fish","player_choice":"Donut","floor":4.0,"gold_loss":0.0,"damage_taken":0.0},{"damage_healed":0.0,"max_hp_gain":0.0,"max_hp_loss":0.0,"gold_gain":200.0,"event_name":"Wheel of Change","player_choice":"Gold","floor":20.0,"gold_loss":0.0,"damage_taken":0.0},{"cards_removed":["Dualcast"],"damage_healed":0.0,"max_hp_gain":0.0,"max_hp_loss":0.0,"gold_gain":0.0,"event_name":"Falling","player_choice":"Removed Skill","floor":36.0,"gold_loss":0.0,"damage_taken":0.0},{"cards_removed":["Strike_B"],"damage_healed":0.0,"max_hp_gain":0.0,"max_hp_loss":0.0,"gold_gain":0.0,"event_name":"Designer","player_choice":"Upgrade and Remove","floor":37.0,"gold_loss":90.0,"damage_taken":0.0,"cards_upgraded":["Capacitor"]}],"is_beta":false,"boss_relics":[{"not_picked":["Runic Dome","Ectoplasm"],"picked":"Nuclear Battery"},{"not_picked":["Fusion Hammer","Snecko Eye"],"picked":"FrozenCore"}],"items_purged_floors":[5,12,39],"is_endless":false,"potions_floor_spawned":[1,3,8,14,18,19,22,38,41,44,48],"ascension_level":2}