{"gold_per_floor":[12,12,31,47,47,79,79,105,105,105,133,133,133,146,146,224,224,242,242,242,242,109,109,120,120,120,120,133,147,0,24,24,96,96,112,112,24,24,42,42,61,61],"floor_reached":42,"playtime":1256,"items_purged":["Strike_R"],"score":878,"play_id":"fb5ef188-4cd7-4791-8c25-f05715c9dd41","local_time":"20190517210828","is_ascension_mode":true,"campfire_choices":[{"data":"Demon Form","floor":7.0,"key":"SMITH"},{"floor":10.0,"key":"REST"},{"data":"Shockwave","floor":12.0,"key":"SMITH"},{"floor":15.0,"key":"RECALL"},{"data":"Heavy Blade","floor":23.0,"key":"SMITH"},{"data":"Limit Break","floor":25.0,"key":"SMITH"},{"floor":32.0,"key":"REST"},{"floor":40,"key":"REST"}],"neow_cost":"NO_GOLD","seed_source_timestamp":77721538268028,"circlet_count":0,"master_deck":["AscendersBane","Strike_R","Defend_R","Defend_R","Defend_R","Defend_R","Bash","Inflame","Demon Form+1","Cleave","Second Wind","Shockwave+1","Limit Break+1","Fire Breathing+1","Burning Pact+1","Pummel+1","Heavy Blade+1","Disarm","Feel No Pain","Shrug It Off","Impervious","Master of Strategy","Thinking Ahead","Feel No Pain","Shrug It Off+1","Evolve"],"special_seed":0,"relics":["Burning Blood","Nunchaku","Strawberry","Pear","Bottled Tornado","Orichalcum","Astrolabe","Ancient Tea Set","Cursed Key"],"potions_floor_usage":[33,39,42],"damage_taken":[{"damage":8.0,"enemies":"2 Louse","floor":1.0,"turns":3.0},{"damage":4.0,"enemies":"Small Slimes","floor":3.0,"turns":3.0},{"damage":6.0,"enemies":"Jaw Worm","floor":4.0,"turns":6.0},{"damage":50.0,"enemies":"3 Sentries","floor":6.0,"turns":10.0},{"damage":45.0,"enemies":"Gremlin Nob","floor":8.0,"turns":5.0},{"damage":19.0,"enemies":"Lagavulin","floor":11.0,"turns":6.0},{"damage":9.0,"enemies":"Red Slaver","floor":14.0,"turns":5.0},{"damage":49.0,"enemies":"The Guardian","floor":16.0,"turns":10.0},{"damage":36.0,"enemies":"Spheric Guardian","floor":18.0,"turns":6.0},{"damage":0.0,"enemies":"Shell Parasite","floor":21.0,"turns":1.0},{"damage":14.0,"enemies":"Cultist and Chosen","floor":24.0,"turns":5.0},{"damage":17.0,"enemies":"Snake Plant","floor":28.0,"turns":5.0},{"damage":13.0,"enemies":"Snecko","floor":29.0,"turns":3.0},{"damage":40,"enemies":"Automaton","floor":33,"turns":5},{"damage":12,"enemies":"3 Darklings","floor":35,"turns":6},{"damage":28,"enemies":"3 Shapes","floor":39,"turns":6},{"damage":17,"enemies":"Jaw Worm Horde","floor":41,"turns":4},{"damage":14,"enemies":"Reptomancer","floor":42,"turns":2}],"seed_played":"-7553639227553712715","potions_obtained":[{"floor":4.0,"key":"SpeedPotion"},{"floor":6.0,"key":"Regen Potion"},{"floor":11.0,"key":"SteroidPotion"},{"floor":16.0,"key":"SneckoOil"},{"floor":18.0,"key":"Dexterity Potion"},{"floor":20.0,"key":"SmokeBomb"},{"floor":29.0,"key":"Swift Potion"},{"floor":35,"key":"BloodPotion"},{"floor":39,"key":"PowerPotion"}],"is_trial":false,"path_per_floor":["M","?","M","M","?","E","R","E","T","R","E","R","?","M","R","B",null,"M","?","?","M","$","R","M","R","T","?","M","M","?","T","R","B",null,"M","?","$","?","M","R","M","E"],"character_chosen":"IRONCLAD","items_purchased":["Heavy Blade","Feel No Pain"],"campfire_rested":3,"item_purchase_floors":[22,37],"current_hp_per_floor":[66,68,70,70,70,36,36,11,11,38,25,25,55,52,52,9,71,41,41,41,47,47,47,39,39,39,39,28,21,21,21,48,14,73,67,57,57,57,43,69,58,44],"gold":61,"neow_bonus":"ONE_RARE_RELIC","is_prod":false,"is_daily":false,"chose_seed":false,"campfire_upgraded":4,"win_rate":0,"timestamp":1558098508,"path_taken":["M","?","M","M","?","E","R","E","T","R","E","R","?","M","R","BOSS","M","?","?","?","$","R","M","R","T","?","M","M","?","?","R","BOSS","M","?","$","?","M","R","M","E"],"build_version":"2019-01-23","purchased_purges":1,"victory":false,"max_hp_per_floor":[75,82,82,82,82,92,92,92,92,92,92,92,92,92,92,92,92,92,92,92,92,92,92,92,92,92,92,92,92,92,92,92,92,92,92,92,92,87,87,87,87,87],"card_choices":[{"not_picked":["Clothesline","Combust"],"picked":"Inflame","floor":1.0},{"not_picked":["Warcry","Iron Wave","Headbutt"],"picked":"SKIP","floor":3.0},{"not_picked":["Perfected Strike","Metallicize"],"picked":"Demon Form","floor":4.0},{"not_picked":["Reckless Charge","Clash"],"picked":"Cleave","floor":6.0},{"not_picked":["Anger","Perfected Strike"],"picked":"Second Wind","floor":8.0},{"not_picked":["Twin Strike","Body Slam"],"picked":"Shockwave","floor":11.0},{"not_picked":["Clash","Cleave","Dropkick"],"picked":"SKIP","floor":14.0},{"not_picked":["Berserk","Impervious"],"picked":"Limit Break","floor":16.0},{"not_picked":["Searing Blow","Clash","Combust"],"picked":"SKIP","floor":18.0},{"not_picked":["Perfected Strike","Shockwave"],"picked":"Disarm","floor":24.0},{"not_picked":["Body Slam+1","Disarm"],"picked":"Shrug It Off","floor":28.0},{"not_picked":["Burning Pact","Headbutt","Metallicize"],"picked":"SKIP","floor":29.0},{"not_picked":["Immolate","Fiend Fire"],"picked":"Impervious","floor":33},{"not_picked":["Ghostly Armor","Disarm","Clothesline"],"picked":"SKIP","floor":35},{"not_picked":["Madness","Forethought"],"picked":"Master of Strategy","floor":36},{"not_picked":["Jack Of All Trades","Bandage Up"],"picked":"Thinking Ahead","floor":36},{"not_picked":["Cleave","Carnage"],"picked":"Shrug It Off+1","floor":39},{"not_picked":["Clothesline","Havoc"],"picked":"Evolve","floor":41}],"player_experience":860772,"relics_obtained":[{"floor":6.0,"key":"Pear"},{"floor":8.0,"key":"Bottled Tornado"},{"floor":9.0,"key":"Orichalcum"},{"floor":26.0,"key":"Ancient Tea Set"}],"event_choices":[{"damage_healed":0.0,"max_hp_gain":0.0,"max_hp_loss":0.0,"gold_gain":0.0,"event_name":"Scrap Ooze","player_choice":"Success","floor":2.0,"gold_loss":0.0,"damage_taken":5.0,"relics_obtained":["Strawberry"]},{"damage_healed":0.0,"max_hp_gain":0.0,"max_hp_loss":0.0,"gold_gain":0.0,"event_name":"Liars Game","player_choice":"Ignored","floor":5.0,"gold_loss":0.0,"damage_taken":0.0},{"damage_healed":30.0,"max_hp_gain":0.0,"max_hp_loss":0.0,"gold_gain":0.0,"event_name":"Big Fish","player_choice":"Banana","floor":13.0,"gold_loss":0.0,"damage_taken":0.0},{"damage_healed":0.0,"max_hp_gain":0.0,"max_hp_loss":0.0,"gold_gain":0.0,"event_name":"The Mausoleum","player_choice":"Ignored","floor":19.0,"gold_loss":0.0,"damage_taken":0.0},{"damage_healed":0.0,"max_hp_gain":0.0,"max_hp_loss":0.0,"gold_gain":0.0,"event_name":"Lab","player_choice":"Got Potions","floor":20.0,"gold_loss":0.0,"damage_taken":0.0},{"damage_healed":0.0,"max_hp_gain":0.0,"max_hp_loss":0.0,"gold_gain":0.0,"event_name":"The Library","player_choice":"Read","floor":27.0,"gold_loss":0.0,"damage_taken":0.0,"cards_obtained":["Feel No Pain"]},{"damage_healed":0.0,"max_hp_gain":0.0,"max_hp_loss":0.0,"gold_gain":0.0,"event_name":"Masked Bandits","player_choice":"Paid Fearfully","floor":30.0,"gold_loss":147.0,"damage_taken":0.0},{"damage_healed":0,"gold_gain":0,"player_choice":"Memory 3","damage_taken":10,"max_hp_gain":0,"max_hp_loss":0,"event_name":"SensoryStone","floor":36,"gold_loss":0},{"damage_healed":0,"gold_gain":0,"player_choice":"Max HP","damage_taken":0,"max_hp_gain":0,"max_hp_loss":5,"event_name":"Winding Halls","floor":38,"gold_loss":0}],"is_beta":false,"boss_relics":[{"not_picked":["Coffee Dripper","Ectoplasm"],"picked":"Astrolabe"},{"not_picked":["Sozu","Runic Cube"],"picked":"Cursed Key"}],"items_purged_floors":[22],"is_endless":false,"potions_floor_spawned":[4,6,11,16,18,21,29,35,39],"killed_by":"Reptomancer","ascension_level":20}