{"gold_per_floor":[111,122,142,142,162,174,190,204,204,204,219,219,219,240,240,330,393,377,397,322,322,322],"floor_reached":22,"playtime":770,"items_purged":["Strike_G"],"score":364,"play_id":"baaf8c2d-11ab-4e2c-ba82-ec92b70000a7","local_time":"20190709164558","is_ascension_mode":true,"campfire_choices":[{"data":"Deadly Poison","floor":10.0,"key":"SMITH"},{"data":"Neutralize","floor":15,"key":"SMITH"}],"neow_cost":"TEN_PERCENT_HP_LOSS","seed_source_timestamp":88800076355589,"circlet_count":0,"master_deck":["AscendersBane","Strike_G+1","Strike_G","Defend_G","Defend_G","Defend_G+1","Defend_G+1","Defend_G","Survivor","Neutralize+1","Deadly Poison+1","PiercingWail","Acrobatics","Noxious Fumes","Calculated Gamble"],"special_seed":0,"relics":["Ring of the Snake","Mummified Hand","Golden Idol","Tiny House"],"potions_floor_usage":[],"damage_taken":[{"damage":5.0,"enemies":"Small Slimes","floor":1.0,"turns":6.0},{"damage":2.0,"enemies":"Jaw Worm","floor":2.0,"turns":4.0},{"damage":0.0,"enemies":"2 Louse","floor":3.0,"turns":3.0},{"damage":4.0,"enemies":"Red Slaver","floor":5.0,"turns":7.0},{"damage":0.0,"enemies":"Exordium Wildlife","floor":6.0,"turns":4.0},{"damage":2.0,"enemies":"2 Fungi Beasts","floor":7.0,"turns":6.0},{"damage":0.0,"enemies":"3 Louse","floor":8.0,"turns":4.0},{"damage":7.0,"enemies":"Gremlin Gang","floor":11.0,"turns":6.0},{"damage":4,"enemies":"Blue Slaver","floor":14,"turns":5},{"damage":14,"enemies":"The Guardian","floor":16,"turns":10},{"damage":9,"enemies":"2 Thieves","floor":18,"turns":4},{"damage":22,"enemies":"Chosen","floor":19,"turns":5},{"damage":0,"enemies":"Centurion and Healer","floor":22,"turns":1}],"seed_played":"8362895228788433273","potions_obtained":[{"floor":5.0,"key":"SpeedPotion"},{"floor":8.0,"key":"Energy Potion"},{"floor":16,"key":"Weak Potion"}],"is_trial":false,"path_per_floor":["M","M","M","?","M","M","M","M","T","R","M","?","?","M","R","B",null,"M","M","$","?","M"],"character_chosen":"THE_SILENT","items_purchased":[],"campfire_rested":0,"item_purchase_floors":[],"current_hp_per_floor":[54,52,52,34,30,30,28,28,28,28,21,21,21,17,17,3,46,37,15,15,15,15],"gold":322,"neow_bonus":"REMOVE_TWO","is_prod":false,"is_daily":false,"chose_seed":false,"campfire_upgraded":2,"win_rate":0,"timestamp":1562661958,"path_taken":["M","M","M","?","M","M","M","M","T","R","M","?","?","?","R","BOSS","M","M","$","?","M"],"build_version":"2019-07-05","purchased_purges":1,"victory":false,"max_hp_per_floor":[60,60,60,60,60,60,60,60,60,60,60,60,54,54,54,54,59,59,59,59,59,59],"card_choices":[{"not_picked":["Cloak And Dagger","Flying Knee"],"picked":"Deadly Poison","floor":1.0},{"not_picked":["Blade Dance","Dagger Throw"],"picked":"PiercingWail","floor":2.0},{"not_picked":["Quick Slash","Poisoned Stab","Distraction"],"picked":"SKIP","floor":3.0},{"not_picked":["Envenom","Poisoned Stab","Prepared"],"picked":"SKIP","floor":5.0},{"not_picked":["Sucker Punch","Deadly Poison"],"picked":"Acrobatics","floor":6.0},{"not_picked":["Flying Knee","Dash"],"picked":"Noxious Fumes","floor":7.0},{"not_picked":["Slice","Backflip","Deadly Poison"],"picked":"SKIP","floor":8.0},{"not_picked":["Sucker Punch","Dagger Spray","Riddle With Holes"],"picked":"SKIP","floor":11.0},{"not_picked":["Acrobatics","Outmaneuver","Finisher"],"picked":"SKIP","floor":14},{"not_picked":["Backstab","Riddle With Holes"],"picked":"Calculated Gamble","floor":17},{"not_picked":["Poisoned Stab","Quick Slash","Sucker Punch"],"picked":"SKIP","floor":18},{"not_picked":["Endless Agony","Finisher+1","Skewer"],"picked":"SKIP","floor":19}],"player_experience":1078285,"relics_obtained":[{"floor":9.0,"key":"Mummified Hand"}],"event_choices":[{"damage_healed":0.0,"max_hp_gain":0.0,"max_hp_loss":0.0,"gold_gain":0.0,"event_name":"Shining Light","player_choice":"Entered Light","floor":4.0,"gold_loss":0.0,"damage_taken":18.0,"cards_upgraded":["Defend_G","Defend_G"]},{"damage_healed":0,"gold_gain":0,"player_choice":"Searched \u00270\u0027 times","damage_taken":0,"max_hp_gain":0,"max_hp_loss":0,"event_name":"Dead Adventurer","floor":12,"gold_loss":0},{"damage_healed":0,"gold_gain":0,"player_choice":"Lose Max HP","damage_taken":0,"relics_obtained":["Golden Idol"],"max_hp_gain":0,"max_hp_loss":6,"event_name":"Golden Idol","floor":13,"gold_loss":0},{"damage_healed":0,"gold_gain":0,"player_choice":"Ignored","damage_taken":0,"max_hp_gain":0,"max_hp_loss":0,"event_name":"Cursed Tome","floor":21,"gold_loss":0}],"is_beta":false,"boss_relics":[{"not_picked":["Eternal Feather","Coffee Dripper"],"picked":"Tiny House"}],"items_purged_floors":[20],"is_endless":false,"potions_floor_spawned":[5,8,16,19],"killed_by":"Centurion and Healer","ascension_level":20}