{"gold_per_floor":[114,114,39,49,66,66,66,66,145,163,173,184,197,210,210,282,282,292,192,192,67,81,81,100,100,100,112,112,132,132,146,146,219,219,239,239,239,255,105,105,140,140],"floor_reached":42,"playtime":1859,"items_purged":["Pain","Predator","Sucker Punch","Dash+1"],"score":844,"play_id":"74c0305d-b508-45c9-bddb-99585c0cda7b","local_time":"20190717140617","is_ascension_mode":true,"campfire_choices":[{"data":"Cloak And Dagger","floor":6.0,"key":"SMITH"},{"data":"Dagger Spray","floor":8.0,"key":"SMITH"},{"data":"Well Laid Plans","floor":15.0,"key":"SMITH"},{"data":"Bullet Time","floor":23.0,"key":"SMITH"},{"data":"Concentrate","floor":25.0,"key":"SMITH"},{"data":"Deadly Poison","floor":32.0,"key":"SMITH"},{"floor":40.0,"key":"RECALL"}],"neow_cost":"NONE","seed_source_timestamp":0,"circlet_count":0,"master_deck":["AscendersBane","Survivor+1","Neutralize+1","Dagger Spray+1","Cloak And Dagger+1","Acrobatics+1","Well Laid Plans+1","Terror+1","Catalyst+1","Bullet Time+1","Concentrate+1","Eviscerate+1","Leg Sweep+1","A Thousand Cuts+1","Die Die Die+1","Wraith Form v2+1","Reflex+1","Ghostly+1","Ghostly+1","Ghostly+1","PiercingWail+1","Deadly Poison+1","Backflip+1"],"special_seed":0,"relics":["WristBlade","WarpedTongs","Sundial","Pandora\u0027s Box","Meat on the Bone","Mark of the Bloom","Dream Catcher"],"potions_floor_usage":[],"damage_taken":[{"damage":5.0,"enemies":"2 Louse","floor":1.0,"turns":5.0},{"damage":0.0,"enemies":"Cultist","floor":4.0,"turns":5.0},{"damage":0.0,"enemies":"Small Slimes","floor":5.0,"turns":2.0},{"damage":0.0,"enemies":"2 Fungi Beasts","floor":10.0,"turns":3.0},{"damage":0.0,"enemies":"3 Louse","floor":11.0,"turns":5.0},{"damage":0.0,"enemies":"Large Slime","floor":12.0,"turns":4.0},{"damage":1.0,"enemies":"Lots of Slimes","floor":13.0,"turns":8.0},{"damage":16.0,"enemies":"Exordium Thugs","floor":14.0,"turns":6.0},{"damage":31.0,"enemies":"The Guardian","floor":16.0,"turns":10.0},{"damage":4.0,"enemies":"Chosen","floor":18.0,"turns":5.0},{"damage":12.0,"enemies":"3 Byrds","floor":22.0,"turns":7.0},{"damage":4.0,"enemies":"Snake Plant","floor":24.0,"turns":6.0},{"damage":8.0,"enemies":"Snecko","floor":27.0,"turns":6.0},{"damage":9.0,"enemies":"Chosen and Byrds","floor":29.0,"turns":6.0},{"damage":9.0,"enemies":"Snake Plant","floor":31.0,"turns":6.0},{"damage":24.0,"enemies":"Automaton","floor":33.0,"turns":9.0},{"damage":5.0,"enemies":"3 Darklings","floor":35.0,"turns":5.0},{"damage":1.0,"enemies":"Orb Walker","floor":38.0,"turns":3.0},{"damage":2,"enemies":"Giant Head","floor":41,"turns":8},{"damage":0,"enemies":"4 Shapes","floor":42,"turns":1}],"seed_played":"-387685360308469175","potions_obtained":[{"floor":4.0,"key":"PowerPotion"},{"floor":10.0,"key":"FearPotion"},{"floor":11.0,"key":"Regen Potion"},{"floor":18.0,"key":"SteroidPotion"},{"floor":24.0,"key":"Weak Potion"},{"floor":27.0,"key":"Fire Potion"},{"floor":33.0,"key":"SpeedPotion"}],"is_trial":false,"path_per_floor":["M","?","$","M","M","R","$","R","T","M","M","M","M","M","R","B",null,"M","$","?","$","M","R","M","R","T","M","?","M","?","M","R","B",null,"M","?","?","M","$","R","E","M"],"character_chosen":"THE_SILENT","items_purchased":[],"campfire_rested":0,"item_purchase_floors":[],"current_hp_per_floor":[54,54,54,54,54,54,54,54,54,54,54,54,53,52,52,21,55,51,51,33,33,21,21,17,17,17,21,14,17,25,28,28,16,33,28,28,28,27,27,27,25,25],"gold":140,"neow_bonus":"BOSS_RELIC","is_prod":false,"is_daily":false,"chose_seed":false,"campfire_upgraded":6,"win_rate":0,"timestamp":1563343577,"path_taken":["M","?","$","M","M","R","?","R","T","M","M","M","M","M","R","BOSS","M","$","?","$","M","R","M","R","T","M","?","M","?","M","R","BOSS","M","?","?","?","$","R","E","M"],"build_version":"2019-07-05","purchased_purges":4,"victory":false,"max_hp_per_floor":[66,66,66,66,66,66,66,66,66,66,66,66,66,66,66,66,66,66,66,33,33,33,33,33,33,33,33,38,38,38,38,38,38,38,38,38,38,38,38,38,38,38],"card_choices":[{"not_picked":["Poisoned Stab","Flying Knee","Quick Slash"],"picked":"SKIP","floor":1.0},{"not_picked":["Concentrate","Sucker Punch"],"picked":"Dagger Spray","floor":4.0},{"not_picked":["Bane","Dagger Spray"],"picked":"Cloak And Dagger","floor":5.0},{"not_picked":["Deadly Poison","Accuracy"],"picked":"Acrobatics","floor":10.0},{"not_picked":["Phantasmal Killer","Reflex"],"picked":"Well Laid Plans","floor":11.0},{"not_picked":["Prepared","Poisoned Stab"],"picked":"Terror","floor":12.0},{"not_picked":["Deadly Poison","Cloak And Dagger"],"picked":"Catalyst","floor":13.0},{"not_picked":["Blur","Quick Slash","Deflect"],"picked":"SKIP","floor":14.0},{"not_picked":["Venomology","Glass Knife"],"picked":"Bullet Time","floor":16.0},{"not_picked":["Prepared","Distraction","Backflip"],"picked":"SKIP","floor":18.0},{"not_picked":["Catalyst","Finisher"],"picked":"PiercingWail","floor":22.0},{"not_picked":["Backflip","Dagger Spray","Distraction"],"picked":"SKIP","floor":24.0},{"not_picked":["Backflip","Masterful Stab","Slice"],"picked":"SKIP","floor":27.0},{"not_picked":["Well Laid Plans","Noxious Fumes"],"picked":"Deadly Poison","floor":29.0},{"not_picked":["Poisoned Stab","Concentrate","Predator"],"picked":"SKIP","floor":31.0},{"not_picked":["Outmaneuver+1","Deadly Poison"],"picked":"Backflip","floor":35.0},{"not_picked":["Footwork","Catalyst","Distraction+1"],"picked":"SKIP","floor":38.0},{"not_picked":["Bane","All Out Attack","Setup"],"picked":"SKIP","floor":41}],"player_experience":1122258,"relics_obtained":[{"floor":9.0,"key":"Sundial"},{"floor":26.0,"key":"Meat on the Bone"},{"floor":41,"key":"Dream Catcher"}],"event_choices":[{"damage_healed":0.0,"max_hp_gain":0.0,"max_hp_loss":0.0,"gold_gain":0.0,"event_name":"Accursed Blacksmith","player_choice":"Rummage","floor":2.0,"gold_loss":0.0,"damage_taken":0.0,"relics_obtained":["WarpedTongs"],"cards_obtained":["Pain"]},{"damage_healed":0.0,"max_hp_gain":0.0,"max_hp_loss":33.0,"gold_gain":0.0,"event_name":"Ghosts","player_choice":"Became a Ghost","floor":20.0,"gold_loss":0.0,"damage_taken":0.0,"cards_obtained":["Ghostly","Ghostly","Ghostly"]},{"damage_healed":0.0,"max_hp_gain":5.0,"max_hp_loss":0.0,"gold_gain":0.0,"event_name":"Forgotten Altar","player_choice":"Shed Blood","floor":28.0,"gold_loss":0.0,"damage_taken":12.0},{"damage_healed":8.0,"max_hp_gain":0.0,"max_hp_loss":0.0,"gold_gain":0.0,"event_name":"The Library","player_choice":"Heal","floor":30.0,"gold_loss":0.0,"damage_taken":0.0},{"damage_healed":0.0,"max_hp_gain":0.0,"max_hp_loss":0.0,"gold_gain":0.0,"event_name":"MindBloom","player_choice":"Upgrade","floor":36.0,"gold_loss":0.0,"damage_taken":0.0,"cards_upgraded":["Survivor","Neutralize","Acrobatics","Terror","Catalyst","Eviscerate","Dash","Leg Sweep","A Thousand Cuts","Die Die Die","Wraith Form v2","Reflex","Ghostly","Ghostly","Ghostly","PiercingWail","Backflip"],"relics_obtained":["Mark of the Bloom"]},{"damage_healed":0.0,"max_hp_gain":0.0,"max_hp_loss":0.0,"gold_gain":0.0,"event_name":"Match and Keep!","player_choice":"0 cards matched","floor":37.0,"gold_loss":0.0,"damage_taken":0.0,"cards_obtained":[]}],"is_beta":false,"boss_relics":[{"not_picked":["Tiny House","White Beast Statue"],"picked":"Pandora\u0027s Box"},{"not_picked":["Fusion Hammer","Runic Dome","HoveringKite"]}],"items_purged_floors":[3,19,21,39],"is_endless":false,"potions_floor_spawned":[4,10,11,13,18,24,27,33,38],"killed_by":"4 Shapes","ascension_level":20}