{"gold_per_floor":[119,119,119,138,213,213,256,256,301,319,319,340,359,359,359,490,490,505,518,518,518],"floor_reached":21,"playtime":1020,"items_purged":[],"score":251,"play_id":"94b9a8c4-f8d0-4fe2-a77d-d2e666ec99d6","local_time":"20190718231205","is_ascension_mode":true,"campfire_choices":[{"floor":6,"key":"REST"},{"floor":8,"key":"REST"},{"floor":15,"key":"REST"}],"neow_cost":"NONE","seed_source_timestamp":618034740591491,"circlet_count":0,"master_deck":["Strike_G","Strike_G","Strike_G","Defend_G","Defend_G","Defend_G","Defend_G","Defend_G","Survivor+1","Neutralize","Bane+1","Backflip+1","Glass Knife","Poisoned Stab","Backflip","Terror","Wraith Form v2","Deadly Poison","Dagger Spray+1"],"relics":["Velvet Choker","Golden Idol","Ginger","Centennial Puzzle","Singing Bowl","Empty Cage"],"potions_floor_usage":[7,16,16,19],"damage_taken":[{"damage":5,"enemies":"Jaw Worm","floor":1,"turns":5},{"damage":0,"enemies":"Small Slimes","floor":4,"turns":3},{"damage":45,"enemies":"3 Sentries","floor":7,"turns":20},{"damage":0,"enemies":"2 Louse","floor":10,"turns":2},{"damage":3,"enemies":"Exordium Wildlife","floor":12,"turns":5},{"damage":6,"enemies":"3 Louse","floor":13,"turns":3},{"damage":26,"enemies":"Slime Boss","floor":16,"turns":10},{"damage":21,"enemies":"Spheric Guardian","floor":18,"turns":6},{"damage":3,"enemies":"2 Thieves","floor":19,"turns":4},{"damage":28,"enemies":"Snake Plant","floor":21,"turns":5}],"seed_played":"-4537718319292020010","potions_obtained":[{"floor":1,"key":"Weak Potion"},{"floor":13,"key":"EntropicBrew"},{"floor":16,"key":"Fire Potion"},{"floor":18,"key":"Swift Potion"}],"is_trial":false,"path_per_floor":["M","?","?","M","?","R","E","R","T","M","?","M","M","?","R","B",null,"M","M","?","M"],"character_chosen":"THE_SILENT","items_purchased":[],"campfire_rested":3,"item_purchase_floors":[],"current_hp_per_floor":[58,58,45,45,34,53,8,27,27,27,27,24,18,18,37,11,52,31,28,28,0],"gold":518,"neow_bonus":"BOSS_RELIC","is_prod":false,"is_daily":false,"chose_seed":false,"campfire_upgraded":0,"win_rate":0,"timestamp":1563505925,"path_taken":["M","?","?","M","?","R","E","R","T","?","?","M","?","?","R","BOSS","M","?","?","M"],"build_version":"2019-07-17","purchased_purges":0,"victory":false,"max_hp_per_floor":[70,65,65,65,65,65,65,65,65,65,65,65,65,65,65,65,65,65,65,65,65],"card_choices":[{"not_picked":["Acrobatics","Concentrate"],"picked":"Bane","floor":1},{"not_picked":["Quick Slash","Flying Knee"],"picked":"Backflip","floor":4},{"not_picked":["Dagger Spray","Dodge and Roll"],"picked":"Glass Knife","floor":7},{"not_picked":["Distraction","Catalyst"],"picked":"Poisoned Stab","floor":10},{"not_picked":["Underhanded Strike","Skewer"],"picked":"Backflip","floor":12},{"not_picked":["Slice","Sucker Punch"],"picked":"Terror","floor":13},{"not_picked":["Doppelganger","Glass Knife"],"picked":"Wraith Form v2","floor":16},{"not_picked":["Dagger Spray","Setup"],"picked":"Deadly Poison","floor":18},{"not_picked":["Backflip","Infinite Blades"],"picked":"Dagger Spray+1","floor":19}],"player_experience":397209,"relics_obtained":[{"floor":7,"key":"Ginger"},{"floor":9,"key":"Centennial Puzzle"},{"floor":11,"key":"Singing Bowl"}],"event_choices":[{"damage_healed":0,"gold_gain":0,"player_choice":"Lose Max HP","damage_taken":0,"relics_obtained":["Golden Idol"],"max_hp_gain":0,"max_hp_loss":5,"event_name":"Golden Idol","floor":2,"gold_loss":0},{"damage_healed":0,"gold_gain":0,"player_choice":"Entered Light","damage_taken":13,"max_hp_gain":0,"max_hp_loss":0,"event_name":"Shining Light","floor":3,"gold_loss":0,"cards_upgraded":["Survivor","Bane"]},{"damage_healed":0,"gold_gain":75,"player_choice":"Gather Gold","damage_taken":11,"max_hp_gain":0,"max_hp_loss":0,"event_name":"World of Goop","floor":5,"gold_loss":0},{"damage_healed":0,"gold_gain":0,"player_choice":"Relic","damage_taken":0,"max_hp_gain":0,"max_hp_loss":0,"event_name":"Wheel of Change","floor":11,"gold_loss":0},{"damage_healed":0,"gold_gain":0,"player_choice":"Forge","damage_taken":0,"max_hp_gain":0,"max_hp_loss":0,"event_name":"Accursed Blacksmith","floor":14,"gold_loss":0,"cards_upgraded":["Backflip"]},{"damage_healed":0,"gold_gain":0,"player_choice":"Ignored","damage_taken":0,"max_hp_gain":0,"max_hp_loss":0,"event_name":"Vampires","floor":20,"gold_loss":0}],"is_beta":false,"boss_relics":[{"not_picked":["Sozu","Lizard Tail"],"picked":"Empty Cage"}],"items_purged_floors":[],"is_endless":false,"potions_floor_spawned":[1,13,16,18],"killed_by":"Snake Plant","ascension_level":8}