{"gold_per_floor":[365,375,300,300,2,2,19,19,93,113,128,140,173,184,184,280,280,220,220,237,253,8,8,8,8],"floor_reached":25,"playtime":1662,"items_purged":["Normality","Strike_R"],"score":203,"play_id":"7af62253-4049-4b3d-9b6a-5da868d7988d","local_time":"20181212140208","is_ascension_mode":false,"campfire_choices":[{"floor":6,"key":"REST"},{"floor":8,"key":"RECALL"},{"floor":15,"key":"REST"},{"floor":23,"key":"REST"}],"neow_cost":"CURSE","seed_source_timestamp":1598717289376210,"circlet_count":0,"master_deck":["Strike_R","Strike_R","Strike_R","Defend_R","Defend_R","Defend_R","Defend_R","Bash","True Grit","Power Through","Feel No Pain","Dropkick","Flame Barrier","Burning Pact","Warcry","Havoc","Anger","Impervious","Wild Strike+1","Body Slam","Body Slam"],"relics":["Black Blood","Gremlin Horn","Paper Frog","Dodecahedron","Kunai","Ancient Tea Set","Juzu Bracelet"],"potions_floor_usage":[13,16,16,21],"damage_taken":[{"damage":10,"enemies":"Cultist","floor":1,"turns":4},{"damage":16,"enemies":"Jaw Worm","floor":2,"turns":5},{"damage":0,"enemies":"2 Louse","floor":7,"turns":3},{"damage":4,"enemies":"Red Slaver","floor":10,"turns":3},{"damage":2,"enemies":"Blue Slaver","floor":11,"turns":3},{"damage":0,"enemies":"Gremlin Gang","floor":12,"turns":6},{"damage":55,"enemies":"Gremlin Nob","floor":13,"turns":6},{"damage":13,"enemies":"Red Slaver","floor":14,"turns":5},{"damage":45,"enemies":"Hexaghost","floor":16,"turns":16},{"damage":8,"enemies":"2 Thieves","floor":18,"turns":4},{"damage":27,"enemies":"Spheric Guardian","floor":20,"turns":9},{"damage":53,"enemies":"Snake Plant","floor":21,"turns":10},{"damage":55,"enemies":"Gremlin Leader","floor":25,"turns":5}],"seed_played":"-8165922618030354466","potions_obtained":[{"floor":2,"key":"Energy Potion"},{"floor":7,"key":"Dexterity Potion"},{"floor":12,"key":"Swift Potion"},{"floor":16,"key":"Weak Potion"},{"floor":20,"key":"Weak Potion"}],"is_trial":false,"path_per_floor":["M","M","$","?","$","R","M","R","T","M","M","M","E","M","R","B",null,"M","?","M","M","$","R","?","E"],"character_chosen":"IRONCLAD","items_purchased":["Paper Frog","Feel No Pain","Juzu Bracelet"],"campfire_rested":3,"item_purchase_floors":[5,5,22],"current_hp_per_floor":[76,66,66,54,54,78,80,80,80,80,80,80,31,24,48,9,80,80,80,63,20,20,44,44,0],"gold":8,"neow_bonus":"TWO_FIFTY_GOLD","is_prod":false,"is_daily":false,"chose_seed":false,"campfire_upgraded":0,"win_rate":0,"timestamp":1544583728,"path_taken":["M","M","$","?","$","R","M","R","T","M","M","M","E","M","R","BOSS","M","?","?","M","$","R","?","E"],"build_version":"2018-12-06","purchased_purges":2,"victory":false,"max_hp_per_floor":[80,80,80,80,80,80,80,80,80,80,80,80,80,80,80,80,80,80,80,80,80,80,80,80,80],"card_choices":[{"not_picked":["Thunderclap","Iron Wave"],"picked":"True Grit","floor":1},{"not_picked":["Flex","Twin Strike"],"picked":"Power Through","floor":2},{"not_picked":["Armaments","Feel No Pain"],"picked":"Dropkick","floor":7},{"not_picked":["Sword Boomerang","Clash"],"picked":"Flame Barrier","floor":10},{"not_picked":["Wild Strike","Flex"],"picked":"Burning Pact","floor":11},{"not_picked":["Entrench","Burning Pact"],"picked":"Warcry","floor":12},{"not_picked":["Feed","Ghostly Armor"],"picked":"Havoc","floor":13},{"not_picked":["Clothesline","Rage"],"picked":"Anger","floor":14},{"not_picked":["Feed","Demon Form"],"picked":"Impervious","floor":16},{"not_picked":["Twin Strike","Sword Boomerang"],"picked":"Wild Strike+1","floor":18},{"not_picked":["Metallicize","Shockwave"],"picked":"Body Slam","floor":20},{"not_picked":["Flex","Shrug It Off","Pummel"],"picked":"SKIP","floor":21}],"player_experience":207182,"relics_obtained":[{"floor":9,"key":"Dodecahedron"},{"floor":13,"key":"Kunai"}],"event_choices":[{"damage_healed":0,"gold_gain":0,"player_choice":"Success","damage_taken":12,"relics_obtained":["Gremlin Horn"],"max_hp_gain":0,"max_hp_loss":0,"event_name":"Scrap Ooze","floor":4,"gold_loss":0},{"damage_healed":0,"gold_gain":0,"player_choice":"Gave Potion","damage_taken":0,"relics_obtained":["Ancient Tea Set"],"max_hp_gain":0,"max_hp_loss":0,"event_name":"WeMeetAgain","floor":19,"gold_loss":0},{"damage_healed":0,"gold_gain":0,"cards_transformed":["Strike_R"],"player_choice":"Transformed","damage_taken":0,"max_hp_gain":0,"max_hp_loss":0,"event_name":"Transmorgrifier","floor":24,"gold_loss":0,"cards_obtained":["Body Slam"]}],"is_beta":false,"boss_relics":[{"not_picked":["Philosopher\u0027s Stone","Lizard Tail"],"picked":"Black Blood"}],"items_purged_floors":[3,22],"is_endless":false,"potions_floor_spawned":[2,7,12,16,20],"killed_by":"Gremlin Leader","ascension_level":0}