{"gold_per_floor":[116,116,131,161,180,180,193,193,267,282,301,301],"floor_reached":12,"playtime":457,"items_purged":[],"score":79,"play_id":"947fb0f5-f773-45fd-97e6-4995da1f47cb","local_time":"20190613234030","is_ascension_mode":true,"campfire_choices":[{"data":"White Noise","floor":6,"key":"SMITH"},{"floor":8,"key":"REST"}],"neow_cost":"NONE","seed_source_timestamp":998693015034800,"circlet_count":0,"master_deck":["Strike_B","Strike_B","Strike_B","Strike_B","Defend_B","Defend_B","Defend_B","Defend_B","Zap","Dualcast","Cold Snap","Zap","White Noise+1","Gash","Gash","Darkness","Defragment"],"relics":["Cracked Core","Tiny Chest","Symbiotic Virus"],"potions_floor_usage":[5],"damage_taken":[{"damage":11,"enemies":"Cultist","floor":1,"turns":4},{"damage":14,"enemies":"Small Slimes","floor":3,"turns":3},{"damage":5,"enemies":"Jaw Worm","floor":5,"turns":3},{"damage":10,"enemies":"3 Louse","floor":7,"turns":2},{"damage":12,"enemies":"Looter","floor":10,"turns":3},{"damage":9,"enemies":"Blue Slaver","floor":11,"turns":3},{"damage":20,"enemies":"2 Fungi Beasts","floor":12,"turns":2}],"seed_played":"-2298806564677757631","potions_obtained":[{"floor":1,"key":"FearPotion"},{"floor":5,"key":"SpeedPotion"},{"floor":10,"key":"SneckoOil"},{"floor":11,"key":"Energy Potion"}],"is_trial":false,"path_per_floor":["M","?","M","?","M","R","M","R","T","M","M","M"],"character_chosen":"DEFECT","items_purchased":[],"campfire_rested":1,"item_purchase_floors":[],"current_hp_per_floor":[71,71,57,32,27,27,17,41,41,29,20,0],"gold":301,"neow_bonus":"TEN_PERCENT_HP_BONUS","is_prod":false,"is_daily":false,"chose_seed":false,"campfire_upgraded":1,"win_rate":0,"timestamp":1560494430,"path_taken":["M","?","?","?","M","R","M","R","T","M","M","M"],"build_version":"2019-01-23","purchased_purges":0,"victory":false,"max_hp_per_floor":[82,82,82,82,82,82,82,82,82,82,82,82],"card_choices":[{"not_picked":["FTL","Chill"],"picked":"Cold Snap","floor":1},{"not_picked":["Glacier","Tempest"],"picked":"Gash","floor":3},{"not_picked":["Barrage","Undo","Tempest"],"picked":"SKIP","floor":5},{"not_picked":["BootSequence","Rebound"],"picked":"Gash","floor":7},{"not_picked":["Rebound","Leap"],"picked":"Darkness","floor":10},{"not_picked":["Rebound","Chaos"],"picked":"Defragment","floor":11}],"player_experience":579026,"relics_obtained":[{"floor":9,"key":"Symbiotic Virus"}],"event_choices":[{"damage_healed":0,"gold_gain":0,"player_choice":"2 cards matched","damage_taken":0,"max_hp_gain":0,"max_hp_loss":0,"event_name":"Match and Keep!","floor":2,"gold_loss":0,"cards_obtained":["Zap","White Noise"]},{"damage_healed":0,"gold_gain":0,"player_choice":"Success","damage_taken":25,"relics_obtained":["Tiny Chest"],"max_hp_gain":0,"max_hp_loss":0,"event_name":"Scrap Ooze","floor":4,"gold_loss":0}],"is_beta":false,"boss_relics":[],"items_purged_floors":[],"is_endless":false,"potions_floor_spawned":[1,5,10,11],"killed_by":"2 Fungi Beasts","ascension_level":2}