{"gold_per_floor":[360,245,261,279,179,179,199,219,219,250,125,145,173,184,184,281,281,292,392,402,402,402,414,432,432,457,307,325,325,344,362,362,458,458,472,488,488,499,511,511,611,611,611,631,456,456,473,508,508,508],"floor_reached":50,"playtime":2438,"items_purged":["Strike_R","Strike_R","Defend_R","Defend_R","Strike_R+1"],"score":555,"play_id":"f5f71aed-54b0-484a-923a-ea077c5fbae3","local_time":"20190521133928","is_ascension_mode":false,"campfire_choices":[{"data":"Bash","floor":6.0,"key":"SMITH"},{"data":"Rage","floor":15.0,"key":"SMITH"},{"data":"Dropkick","floor":25.0,"key":"SMITH"},{"data":"Strike_R","floor":29.0,"key":"SMITH"},{"data":"Strike_R","floor":32.0,"key":"SMITH"},{"data":"Strike_R","floor":40,"key":"SMITH"},{"floor":42,"key":"RECALL"},{"data":"Dropkick","floor":49,"key":"SMITH"}],"neow_cost":"PERCENT_DAMAGE","seed_source_timestamp":0,"circlet_count":0,"master_deck":["Strike_R+1","Strike_R+1","Bash+1","Dropkick+1","Rage+1","Dropkick+1"],"special_seed":0,"relics":["Burning Blood","Calipers","Pantograph","Odd Mushroom","Coffee Dripper","Blood Vial","White Beast Statue","Bird Faced Urn","Prayer Wheel"],"potions_floor_usage":[39,50,50],"damage_taken":[{"damage":5.0,"enemies":"Small Slimes","floor":1.0,"turns":4.0},{"damage":1.0,"enemies":"Cultist","floor":3.0,"turns":3.0},{"damage":6.0,"enemies":"Jaw Worm","floor":4.0,"turns":2.0},{"damage":5.0,"enemies":"Looter","floor":7.0,"turns":3.0},{"damage":4.0,"enemies":"2 Fungi Beasts","floor":8.0,"turns":6.0},{"damage":14.0,"enemies":"Gremlin Nob","floor":10.0,"turns":3.0},{"damage":23.0,"enemies":"Gremlin Gang","floor":12.0,"turns":6.0},{"damage":13.0,"enemies":"The Mushroom Lair","floor":13.0,"turns":4.0},{"damage":5.0,"enemies":"3 Louse","floor":14.0,"turns":4.0},{"damage":46.0,"enemies":"The Guardian","floor":16.0,"turns":15.0},{"damage":11.0,"enemies":"Chosen","floor":18.0,"turns":5.0},{"damage":1.0,"enemies":"2 Thieves","floor":20.0,"turns":4.0},{"damage":19.0,"enemies":"Colosseum Slavers","floor":21.0,"turns":6.0},{"damage":7.0,"enemies":"Chosen and Byrds","floor":23.0,"turns":7.0},{"damage":35.0,"enemies":"Snake Plant","floor":24.0,"turns":6.0},{"damage":2.0,"enemies":"Cultist and Chosen","floor":28.0,"turns":6.0},{"damage":5.0,"enemies":"Snecko","floor":30.0,"turns":4.0},{"damage":10.0,"enemies":"Centurion and Healer","floor":31.0,"turns":4.0},{"damage":50.0,"enemies":"Automaton","floor":33.0,"turns":12.0},{"damage":27.0,"enemies":"3 Darklings","floor":35.0,"turns":6.0},{"damage":3.0,"enemies":"3 Shapes","floor":36.0,"turns":5.0},{"damage":26.0,"enemies":"3 Darklings","floor":38.0,"turns":5.0},{"damage":12,"enemies":"Writhing Mass","floor":39,"turns":7},{"damage":1,"enemies":"Mind Bloom Boss Battle","floor":41,"turns":7},{"damage":40,"enemies":"4 Shapes","floor":44,"turns":6},{"damage":0,"enemies":"Maw","floor":47,"turns":2},{"damage":0,"enemies":"Nemesis","floor":48,"turns":3},{"damage":90,"enemies":"Time Eater","floor":50,"turns":9}],"seed_played":"-4376063495668673909","potions_obtained":[{"floor":3.0,"key":"Energy Potion"},{"floor":7.0,"key":"Energy Potion"},{"floor":8.0,"key":"Explosive Potion"},{"floor":13.0,"key":"EssenceOfSteel"},{"floor":24.0,"key":"GamblersBrew"},{"floor":28.0,"key":"Explosive Potion"},{"floor":30.0,"key":"SteroidPotion"},{"floor":35.0,"key":"PowerPotion"},{"floor":36.0,"key":"BloodPotion"},{"floor":38.0,"key":"Swift Potion"},{"floor":39,"key":"SkillPotion"},{"floor":41,"key":"AttackPotion"},{"floor":44,"key":"SmokeBomb"}],"is_trial":false,"path_per_floor":["M","$","M","M","$","R","M","M","T","E","$","M","?","M","R","B",null,"M","?","M","?","?","M","M","R","T","$","M","R","M","M","R","B",null,"M","M","?","M","M","R","?","R","T","M","$","?","M","E","R","B"],"character_chosen":"IRONCLAD","items_purchased":["Dropkick"],"campfire_rested":0,"item_purchase_floors":[2],"current_hp_per_floor":[57,57,62,62,62,62,63,65,65,57,57,40,33,34,34,19,80,75,75,80,67,67,66,37,37,37,37,43,43,46,44,44,27,80,59,64,64,54,50,50,80,80,80,46,46,46,54,62,62,0],"gold":508,"neow_bonus":"TWO_FIFTY_GOLD","is_prod":false,"is_daily":false,"chose_seed":true,"campfire_upgraded":7,"win_rate":0,"timestamp":1558417168,"path_taken":["M","$","M","M","$","R","M","M","T","E","$","M","?","M","R","BOSS","M","?","?","?","?","M","M","R","T","$","M","R","M","M","R","BOSS","M","M","?","M","?","R","?","R","T","M","$","?","M","E","R","BOSS"],"build_version":"2019-01-23","purchased_purges":5,"victory":false,"max_hp_per_floor":[80,80,80,80,80,80,80,80,80,80,80,80,80,80,80,80,80,80,80,80,80,80,80,80,80,80,80,80,80,80,80,80,80,80,80,80,80,80,80,80,80,80,80,80,80,80,80,80,80,80],"card_choices":[{"not_picked":["True Grit","Clothesline","Perfected Strike"],"picked":"SKIP","floor":1.0},{"not_picked":["Cleave","Anger","Headbutt"],"picked":"SKIP","floor":3.0},{"not_picked":["Armaments","Reckless Charge","Uppercut"],"picked":"SKIP","floor":4.0},{"not_picked":["Wild Strike","Hemokinesis","Flex"],"picked":"SKIP","floor":7.0},{"not_picked":["Perfected Strike","Uppercut"],"picked":"Rage","floor":8.0},{"not_picked":["True Grit","Headbutt","Berserk"],"picked":"SKIP","floor":10.0},{"not_picked":["Sentinel","Sword Boomerang","Shrug It Off"],"picked":"SKIP","floor":12.0},{"not_picked":["Thunderclap","Corruption","Iron Wave"],"picked":"SKIP","floor":14.0},{"not_picked":["Sword Boomerang","Shrug It Off","Warcry"],"picked":"SKIP","floor":18.0},{"not_picked":["Metallicize","Warcry","Anger"],"picked":"SKIP","floor":20.0},{"not_picked":["Corruption+1","Clothesline+1","Reaper"],"picked":"SKIP","floor":23.0},{"not_picked":["Anger","Whirlwind","Shockwave"],"picked":"SKIP","floor":24.0},{"not_picked":["Hemokinesis","Battle Trance","Searing Blow"],"picked":"SKIP","floor":28.0},{"not_picked":["Wild Strike+1","Shrug It Off","Flex"],"picked":"SKIP","floor":30.0},{"not_picked":["Perfected Strike","Whirlwind+1","Armaments"],"picked":"SKIP","floor":31.0},{"not_picked":["Body Slam","Rampage","Headbutt"],"picked":"SKIP","floor":35.0},{"not_picked":["Wild Strike","Pummel+1","Iron Wave"],"picked":"SKIP","floor":36.0},{"not_picked":["Wild Strike+1","Shrug It Off+1","Havoc+1"],"picked":"SKIP","floor":38.0},{"not_picked":["True Grit+1","Armaments+1","Havoc+1"],"picked":"SKIP","floor":39},{"not_picked":["Armaments","Cleave"],"picked":"Dropkick","floor":44},{"not_picked":["Body Slam+1","Metallicize+1","Second Wind"],"picked":"SKIP","floor":47},{"not_picked":["Dark Embrace","Infernal Blade","Spot Weakness"],"picked":"SKIP","floor":48}],"player_experience":916679,"relics_obtained":[{"floor":9.0,"key":"Calipers"},{"floor":10.0,"key":"Pantograph"},{"floor":13.0,"key":"Odd Mushroom"},{"floor":26.0,"key":"Blood Vial"},{"floor":41,"key":"Bird Faced Urn"},{"floor":48,"key":"Prayer Wheel"}],"event_choices":[{"damage_healed":0.0,"max_hp_gain":0.0,"max_hp_loss":0.0,"gold_gain":0.0,"event_name":"Mushrooms","player_choice":"Fought Mushrooms","floor":13.0,"gold_loss":0.0,"damage_taken":0.0},{"damage_healed":0.0,"max_hp_gain":0.0,"max_hp_loss":0.0,"gold_gain":100.0,"event_name":"Golden Shrine","player_choice":"Pray","floor":19.0,"gold_loss":0.0,"damage_taken":0.0},{"damage_healed":0.0,"max_hp_gain":0.0,"max_hp_loss":0.0,"gold_gain":0.0,"event_name":"Colosseum","player_choice":"Fight","floor":21.0,"gold_loss":0.0,"damage_taken":0.0},{"damage_healed":0.0,"max_hp_gain":0.0,"max_hp_loss":0.0,"gold_gain":0.0,"event_name":"Colosseum","player_choice":"Fled From Nobs","floor":21.0,"gold_loss":0.0,"damage_taken":0.0},{"cards_removed":["Defend_R"],"damage_healed":0.0,"max_hp_gain":0.0,"max_hp_loss":0.0,"gold_gain":0.0,"event_name":"Back to Basics","player_choice":"Elegance","floor":22.0,"gold_loss":0.0,"damage_taken":0.0},{"cards_removed":["Defend_R"],"damage_healed":0.0,"max_hp_gain":0.0,"max_hp_loss":0.0,"gold_gain":0.0,"event_name":"Bonfire Elementals","player_choice":"Offered Basic","floor":37.0,"gold_loss":0.0,"damage_taken":0.0},{"damage_healed":0,"gold_gain":0,"player_choice":"Fight","damage_taken":0,"max_hp_gain":0,"max_hp_loss":0,"event_name":"MindBloom","floor":41,"gold_loss":0},{"damage_healed":0,"gold_gain":0,"player_choice":"Ignored","damage_taken":0,"max_hp_gain":0,"max_hp_loss":0,"event_name":"Tomb of Lord Red Mask","floor":46,"gold_loss":0}],"is_beta":false,"boss_relics":[{"not_picked":["Velvet Choker","Ectoplasm"],"picked":"Coffee Dripper"},{"not_picked":["Sozu","Black Blood"],"picked":"White Beast Statue"}],"items_purged_floors":[2,5,11,27,45],"is_endless":false,"potions_floor_spawned":[3,7,8,13,21,24,28,30,35,36,38,39,41,44,47,48],"killed_by":"Time Eater","ascension_level":0}