{"gold_per_floor":[117,131,149,162,173,173,187,187,187,177,210,210,223,236,236,333,333,319,334,30,45,57,90,90,90,115,127,127,127,138,173,173,275,275,292,307,324,3,13,41,41],"floor_reached":41,"playtime":3642,"items_purged":["Strike_G","Well Laid Plans"],"score":648,"play_id":"5c7e3bd9-1a48-482e-9659-e8932ae6bf3b","local_time":"20190615000457","is_ascension_mode":true,"campfire_choices":[{"data":"Wraith Form v2","floor":6.0,"key":"SMITH"},{"floor":12.0,"key":"REST"},{"data":"Catalyst","floor":15.0,"key":"SMITH"},{"floor":28.0,"key":"REST"},{"floor":32.0,"key":"REST"}],"neow_cost":"NONE","seed_source_timestamp":0,"circlet_count":0,"master_deck":["Defend_G+1","Defend_G+1","Defend_G+1","Defend_G+1","Defend_G+1","Strike_G+1","Strike_G+1","Strike_G+1","Survivor","Neutralize","Wraith Form v2+1","Caltrops","All Out Attack","Bouncing Flask","Tools of the Trade","Predator","All Out Attack","Venomology","Catalyst+1","Bouncing Flask","Bullet Time","Cloak And Dagger","Sucker Punch","Deadly Poison+1","Catalyst+1","Prepared+1","Backflip+1","Leg Sweep+1","Necronomicurse","Noxious Fumes","Caltrops","Setup+1","Night Terror","Dagger Spray+1","Bane+1","Outmaneuver+1","Outmaneuver","Flechettes+1","Bouncing Flask+1"],"special_seed":0,"relics":["Ring of the Snake","CultistMask","Oddly Smooth Stone","Regal Pillow","Runic Pyramid","Ancient Tea Set","PreservedInsect","Necronomicon","War Paint","Molten Egg 2","Fusion Hammer","Lee\u0027s Waffle","Orichalcum"],"potions_floor_usage":[40,41,41],"damage_taken":[{"damage":0.0,"enemies":"2 Louse","floor":1.0,"turns":3.0},{"damage":3.0,"enemies":"Cultist","floor":2.0,"turns":6.0},{"damage":5.0,"enemies":"Small Slimes","floor":3.0,"turns":4.0},{"damage":11.0,"enemies":"Looter","floor":4.0,"turns":4.0},{"damage":14.0,"enemies":"2 Fungi Beasts","floor":5.0,"turns":3.0},{"damage":9.0,"enemies":"Gremlin Gang","floor":7.0,"turns":4.0},{"damage":2.0,"enemies":"Exordium Thugs","floor":10.0,"turns":4.0},{"damage":11.0,"enemies":"Lagavulin","floor":11.0,"turns":6.0},{"damage":4.0,"enemies":"Looter","floor":13.0,"turns":4.0},{"damage":5.0,"enemies":"Blue Slaver","floor":14.0,"turns":3.0},{"damage":34.0,"enemies":"Slime Boss","floor":16.0,"turns":6.0},{"damage":15.0,"enemies":"2 Thieves","floor":18.0,"turns":4.0},{"damage":6.0,"enemies":"Spheric Guardian","floor":19.0,"turns":5.0},{"damage":11.0,"enemies":"Snake Plant","floor":21.0,"turns":3.0},{"damage":12.0,"enemies":"Centurion and Healer","floor":22.0,"turns":6.0},{"damage":9.0,"enemies":"Gremlin Leader","floor":23.0,"turns":8.0},{"damage":0.0,"enemies":"Chosen and Byrds","floor":27.0,"turns":6.0},{"damage":11.0,"enemies":"Shelled Parasite and Fungi","floor":30.0,"turns":6.0},{"damage":6.0,"enemies":"Book of Stabbing","floor":31.0,"turns":5.0},{"damage":32.0,"enemies":"Automaton","floor":33.0,"turns":9.0},{"damage":10.0,"enemies":"Orb Walker","floor":35.0,"turns":3.0},{"damage":23.0,"enemies":"3 Shapes","floor":36.0,"turns":5.0},{"damage":5.0,"enemies":"Sphere and 2 Shapes","floor":37.0,"turns":5.0},{"damage":32.0,"enemies":"4 Shapes","floor":39.0,"turns":6.0},{"damage":20,"enemies":"Nemesis","floor":40,"turns":7},{"damage":25,"enemies":"3 Darklings","floor":41,"turns":2}],"seed_played":"365421394865567296","potions_obtained":[{"floor":2.0,"key":"GamblersBrew"},{"floor":3.0,"key":"Dexterity Potion"},{"floor":4.0,"key":"Strength Potion"},{"floor":7.0,"key":"PowerPotion"},{"floor":19.0,"key":"Energy Potion"},{"floor":22.0,"key":"AttackPotion"},{"floor":23.0,"key":"FearPotion"},{"floor":30.0,"key":"Fire Potion"},{"floor":35.0,"key":"SpeedPotion"}],"is_trial":false,"path_per_floor":["M","M","M","M","M","R","M","?","T","M","E","R","M","M","R","B",null,"M","M","$","M","M","E","?","?","T","M","R","?","M","E","R","B",null,"M","M","M","$","M","E","M"],"character_chosen":"THE_SILENT","items_purchased":["Deadly Poison","Catalyst","Ancient Tea Set","Lee\u0027s Waffle","Outmaneuver"],"campfire_rested":3,"item_purchase_floors":[20,20,20,38,38],"current_hp_per_floor":[70,67,62,51,37,37,28,28,28,26,15,51,47,42,42,8,55,40,49,49,38,26,17,17,1,1,1,37,37,26,20,56,24,59,49,26,21,77,45,25,0],"gold":41,"neow_bonus":"TRANSFORM_CARD","is_prod":false,"is_daily":false,"chose_seed":false,"campfire_upgraded":2,"win_rate":0,"timestamp":1560571497,"path_taken":["M","M","M","M","M","R","M","?","T","M","E","R","M","?","R","BOSS","M","M","$","M","M","E","?","?","T","M","R","?","?","E","R","BOSS","M","M","?","$","M","E","M"],"build_version":"2019-01-23","purchased_purges":2,"victory":false,"max_hp_per_floor":[70,70,70,70,70,70,70,70,70,70,70,70,70,70,70,70,70,70,70,70,70,70,70,70,70,70,70,70,70,70,70,70,70,70,70,70,70,77,77,77,77],"card_choices":[{"not_picked":["Flying Knee","Acrobatics"],"picked":"Well Laid Plans","floor":1.0},{"not_picked":["Concentrate","Choke"],"picked":"Caltrops","floor":2.0},{"not_picked":["Poisoned Stab","Sucker Punch"],"picked":"All Out Attack","floor":3.0},{"not_picked":["PiercingWail","Dodge and Roll"],"picked":"Bouncing Flask","floor":4.0},{"not_picked":["Blade Dance","Outmaneuver"],"picked":"Tools of the Trade","floor":5.0},{"not_picked":["Bouncing Flask","Deadly Poison"],"picked":"Predator","floor":7.0},{"not_picked":["Expertise","Sucker Punch"],"picked":"All Out Attack","floor":10.0},{"not_picked":["Acrobatics","PiercingWail"],"picked":"Venomology","floor":11.0},{"not_picked":["Backstab","Prepared"],"picked":"Catalyst","floor":13.0},{"not_picked":["Quick Slash","Predator"],"picked":"Bouncing Flask","floor":14.0},{"not_picked":["Venomology","Glass Knife"],"picked":"Bullet Time","floor":16.0},{"not_picked":["Blade Dance","Skewer"],"picked":"Cloak And Dagger","floor":18.0},{"not_picked":["Acrobatics","Quick Slash"],"picked":"Sucker Punch","floor":19.0},{"not_picked":["Finisher+1","Slice"],"picked":"Prepared+1","floor":21.0},{"not_picked":["Dagger Spray+1","Blade Dance"],"picked":"Backflip+1","floor":22.0},{"not_picked":["Finisher","Quick Slash"],"picked":"Leg Sweep","floor":23.0},{"not_picked":["Reflex","Outmaneuver+1"],"picked":"Noxious Fumes","floor":27.0},{"not_picked":["Predator","Unload"],"picked":"Caltrops","floor":30.0},{"not_picked":["Poisoned Stab","Dagger Throw+1"],"picked":"Setup+1","floor":31.0},{"not_picked":["Venomology","Grand Finale+1"],"picked":"Night Terror","floor":33.0},{"not_picked":["Slice+1","Acrobatics"],"picked":"Dagger Spray+1","floor":35.0},{"not_picked":["Calculated Gamble+1","Distraction+1"],"picked":"Bane+1","floor":36.0},{"not_picked":["Dagger Throw+1","Flying Knee+1"],"picked":"Outmaneuver+1","floor":37.0},{"not_picked":["Tools of the Trade","Sucker Punch+1"],"picked":"Flechettes+1","floor":39.0},{"not_picked":["Noxious Fumes","Bane+1"],"picked":"Bouncing Flask+1","floor":40}],"player_experience":249920,"relics_obtained":[{"floor":9.0,"key":"Oddly Smooth Stone"},{"floor":11.0,"key":"Regal Pillow"},{"floor":23.0,"key":"PreservedInsect"},{"floor":25.0,"key":"Necronomicon"},{"floor":26.0,"key":"War Paint"},{"floor":31.0,"key":"Molten Egg 2"},{"floor":40,"key":"Orichalcum"}],"event_choices":[{"damage_healed":0.0,"max_hp_gain":0.0,"max_hp_loss":0.0,"gold_gain":0.0,"event_name":"FaceTrader","player_choice":"Trade","floor":8.0,"gold_loss":0.0,"damage_taken":0.0,"relics_obtained":["CultistMask"]},{"damage_healed":0.0,"max_hp_gain":0.0,"max_hp_loss":0.0,"gold_gain":0.0,"event_name":"Back to Basics","player_choice":"Simplicity","floor":24.0,"gold_loss":0.0,"damage_taken":0.0,"cards_upgraded":["Defend_G","Defend_G","Defend_G","Defend_G","Defend_G","Strike_G","Strike_G","Strike_G"]},{"damage_healed":0.0,"max_hp_gain":0.0,"max_hp_loss":0.0,"gold_gain":0.0,"event_name":"Cursed Tome","player_choice":"Obtained Book","floor":25.0,"gold_loss":0.0,"damage_taken":16.0},{"damage_healed":0.0,"max_hp_gain":0.0,"max_hp_loss":0.0,"gold_gain":0.0,"event_name":"Upgrade Shrine","player_choice":"Upgraded","floor":29.0,"gold_loss":0.0,"damage_taken":0.0,"cards_upgraded":["Catalyst"]}],"is_beta":false,"boss_relics":[{"not_picked":["Snecko Eye","Orrery"],"picked":"Runic Pyramid"},{"not_picked":["Astrolabe","Velvet Choker"],"picked":"Fusion Hammer"}],"items_purged_floors":[20,38],"is_endless":false,"potions_floor_spawned":[2,3,4,7,19,22,23,30,35,39],"killed_by":"3 Darklings","ascension_level":5}