{"gold_per_floor":[113,34,46,62,62,62,82,109,109,121,66,66,66],"floor_reached":13,"playtime":313,"items_purged":[],"score":170,"play_id":"bc4e8638-63f7-457b-911e-692859a396cf","local_time":"20190524182138","is_ascension_mode":true,"campfire_choices":[{"data":"Hyperbeam","floor":6.0,"key":"SMITH"}],"neow_cost":"PERCENT_DAMAGE","seed_source_timestamp":286267451534891,"circlet_count":0,"master_deck":["AscendersBane","Strike_B","Defend_B","Defend_B","Defend_B","Defend_B","Zap","Dualcast","Hyperbeam+1","Barrage","Skim","Defragment","Streamline","Compile Driver","Seek","Heatsinks","Turbo"],"special_seed":0,"relics":["Cracked Core","Unceasing Top","Peace Pipe"],"potions_floor_usage":[],"damage_taken":[{"damage":1.0,"enemies":"Cultist","floor":1.0,"turns":3.0},{"damage":0.0,"enemies":"2 Louse","floor":3.0,"turns":1.0},{"damage":2.0,"enemies":"Jaw Worm","floor":4.0,"turns":3.0},{"damage":7.0,"enemies":"Looter","floor":7.0,"turns":4.0},{"damage":35.0,"enemies":"3 Sentries","floor":8.0,"turns":7.0},{"damage":0.0,"enemies":"3 Louse","floor":10.0,"turns":1.0},{"damage":0,"enemies":"Lots of Slimes","floor":13,"turns":1}],"seed_played":"7872643694242305763","potions_obtained":[{"floor":1.0,"key":"PowerPotion"},{"floor":4.0,"key":"SteroidPotion"},{"floor":8.0,"key":"Ancient Potion"},{"floor":10.0,"key":"FocusPotion"}],"is_trial":false,"path_per_floor":["M","$","M","M","?","R","M","E","T","M","$","?","M"],"character_chosen":"DEFECT","items_purchased":["Defragment","Turbo"],"campfire_rested":0,"item_purchase_floors":[2,11],"current_hp_per_floor":[45,45,45,43,43,43,36,1,1,1,1,1,1],"gold":66,"neow_bonus":"TRANSFORM_TWO_CARDS","is_prod":false,"is_daily":false,"chose_seed":false,"campfire_upgraded":1,"win_rate":0,"timestamp":1558693298,"path_taken":["M","?","M","M","?","R","?","E","T","?","$","?","M"],"build_version":"2019-01-23","purchased_purges":0,"victory":false,"max_hp_per_floor":[71,71,71,71,71,71,71,71,71,71,71,71,71],"card_choices":[{"not_picked":["Beam Cell","Capacitor"],"picked":"Skim","floor":1.0},{"not_picked":["Genetic Algorithm","Double Energy"],"picked":"Streamline","floor":3.0},{"not_picked":["Compile Driver","Steam","Melter"],"picked":"SKIP","floor":4.0},{"not_picked":["Ball Lightning","Redo"],"picked":"Seek","floor":7.0},{"not_picked":["Blizzard","Hologram"],"picked":"Heatsinks","floor":8.0},{"not_picked":["Stack","Redo","Beam Cell"],"picked":"SKIP","floor":10.0}],"player_experience":934771,"relics_obtained":[{"floor":8.0,"key":"Unceasing Top"},{"floor":9.0,"key":"Peace Pipe"}],"event_choices":[{"damage_healed":0.0,"max_hp_gain":0.0,"max_hp_loss":0.0,"gold_gain":0.0,"cards_transformed":["Strike_B"],"event_name":"Transmorgrifier","player_choice":"Transformed","floor":5.0,"gold_loss":0.0,"damage_taken":0.0,"cards_obtained":["Compile Driver"]},{"damage_healed":0,"gold_gain":0,"player_choice":"Searched \u00270\u0027 times","damage_taken":0,"max_hp_gain":0,"max_hp_loss":0,"event_name":"Dead Adventurer","floor":12,"gold_loss":0}],"is_beta":false,"boss_relics":[],"items_purged_floors":[],"is_endless":false,"potions_floor_spawned":[1,4,8,10],"killed_by":"Lots of Slimes","ascension_level":20}