{"gold_per_floor":[109,284,284,296,65,95,95,125,125,125,125,25,25,96,96,193,193,203,76,76,76,86,115,115,115,115,133,150,99,99],"floor_reached":30,"playtime":1358,"items_purged":["Doubt","Strike_R"],"score":291,"play_id":"d653c263-1345-4003-8e27-cf85ae90697f","local_time":"20181216233648","is_ascension_mode":true,"campfire_choices":[{"data":"Armaments","floor":7,"key":"SMITH"},{"floor":11,"key":"REST"},{"floor":15,"key":"RECALL"},{"floor":25,"key":"REST"}],"neow_cost":"NONE","seed_source_timestamp":1830696833840155,"circlet_count":0,"master_deck":["Strike_R","Strike_R","Strike_R","Defend_R","Defend_R","Defend_R","Defend_R","Bash","Pommel Strike","Heavy Blade","Armaments+1","Demon Form","Bludgeon","Shrug It Off","Whirlwind","Battle Trance+1"],"relics":["Burning Blood","NeowsBlessing","Pocketwatch","Boot","Du-Vu Doll","Ancient Tea Set","Pantograph","Frozen Egg 2","Lizard Tail","Tiny Chest","Centennial Puzzle","Ornamental Fan"],"potions_floor_usage":[18,18,22,23,27,27,28,30],"damage_taken":[{"damage":0,"enemies":"2 Louse","floor":1,"turns":1},{"damage":0,"enemies":"Small Slimes","floor":4,"turns":1},{"damage":0,"enemies":"Lagavulin","floor":6,"turns":1},{"damage":27,"enemies":"Gremlin Nob","floor":8,"turns":4},{"damage":54,"enemies":"Hexaghost","floor":16,"turns":7},{"damage":16,"enemies":"Chosen","floor":18,"turns":5},{"damage":43,"enemies":"3 Byrds","floor":22,"turns":7},{"damage":85,"enemies":"Slavers","floor":23,"turns":7},{"damage":32,"enemies":"Snake Plant","floor":27,"turns":5},{"damage":32,"enemies":"Chosen and Byrds","floor":28,"turns":6},{"damage":20,"enemies":"Book of Stabbing","floor":30,"turns":4}],"seed_played":"-5861362529352846734","potions_obtained":[{"floor":1,"key":"SkillPotion"},{"floor":8,"key":"Regen Potion"},{"floor":16,"key":"SteroidPotion"},{"floor":22,"key":"Fire Potion"},{"floor":24,"key":"AttackPotion"},{"floor":24,"key":"Swift Potion"},{"floor":24,"key":"SteroidPotion"},{"floor":27,"key":"Regen Potion"}],"is_trial":false,"path_per_floor":["M","?","?","M","$","E","R","E","T","?","R","$","?","T","R","B",null,"M","$","?","T","M","E","?","R","T","M","M","$","E"],"character_chosen":"IRONCLAD","items_purchased":["Boot","Tiny Chest","Fire Potion"],"campfire_rested":2,"item_purchase_floors":[5,19,29],"current_hp_per_floor":[80,80,55,61,61,67,67,46,46,51,76,76,76,76,76,37,85,75,75,75,75,53,27,27,52,52,26,15,15,0],"gold":99,"neow_bonus":"THREE_ENEMY_KILL","is_prod":false,"is_daily":false,"chose_seed":false,"campfire_upgraded":1,"win_rate":0,"timestamp":1544963808,"path_taken":["M","?","?","M","$","E","R","E","T","?","R","$","?","?","R","BOSS","M","$","?","?","M","E","?","R","T","M","?","$","E"],"build_version":"2018-12-13","purchased_purges":2,"victory":false,"max_hp_per_floor":[80,80,80,80,80,80,80,80,80,85,85,85,85,85,85,85,85,85,85,85,85,85,85,85,85,85,85,85,85,85],"card_choices":[{"not_picked":["Entrench","Headbutt"],"picked":"Pommel Strike","floor":1},{"not_picked":["Wild Strike","Burning Pact"],"picked":"Heavy Blade","floor":4},{"not_picked":["Battle Trance","Dark Embrace"],"picked":"Armaments","floor":6},{"not_picked":["Spot Weakness","Flame Barrier"],"picked":"Demon Form","floor":8},{"not_picked":["Fiend Fire","Berserk+1"],"picked":"Bludgeon","floor":16},{"not_picked":["Combust+1","Entrench"],"picked":"Shrug It Off","floor":18},{"not_picked":["Feel No Pain+1","Cleave","Flex"],"picked":"SKIP","floor":22},{"not_picked":["Searing Blow","Shockwave"],"picked":"Whirlwind","floor":23},{"not_picked":["Dropkick+1","Cleave"],"picked":"Battle Trance+1","floor":27},{"not_picked":["Warcry","Armaments","Berserk+1"],"picked":"SKIP","floor":28}],"player_experience":260902,"relics_obtained":[{"floor":6,"key":"Du-Vu Doll"},{"floor":8,"key":"Ancient Tea Set"},{"floor":9,"key":"Pantograph"},{"floor":14,"key":"Frozen Egg 2"},{"floor":23,"key":"Centennial Puzzle"},{"floor":26,"key":"Ornamental Fan"}],"event_choices":[{"damage_healed":0,"gold_gain":175,"player_choice":"AGREE","damage_taken":0,"max_hp_gain":0,"max_hp_loss":0,"event_name":"Liars Game","floor":2,"gold_loss":0,"cards_obtained":["Doubt"]},{"damage_healed":0,"gold_gain":0,"player_choice":"Success","damage_taken":25,"relics_obtained":["Pocketwatch"],"max_hp_gain":0,"max_hp_loss":0,"event_name":"Scrap Ooze","floor":3,"gold_loss":0},{"damage_healed":0,"gold_gain":0,"player_choice":"Donut","damage_taken":0,"max_hp_gain":5,"max_hp_loss":0,"event_name":"Big Fish","floor":10,"gold_loss":0},{"damage_healed":0,"gold_gain":0,"player_choice":"Ignored","damage_taken":0,"max_hp_gain":0,"max_hp_loss":0,"event_name":"Shining Light","floor":13,"gold_loss":0},{"cards_removed":["Strike_R"],"damage_healed":0,"gold_gain":0,"player_choice":"Elegance","damage_taken":0,"max_hp_gain":0,"max_hp_loss":0,"event_name":"Back to Basics","floor":20,"gold_loss":0},{"damage_healed":0,"gold_gain":0,"player_choice":"Got Potions","damage_taken":0,"max_hp_gain":0,"max_hp_loss":0,"event_name":"Lab","floor":24,"gold_loss":0}],"is_beta":false,"boss_relics":[{"not_picked":["Ectoplasm","Sozu"],"picked":"Lizard Tail"}],"items_purged_floors":[5,12],"is_endless":false,"potions_floor_spawned":[1,8,16,22,27],"killed_by":"Book of Stabbing","ascension_level":1}