{"gold_per_floor":[119,119,133,147,158,158,158,158,210,17,17,47,47,61,61,138,138,149,74,89,89],"floor_reached":21,"playtime":649,"items_purged":["Strike_R"],"score":358,"play_id":"f008b6e9-6297-4f89-abed-2aa251b0fd78","local_time":"20190518131419","is_ascension_mode":true,"campfire_choices":[{"data":"Armaments","floor":6.0,"key":"SMITH"},{"data":"Carnage","floor":8.0,"key":"SMITH"},{"floor":15.0,"key":"REST"}],"neow_cost":"NONE","seed_source_timestamp":136343502282951,"circlet_count":0,"master_deck":["AscendersBane","Strike_R","Strike_R+1","Strike_R","Strike_R","Defend_R","Defend_R","Defend_R","Defend_R","Bash","Sword Boomerang+1","Armaments+1","Carnage+1","Apotheosis","Feed","Feel No Pain"],"special_seed":0,"relics":["Burning Blood","NeowsBlessing","Oddly Smooth Stone","MawBank","Happy Flower","Mercury Hourglass","Snecko Eye"],"potions_floor_usage":[20],"damage_taken":[{"damage":0.0,"enemies":"2 Louse","floor":1.0,"turns":1.0},{"damage":0.0,"enemies":"Cultist","floor":3.0,"turns":1.0},{"damage":0.0,"enemies":"Jaw Worm","floor":4.0,"turns":1.0},{"damage":1.0,"enemies":"2 Fungi Beasts","floor":5.0,"turns":4.0},{"damage":35.0,"enemies":"3 Sentries","floor":12.0,"turns":11.0},{"damage":0.0,"enemies":"Lots of Slimes","floor":14.0,"turns":3.0},{"damage":18.0,"enemies":"Slime Boss","floor":16.0,"turns":8.0},{"damage":0,"enemies":"Chosen","floor":18,"turns":2},{"damage":18,"enemies":"3 Byrds","floor":20,"turns":6},{"damage":36,"enemies":"Shelled Parasite and Fungi","floor":21,"turns":4}],"seed_played":"-6379117872113549779","potions_obtained":[{"floor":3.0,"key":"SkillPotion"},{"floor":4.0,"key":"FearPotion"},{"floor":18,"key":"Swift Potion"}],"is_trial":false,"path_per_floor":["M","?","M","M","M","R","?","R","T","$","T","E","?","M","R","B",null,"M","$","M","M"],"character_chosen":"IRONCLAD","items_purchased":["Apotheosis"],"campfire_rested":1,"item_purchase_floors":[10],"current_hp_per_floor":[74,74,75,75,75,75,52,52,52,52,52,23,12,18,40,28,63,69,69,57,21],"gold":89,"neow_bonus":"THREE_ENEMY_KILL","is_prod":false,"is_daily":false,"chose_seed":false,"campfire_upgraded":2,"win_rate":0,"timestamp":1558156459,"path_taken":["M","?","M","?","M","R","?","R","T","$","?","E","?","M","R","BOSS","M","?","M","M"],"build_version":"2019-01-23","purchased_purges":1,"victory":false,"max_hp_per_floor":[75,75,75,75,75,75,75,75,75,75,75,75,75,75,75,75,75,75,75,75,75],"card_choices":[{"not_picked":["Anger","Clash"],"picked":"Shockwave","floor":1.0},{"not_picked":["Sentinel","Clash"],"picked":"Sword Boomerang","floor":3.0},{"not_picked":["Corruption","Dropkick"],"picked":"Armaments","floor":4.0},{"not_picked":["Twin Strike","Sword Boomerang"],"picked":"Carnage","floor":5.0},{"not_picked":["Hemokinesis","Havoc","Perfected Strike"],"picked":"SKIP","floor":12.0},{"not_picked":["Fire Breathing","Perfected Strike","Dual Wield"],"picked":"SKIP","floor":14.0},{"not_picked":["Dark Embrace","Immolate"],"picked":"Feed","floor":16.0},{"not_picked":["Fire Breathing","True Grit+1"],"picked":"Feel No Pain","floor":18},{"not_picked":["Twin Strike","Fire Breathing","Armaments"],"picked":"SKIP","floor":20}],"player_experience":871048,"relics_obtained":[{"floor":9.0,"key":"MawBank"},{"floor":11.0,"key":"Happy Flower"},{"floor":12.0,"key":"Mercury Hourglass"}],"event_choices":[{"cards_removed":["Shockwave"],"damage_healed":0.0,"max_hp_gain":0.0,"max_hp_loss":0.0,"gold_gain":0.0,"event_name":"WeMeetAgain","player_choice":"Gave Card","floor":2.0,"gold_loss":0.0,"damage_taken":0.0,"relics_obtained":["Oddly Smooth Stone"]},{"damage_healed":0.0,"max_hp_gain":0.0,"max_hp_loss":0.0,"gold_gain":0.0,"event_name":"Shining Light","player_choice":"Entered Light","floor":7.0,"gold_loss":0.0,"damage_taken":23.0,"cards_upgraded":["Strike_R","Sword Boomerang"]},{"damage_healed":0.0,"max_hp_gain":0.0,"max_hp_loss":0.0,"gold_gain":0.0,"event_name":"Wheel of Change","player_choice":"Damaged","floor":13.0,"gold_loss":0.0,"damage_taken":11.0}],"is_beta":false,"boss_relics":[{"not_picked":["Coffee Dripper","Pandora\u0027s Box"],"picked":"Snecko Eye"}],"items_purged_floors":[19],"is_endless":false,"potions_floor_spawned":[3,4,18],"killed_by":"Shelled Parasite and Fungi","ascension_level":20}