{"gold_per_floor":[116,32,32,32,46,71,71,101,147,159,159,84,84,98,98,173,173,126,39,39,39,57,57,57,57,57,57,57],"floor_reached":28,"playtime":634,"items_purged":["Strike_B"],"score":444,"play_id":"bcbec28e-5628-4224-bb35-36737935d489","local_time":"20190602202800","is_ascension_mode":true,"campfire_choices":[{"floor":7.0,"key":"REST"},{"data":"Recycle","floor":11.0,"key":"SMITH"},{"data":"Sunder","floor":15.0,"key":"SMITH"},{"data":"Defragment","floor":23,"key":"SMITH"},{"data":"Defragment","floor":25,"key":"SMITH"},{"data":"Dualcast","floor":27,"key":"SMITH"}],"neow_cost":"TEN_PERCENT_HP_LOSS","seed_source_timestamp":1071072160186163,"circlet_count":0,"master_deck":["AscendersBane","Strike_B","Strike_B+1","Defend_B","Defend_B","Defend_B","Defend_B","Zap","Dualcast+1","Ball Lightning","Loop+1","Recycle+1","Glacier","Sunder+1","Seek","Defragment+1","Writhe","Defragment+1"],"special_seed":0,"relics":["Cracked Core","Calipers","Bag of Marbles","Meat on the Bone","Bag of Preparation","Empty Cage","Potion Belt","Question Card"],"potions_floor_usage":[],"damage_taken":[{"damage":9.0,"enemies":"Jaw Worm","floor":1.0,"turns":4.0},{"damage":0.0,"enemies":"2 Louse","floor":5.0,"turns":2.0},{"damage":15.0,"enemies":"Lagavulin","floor":6.0,"turns":5.0},{"damage":32.0,"enemies":"Gremlin Nob","floor":8.0,"turns":4.0},{"damage":0.0,"enemies":"Cultist","floor":10.0,"turns":3.0},{"damage":9.0,"enemies":"2 Fungi Beasts","floor":14.0,"turns":2.0},{"damage":22.0,"enemies":"Slime Boss","floor":16.0,"turns":8.0},{"damage":27,"enemies":"2 Thieves","floor":18,"turns":5},{"damage":13,"enemies":"Spheric Guardian","floor":22,"turns":5},{"damage":25,"enemies":"Chosen and Byrds","floor":28,"turns":4}],"seed_played":"6762516013860638515","potions_obtained":[{"floor":1.0,"key":"FocusPotion"},{"floor":8.0,"key":"AttackPotion"}],"is_trial":false,"path_per_floor":["M","$","?","?","M","E","R","E","T","M","R","$","?","M","R","B",null,"M","$","?","T","M","R","?","R","T","R","M"],"character_chosen":"DEFECT","items_purchased":["Loop","Defragment"],"campfire_rested":1,"item_purchase_floors":[2,19],"current_hp_per_floor":[55,55,36,36,36,21,40,8,8,20,20,20,36,39,39,29,53,38,38,38,38,37,37,21,21,21,21,0],"gold":57,"neow_bonus":"ONE_RARE_RELIC","is_prod":false,"is_daily":false,"chose_seed":false,"campfire_upgraded":5,"win_rate":0,"timestamp":1559478480,"path_taken":["M","$","?","?","?","E","R","E","T","M","R","$","?","M","R","BOSS","M","$","?","?","?","R","?","R","T","R","M"],"build_version":"2019-01-23","purchased_purges":1,"victory":false,"max_hp_per_floor":[64,64,64,64,64,64,64,64,64,64,64,64,64,64,64,64,61,61,61,61,61,61,61,66,66,66,66,66],"card_choices":[{"not_picked":["Scrape","Rebound"],"picked":"Ball Lightning","floor":1.0},{"not_picked":["Rebound","Barrage","Sweeping Beam"],"picked":"SKIP","floor":5.0},{"not_picked":["Stack","Go for the Eyes","Compile Driver"],"picked":"SKIP","floor":6.0},{"not_picked":["Lockon","Leap"],"picked":"Recycle","floor":8.0},{"not_picked":["Sunder","Compile Driver"],"picked":"Glacier","floor":10.0},{"not_picked":["FTL","Rebound"],"picked":"Sunder","floor":14.0},{"not_picked":["Reboot","Rainbow"],"picked":"Seek","floor":16.0},{"not_picked":["Barrage","Force Field","Doom and Gloom+1"],"picked":"SKIP","floor":18},{"not_picked":["Gash","Redo"],"picked":"Defragment","floor":22}],"player_experience":964475,"relics_obtained":[{"floor":6.0,"key":"Bag of Marbles"},{"floor":8.0,"key":"Meat on the Bone"},{"floor":9.0,"key":"Bag of Preparation"},{"floor":26,"key":"Question Card"}],"event_choices":[{"damage_healed":0.0,"max_hp_gain":0.0,"max_hp_loss":0.0,"gold_gain":0.0,"event_name":"Shining Light","player_choice":"Entered Light","floor":3.0,"gold_loss":0.0,"damage_taken":19.0,"cards_upgraded":["Loop","Strike_B"]},{"damage_healed":0.0,"max_hp_gain":0.0,"max_hp_loss":0.0,"gold_gain":0.0,"event_name":"Liars Game","player_choice":"Ignored","floor":4.0,"gold_loss":0.0,"damage_taken":0.0},{"damage_healed":16.0,"max_hp_gain":0.0,"max_hp_loss":0.0,"gold_gain":0.0,"event_name":"Mushrooms","player_choice":"Healed and dodged fight","floor":13.0,"gold_loss":0.0,"damage_taken":0.0,"cards_obtained":["Parasite"]},{"damage_healed":0,"gold_gain":0,"player_choice":"Opened","damage_taken":0,"relics_obtained":["Potion Belt"],"max_hp_gain":0,"max_hp_loss":0,"event_name":"The Mausoleum","floor":20,"gold_loss":0,"cards_obtained":["Writhe"]},{"damage_healed":0,"gold_gain":0,"player_choice":"Shed Blood","damage_taken":21,"max_hp_gain":5,"max_hp_loss":0,"event_name":"Forgotten Altar","floor":24,"gold_loss":0}],"is_beta":false,"boss_relics":[{"not_picked":["FrozenCore","Black Star"],"picked":"Empty Cage"}],"items_purged_floors":[12],"is_endless":false,"potions_floor_spawned":[1,8],"killed_by":"Chosen and Byrds","ascension_level":20}