{"gold_per_floor":[359,359,36,53,3,38,52,2,2,2,15,33,64,83,83,184,184,198,186,1,17,17],"floor_reached":22,"playtime":1381,"items_purged":["Strike_G","Strike_G","Strike_G"],"score":307,"play_id":"e62d2354-2cad-42c3-b965-48e4af81f3ff","local_time":"20190728000542","is_ascension_mode":true,"campfire_choices":[{"data":"Catalyst","floor":10.0,"key":"SMITH"},{"data":"Noxious Fumes","floor":15.0,"key":"SMITH"}],"neow_cost":"TEN_PERCENT_HP_LOSS","seed_source_timestamp":8651100130360,"circlet_count":0,"master_deck":["AscendersBane","Strike_G","Strike_G","Defend_G","Defend_G","Defend_G","Defend_G","Defend_G","Survivor","Neutralize","Footwork+1","Backflip","Noxious Fumes+1","Dagger Spray","Deflect","Catalyst+1","Poisoned Stab+1","Dodge and Roll","Leg Sweep","Backstab+1","Catalyst","Burst","Slice+1","Deadly Poison","Bouncing Flask","Well Laid Plans+1"],"special_seed":0,"relics":["Ring of the Snake","Membership Card","Happy Flower","Molten Egg 2","Meat on the Bone","Matryoshka","Black Star","Medical Kit"],"potions_floor_usage":[16,18],"damage_taken":[{"damage":4.0,"enemies":"Small Slimes","floor":1.0,"turns":4.0},{"damage":2.0,"enemies":"Cultist","floor":4.0,"turns":4.0},{"damage":10.0,"enemies":"3 Sentries","floor":6.0,"turns":8.0},{"damage":2.0,"enemies":"2 Louse","floor":7.0,"turns":3.0},{"damage":0.0,"enemies":"Large Slime","floor":11.0,"turns":6.0},{"damage":0.0,"enemies":"Looter","floor":12.0,"turns":4.0},{"damage":8.0,"enemies":"Lagavulin","floor":13.0,"turns":11.0},{"damage":0.0,"enemies":"3 Louse","floor":14.0,"turns":3.0},{"damage":15,"enemies":"The Guardian","floor":16,"turns":10},{"damage":7,"enemies":"Chosen","floor":18,"turns":7},{"damage":8,"enemies":"2 Thieves","floor":19,"turns":5},{"damage":0,"enemies":"Snake Plant","floor":21,"turns":2},{"damage":41,"enemies":"3 Cultists","floor":22,"turns":4}],"seed_played":"-3407506330052377147","potions_obtained":[{"floor":1.0,"key":"FearPotion"},{"floor":12.0,"key":"Energy Potion"},{"floor":16,"key":"Energy Potion"},{"floor":18,"key":"Poison Potion"}],"is_trial":false,"path_per_floor":["M","?","$","M","$","E","M","$","T","R","M","M","E","M","R","B",null,"M","M","$","M","M"],"character_chosen":"THE_SILENT","items_purchased":["Membership Card","Backflip","Happy Flower","Noxious Fumes","Deflect","Medical Kit","Bouncing Flask"],"campfire_rested":0,"item_purchase_floors":[3,3,3,3,5,20,20],"current_hp_per_floor":[59,59,59,57,57,47,45,45,45,45,45,45,37,37,37,34,56,49,41,41,41,0],"gold":17,"neow_bonus":"TWO_FIFTY_GOLD","is_prod":false,"is_daily":false,"chose_seed":false,"campfire_upgraded":2,"win_rate":0,"timestamp":1564286742,"path_taken":["M","?","$","M","$","E","M","$","T","R","M","M","E","M","R","BOSS","M","?","$","M","M"],"build_version":"2019-07-17","purchased_purges":3,"victory":false,"max_hp_per_floor":[63,63,63,63,63,63,63,63,63,63,63,63,63,63,63,63,63,63,63,63,63,63],"card_choices":[{"not_picked":["Poisoned Stab","Prepared"],"picked":"Footwork","floor":1.0},{"not_picked":["Acrobatics","PiercingWail"],"picked":"Dagger Spray","floor":4.0},{"not_picked":["Finisher","Noxious Fumes"],"picked":"Catalyst","floor":6.0},{"not_picked":["Riddle With Holes+1","Outmaneuver"],"picked":"Poisoned Stab+1","floor":7.0},{"not_picked":["Escape Plan","Dagger Spray+1"],"picked":"Dodge and Roll","floor":11.0},{"not_picked":["Finisher+1","Backstab+1"],"picked":"Leg Sweep","floor":12.0},{"not_picked":["Deflect","Infinite Blades"],"picked":"Backstab+1","floor":13.0},{"not_picked":["Poisoned Stab+1","Unload+1"],"picked":"Catalyst","floor":14.0},{"not_picked":["Night Terror","Storm of Steel"],"picked":"Burst","floor":16},{"not_picked":["Underhanded Strike+1","Concentrate"],"picked":"Slice+1","floor":18},{"not_picked":["Blade Dance","Distraction"],"picked":"Deadly Poison","floor":19},{"not_picked":["Underhanded Strike+1","Sucker Punch+1"],"picked":"Well Laid Plans+1","floor":21}],"player_experience":442509,"relics_obtained":[{"floor":6.0,"key":"Molten Egg 2"},{"floor":9.0,"key":"Meat on the Bone"},{"floor":13.0,"key":"Matryoshka"}],"event_choices":[{"damage_healed":0.0,"max_hp_gain":0.0,"max_hp_loss":0.0,"gold_gain":0.0,"event_name":"Upgrade Shrine","player_choice":"Upgraded","floor":2.0,"gold_loss":0.0,"damage_taken":0.0,"cards_upgraded":["Footwork"]}],"is_beta":false,"boss_relics":[{"not_picked":["Philosopher\u0027s Stone","Eternal Feather"],"picked":"Black Star"}],"items_purged_floors":[5,8,20],"is_endless":false,"potions_floor_spawned":[1,12,16,18,19],"killed_by":"3 Cultists","ascension_level":11}