{"gold_per_floor":[112,130,147,164,164,62,62,31,31,105,105,116,135,147,147,248,248,264,275,291,301,314,314,328,328,328,346,376,105,133,151,151,254,254,268,112,123,133,148,148,163,263,290,302,339,369,392,416,428,440],"floor_reached":51,"playtime":3146,"items_purged":[],"score":746,"play_id":"a435f6ee-dce4-40e5-af05-a5ac5c71b32d","local_time":"20190731000034","is_ascension_mode":false,"campfire_choices":[{"floor":11.0,"key":"REST"},{"data":"Flex","floor":15.0,"key":"SMITH"},{"floor":23.0,"key":"REST"},{"data":"Shockwave","floor":25.0,"key":"SMITH"},{"floor":32.0,"key":"REST"},{"data":"True Grit","floor":40.0,"key":"SMITH"},{"floor":49.0,"key":"REST"}],"neow_cost":"NONE","seed_source_timestamp":1639852912276195,"circlet_count":0,"master_deck":["Strike_R","Strike_R+1","Strike_R","Strike_R","Strike_R","Defend_R","Defend_R","Defend_R","Defend_R","Bash+1","Deep Breath","Shockwave+1","Sword Boomerang","Cleave","Inflame+1","Headbutt","Pommel Strike+1","Flex+1","Berserk","Rage+1","Shrug It Off","Perfected Strike+1","Uppercut+1","Blood for Blood+1","Rampage+1","Pommel Strike+1","True Grit+1","Limit Break","Offering","Bludgeon+1","Battle Trance+1","Hemokinesis+1","Clash+1","Heavy Blade+1","Fiend Fire+1","Power Through+1","Heavy Blade+1"],"special_seed":0,"relics":["Burning Blood","Molten Egg 2","Pantograph","Velvet Choker","Pen Nib","Mercury Hourglass","Lantern","Gambling Chip","Philosopher\u0027s Stone","Happy Flower","Calipers","MawBank","Bag of Preparation","Red Skull"],"potions_floor_usage":[50,50],"damage_taken":[{"damage":6.0,"enemies":"Cultist","floor":1.0,"turns":3.0},{"damage":7.0,"enemies":"Small Slimes","floor":2.0,"turns":4.0},{"damage":11.0,"enemies":"2 Louse","floor":3.0,"turns":3.0},{"damage":15.0,"enemies":"Looter","floor":4.0,"turns":3.0},{"damage":5.0,"enemies":"3 Louse","floor":12.0,"turns":3.0},{"damage":5.0,"enemies":"Exordium Thugs","floor":13.0,"turns":4.0},{"damage":9.0,"enemies":"Blue Slaver","floor":14.0,"turns":3.0},{"damage":64.0,"enemies":"Hexaghost","floor":16.0,"turns":8.0},{"damage":8.0,"enemies":"Shell Parasite","floor":18.0,"turns":4.0},{"damage":15.0,"enemies":"3 Byrds","floor":19.0,"turns":5.0},{"damage":5.0,"enemies":"3 Cultists","floor":20.0,"turns":4.0},{"damage":26.0,"enemies":"Snake Plant","floor":21.0,"turns":4.0},{"damage":6.0,"enemies":"Centurion and Healer","floor":22.0,"turns":4.0},{"damage":5.0,"enemies":"Cultist and Chosen","floor":24.0,"turns":4.0},{"damage":6.0,"enemies":"Chosen and Byrds","floor":27.0,"turns":4.0},{"damage":37.0,"enemies":"Book of Stabbing","floor":28.0,"turns":5.0},{"damage":13.0,"enemies":"Gremlin Leader","floor":30.0,"turns":4.0},{"damage":16.0,"enemies":"Snake Plant","floor":31.0,"turns":2.0},{"damage":54.0,"enemies":"Automaton","floor":33.0,"turns":8.0},{"damage":11.0,"enemies":"3 Darklings","floor":35.0,"turns":3.0},{"damage":2.0,"enemies":"3 Shapes","floor":37.0,"turns":2.0},{"damage":7.0,"enemies":"Transient","floor":38.0,"turns":5.0},{"damage":12.0,"enemies":"Spire Growth","floor":39.0,"turns":3.0},{"damage":8.0,"enemies":"Sphere and 2 Shapes","floor":41.0,"turns":2.0},{"damage":14.0,"enemies":"Mind Bloom Boss Battle","floor":42.0,"turns":5.0},{"damage":41.0,"enemies":"Reptomancer","floor":45.0,"turns":6.0},{"damage":8.0,"enemies":"4 Shapes","floor":46.0,"turns":2.0},{"damage":6.0,"enemies":"Spire Growth","floor":47.0,"turns":2.0},{"damage":24.0,"enemies":"Maw","floor":48.0,"turns":3.0},{"damage":62,"enemies":"Donu and Deca","floor":50,"turns":6}],"seed_played":"-3353124518906795394","potions_obtained":[{"floor":2.0,"key":"Weak Potion"},{"floor":12.0,"key":"AttackPotion"},{"floor":14.0,"key":"SkillPotion"},{"floor":31.0,"key":"Swift Potion"},{"floor":37.0,"key":"Weak Potion"},{"floor":39.0,"key":"Strength Potion"},{"floor":48.0,"key":"SkillPotion"}],"is_trial":false,"path_per_floor":["M","M","M","M","?","$","?","?","T","T","R","M","M","M","R","B",null,"M","M","M","M","M","R","M","R","T","M","E","$","E","M","R","B",null,"M","$","M","M","M","R","M","?","T","?","E","M","M","M","R","B",null],"character_chosen":"IRONCLAD","items_purchased":["Inflame","Headbutt","Lantern","True Grit","Limit Break","Happy Flower"],"campfire_rested":4,"item_purchase_floors":[6,6,29,29,29,36],"current_hp_per_floor":[80,79,74,65,65,65,49,49,49,49,73,74,75,72,72,22,80,78,69,70,50,50,74,75,75,75,75,44,44,37,27,51,28,80,75,75,79,78,72,72,70,72,72,72,37,35,35,17,41,10],"gold":452,"neow_bonus":"RANDOM_COLORLESS","is_prod":false,"is_daily":false,"chose_seed":false,"campfire_upgraded":3,"win_rate":0.0,"timestamp":1564502434,"path_taken":["M","M","M","M","?","$","?","?","T","?","R","M","M","M","R","BOSS","M","M","M","M","M","R","M","R","T","M","E","$","E","M","R","BOSS","M","$","M","M","M","R","M","?","T","?","E","?","M","M","R","BOSS"],"build_version":"2019-07-17","purchased_purges":0,"victory":true,"max_hp_per_floor":[80,80,80,80,80,80,80,80,80,80,80,80,80,80,80,80,80,80,80,80,80,80,80,80,80,80,80,80,80,80,80,80,80,80,80,80,80,80,80,80,80,80,80,80,80,80,80,80,80,80],"card_choices":[{"not_picked":["Twin Strike","Wild Strike"],"picked":"Shockwave","floor":1.0},{"not_picked":["Spot Weakness","Anger"],"picked":"Sword Boomerang","floor":2.0},{"not_picked":["Body Slam","Sword Boomerang"],"picked":"Cleave","floor":3.0},{"not_picked":["Body Slam","Demon Form","Pummel"],"picked":"SKIP","floor":4.0},{"not_picked":["Metallicize","Bloodletting"],"picked":"Pommel Strike+1","floor":12.0},{"not_picked":["Metallicize","Iron Wave+1"],"picked":"Flex","floor":13.0},{"not_picked":["Clothesline+1","Body Slam+1","Evolve"],"picked":"SKIP","floor":14.0},{"not_picked":["Demon Form","Feed+1"],"picked":"Berserk","floor":16.0},{"not_picked":["Thunderclap+1","Heavy Blade+1"],"picked":"Rage+1","floor":18.0},{"not_picked":["Clothesline+1","Wild Strike+1"],"picked":"Shrug It Off","floor":19.0},{"not_picked":["Headbutt+1","Warcry"],"picked":"Perfected Strike+1","floor":20.0},{"not_picked":["Warcry","Corruption+1"],"picked":"Uppercut+1","floor":21.0},{"not_picked":["Twin Strike+1","Pommel Strike+1"],"picked":"Blood for Blood+1","floor":22.0},{"not_picked":["Pommel Strike+1","Thunderclap+1"],"picked":"Rampage+1","floor":24.0},{"not_picked":["Twin Strike+1","Wild Strike+1","Clash+1"],"picked":"SKIP","floor":27.0},{"not_picked":["Bloodletting","Perfected Strike+1"],"picked":"Pommel Strike+1","floor":28.0},{"not_picked":["Wild Strike+1","Dark Embrace"],"picked":"Offering","floor":30.0},{"not_picked":["Dropkick+1","Clothesline+1","Anger+1"],"picked":"SKIP","floor":31.0},{"not_picked":["Brutality","Immolate+1"],"picked":"Bludgeon+1","floor":33.0},{"not_picked":["Flex+1","True Grit"],"picked":"Battle Trance+1","floor":35.0},{"not_picked":["Wild Strike+1","Combust+1"],"picked":"Hemokinesis+1","floor":37.0},{"not_picked":["Carnage+1","Twin Strike+1"],"picked":"Clash+1","floor":38.0},{"not_picked":["Pommel Strike+1","Rampage+1","Metallicize+1"],"picked":"SKIP","floor":39.0},{"not_picked":["Seeing Red","Battle Trance+1","Disarm"],"picked":"SKIP","floor":41.0},{"not_picked":["Second Wind","Thunderclap+1"],"picked":"Heavy Blade+1","floor":42.0},{"not_picked":["Clothesline+1","Spot Weakness"],"picked":"Fiend Fire+1","floor":45.0},{"not_picked":["Rampage+1","Warcry+1"],"picked":"Power Through+1","floor":46.0},{"not_picked":["Entrench+1","Intimidate+1"],"picked":"Heavy Blade+1","floor":47.0},{"not_picked":["Shrug It Off","Pommel Strike+1","Flex"],"picked":"SKIP","floor":48.0}],"player_experience":52127,"relics_obtained":[{"floor":9.0,"key":"Molten Egg 2"},{"floor":10.0,"key":"Pantograph"},{"floor":26.0,"key":"Pen Nib"},{"floor":28.0,"key":"Mercury Hourglass"},{"floor":30.0,"key":"Gambling Chip"},{"floor":42.0,"key":"Calipers"},{"floor":43.0,"key":"MawBank"},{"floor":44.0,"key":"Bag of Preparation"},{"floor":45.0,"key":"Red Skull"}],"event_choices":[{"damage_healed":0.0,"max_hp_gain":0.0,"max_hp_loss":0.0,"gold_gain":0.0,"event_name":"Living Wall","player_choice":"Grow","floor":5.0,"gold_loss":0.0,"damage_taken":0.0,"cards_upgraded":["Bash"]},{"damage_healed":0.0,"max_hp_gain":0.0,"max_hp_loss":0.0,"gold_gain":0.0,"event_name":"Shining Light","player_choice":"Entered Light","floor":7.0,"gold_loss":0.0,"damage_taken":16.0,"cards_upgraded":["Strike_R","Inflame"]},{"damage_healed":0.0,"max_hp_gain":0.0,"max_hp_loss":0.0,"gold_gain":0.0,"event_name":"World of Goop","player_choice":"Left Gold","floor":8.0,"gold_loss":31.0,"damage_taken":0.0},{"damage_healed":0.0,"max_hp_gain":0.0,"max_hp_loss":0.0,"gold_gain":0.0,"event_name":"MindBloom","player_choice":"Fight","floor":42.0,"gold_loss":0.0,"damage_taken":0.0},{"damage_healed":0.0,"max_hp_gain":0.0,"max_hp_loss":0.0,"gold_gain":0.0,"event_name":"Wheel of Change","player_choice":"Relic","floor":44.0,"gold_loss":0.0,"damage_taken":0.0}],"is_beta":false,"boss_relics":[{"not_picked":["Eternal Feather","Ectoplasm"],"picked":"Velvet Choker"},{"not_picked":["Astrolabe","Runic Cube"],"picked":"Philosopher\u0027s Stone"}],"items_purged_floors":[],"is_endless":false,"potions_floor_spawned":[2,12,14,16,18,21,22,24,28,31,37,38,39,41,47,48],"ascension_level":0}