{"gold_per_floor":[116,46,63,163,182,182,195,221,244,244,57,57,85,95,95,196,196,214,214,134,134,58,58,69,69,69,69,69,69,94,105,105,204,204,223,223,223,238,238,271,371,371,447,447,458,458,12,12,12,12],"floor_reached":50,"playtime":3088,"items_purged":[],"score":665,"play_id":"559486bb-457c-4bda-bcaa-b05ca6f547b8","local_time":"20190128225113","is_ascension_mode":true,"campfire_choices":[{"data":"Sunder","floor":6.0,"key":"SMITH"},{"floor":12.0,"key":"REST"},{"floor":15.0,"key":"REST"},{"data":"All For One","floor":23.0,"key":"SMITH"},{"floor":25.0,"key":"REST"},{"data":"Self Repair","floor":28.0,"key":"SMITH"},{"floor":32.0,"key":"REST"},{"data":"Amplify","floor":46,"key":"SMITH"},{"floor":49,"key":"REST"}],"neow_cost":"NONE","seed_source_timestamp":54015324338572,"circlet_count":0,"master_deck":["Defend_B","Defend_B","Zap","Dualcast","Sunder+1","Hologram","Beam Cell","Gash","Buffer+1","Hello World","All For One+1","Self Repair+1","Hello World","Leap","Amplify+1","Defragment","Defragment","Gash","Cold Snap","Capacitor","Capacitor","Go for the Eyes+1","Cold Snap","All For One","Redo+1","Capacitor+1","Cold Snap+1","Go for the Eyes","Madness","Madness","Double Energy+1","Redo","Turbo","Cold Snap","Creative AI","Mind Blast","Dark Shackles"],"special_seed":0,"relics":["Cracked Core","Lantern","DataDisk","Juzu Bracelet","Oddly Smooth Stone","Art of War","Empty Cage","Bag of Preparation","Centennial Puzzle","Happy Flower","Astrolabe","Omamori","Girya","Mummified Hand","Calipers"],"potions_floor_usage":[38,40,45,50],"damage_taken":[{"damage":12.0,"enemies":"Jaw Worm","floor":1.0,"turns":3.0},{"damage":0.0,"enemies":"Cultist","floor":3.0,"turns":3.0},{"damage":2.0,"enemies":"2 Louse","floor":5.0,"turns":2.0},{"damage":8.0,"enemies":"Exordium Wildlife","floor":7.0,"turns":3.0},{"damage":28.0,"enemies":"Lagavulin","floor":8.0,"turns":6.0},{"damage":10.0,"enemies":"3 Sentries","floor":13.0,"turns":8.0},{"damage":11.0,"enemies":"Exordium Thugs","floor":14.0,"turns":5.0},{"damage":36.0,"enemies":"Hexaghost","floor":16.0,"turns":7.0},{"damage":6.0,"enemies":"Chosen","floor":18.0,"turns":5.0},{"damage":22.0,"enemies":"Spheric Guardian","floor":24.0,"turns":4.0},{"damage":33.0,"enemies":"Book of Stabbing","floor":30.0,"turns":8.0},{"damage":4.0,"enemies":"Cultist and Chosen","floor":31.0,"turns":6.0},{"damage":24.0,"enemies":"Collector","floor":33.0,"turns":11.0},{"damage":9.0,"enemies":"Orb Walker","floor":35.0,"turns":4.0},{"damage":27,"enemies":"3 Shapes","floor":38,"turns":3},{"damage":9,"enemies":"Nemesis","floor":40,"turns":7},{"damage":10,"enemies":"Mind Bloom Boss Battle","floor":41,"turns":7},{"damage":0,"enemies":"Maw","floor":45,"turns":10},{"damage":79,"enemies":"Awakened One","floor":50,"turns":9}],"seed_played":"-2799369022940675000","potions_obtained":[{"floor":1.0,"key":"FearPotion"},{"floor":3.0,"key":"Strength Potion"},{"floor":13.0,"key":"Strength Potion"},{"floor":18.0,"key":"Swift Potion"},{"floor":24.0,"key":"SpeedPotion"},{"floor":38,"key":"LiquidBronze"},{"floor":41,"key":"SkillPotion"},{"floor":45,"key":"Block Potion"}],"is_trial":false,"path_per_floor":["M","$","M","?","M","R","M","E","T","T","$","R","E","M","R","B",null,"M","?","$","?","$","R","M","R","T","?","R","T","E","M","R","B",null,"M","?","?","M","?","E","?","?","T","?","M","R","$","?","R","B"],"character_chosen":"DEFECT","items_purchased":["Hologram","Beam Cell","All For One","Self Repair","Gash","Cold Snap","Capacitor","Creative AI","Calipers"],"campfire_rested":5,"item_purchase_floors":[2,2,11,11,20,20,22,47,47],"current_hp_per_floor":[63,63,63,63,61,61,53,25,25,25,25,47,44,40,62,33,65,66,66,66,66,66,66,44,66,66,66,66,66,33,49,71,57,71,72,72,63,36,36,27,37,37,37,66,66,66,66,61,66,0],"gold":12,"neow_bonus":"RANDOM_COMMON_RELIC","is_prod":false,"is_daily":false,"chose_seed":false,"campfire_upgraded":4,"win_rate":0,"timestamp":1548676273,"path_taken":["M","$","M","?","?","R","M","E","T","?","$","R","E","M","R","BOSS","M","?","$","?","$","R","M","R","T","?","R","?","E","M","R","BOSS","M","?","?","M","?","E","?","?","T","?","M","R","$","?","R","BOSS"],"build_version":"2019-01-23","purchased_purges":0,"victory":false,"max_hp_per_floor":[75,75,75,75,75,75,75,75,75,75,75,75,75,75,75,75,75,75,75,75,75,75,75,75,75,75,75,75,75,75,75,75,75,75,75,75,75,75,75,75,75,75,75,66,66,66,66,66,66,66],"card_choices":[{"not_picked":["Turbo","Hologram"],"picked":"Sunder","floor":1.0},{"not_picked":["Ball Lightning","Barrage"],"picked":"Gash","floor":3.0},{"not_picked":["Go for the Eyes","Conserve Battery"],"picked":"Buffer","floor":5.0},{"not_picked":["Streamline","Redo"],"picked":"Leap","floor":7.0},{"not_picked":["Thunder Strike","Tempest"],"picked":"Hello World","floor":8.0},{"not_picked":["Storm","Doom and Gloom"],"picked":"Hello World","floor":13.0},{"not_picked":["Barrage","Lockon"],"picked":"Leap","floor":14.0},{"not_picked":["Multi-Cast","Reboot"],"picked":"Amplify","floor":16.0},{"not_picked":["Go for the Eyes","Streamline+1"],"picked":"Defragment","floor":18.0},{"not_picked":["Force Field","Steam"],"picked":"Capacitor","floor":24.0},{"not_picked":["Sweeping Beam","Genetic Algorithm"],"picked":"Go for the Eyes+1","floor":30.0},{"not_picked":["Hello World+1","Doom and Gloom"],"picked":"Cold Snap","floor":31.0},{"not_picked":["Seek","Fission"],"picked":"All For One","floor":33.0},{"not_picked":["Lockon","Conserve Battery"],"picked":"Go for the Eyes","floor":35.0},{"not_picked":["Storm","Doom and Gloom+1"],"picked":"Double Energy+1","floor":38},{"not_picked":["Hologram+1","Capacitor"],"picked":"Redo","floor":40},{"not_picked":["Rip and Tear+1","Fusion+1"],"picked":"Turbo","floor":41},{"not_picked":["Sweeping Beam+1","Static Discharge+1"],"picked":"Cold Snap","floor":45},{"not_picked":["Dramatic Entrance","Trip"],"picked":"Mind Blast","floor":48},{"not_picked":["Magnetism","PanicButton"],"picked":"Dark Shackles","floor":48}],"player_experience":567172,"relics_obtained":[{"floor":8.0,"key":"DataDisk"},{"floor":9.0,"key":"Juzu Bracelet"},{"floor":10.0,"key":"Oddly Smooth Stone"},{"floor":13.0,"key":"Art of War"},{"floor":26.0,"key":"Bag of Preparation"},{"floor":29.0,"key":"Centennial Puzzle"},{"floor":30.0,"key":"Happy Flower"},{"floor":40,"key":"Omamori"},{"floor":41,"key":"Girya"},{"floor":43,"key":"Mummified Hand"}],"event_choices":[{"damage_healed":0.0,"max_hp_gain":0.0,"max_hp_loss":0.0,"gold_gain":100.0,"event_name":"Golden Shrine","player_choice":"Pray","floor":4.0,"gold_loss":0.0,"damage_taken":0.0},{"damage_healed":0.0,"max_hp_gain":0.0,"max_hp_loss":0.0,"gold_gain":0.0,"event_name":"The Library","player_choice":"Read","floor":19.0,"gold_loss":0.0,"damage_taken":0.0,"cards_obtained":["Defragment"]},{"cards_removed":["Strike_B"],"damage_healed":0.0,"max_hp_gain":0.0,"max_hp_loss":0.0,"gold_gain":0.0,"event_name":"Back to Basics","player_choice":"Elegance","floor":21.0,"gold_loss":0.0,"damage_taken":0.0},{"damage_healed":0.0,"max_hp_gain":0.0,"max_hp_loss":0.0,"gold_gain":0.0,"event_name":"Upgrade Shrine","player_choice":"Upgraded","floor":27.0,"gold_loss":0.0,"damage_taken":0.0,"cards_upgraded":["Buffer"]},{"cards_removed":["Leap"],"damage_healed":0.0,"max_hp_gain":0.0,"max_hp_loss":0.0,"gold_gain":0.0,"event_name":"Falling","player_choice":"Removed Skill","floor":36.0,"gold_loss":0.0,"damage_taken":0.0},{"damage_healed":0.0,"max_hp_gain":0.0,"max_hp_loss":0.0,"gold_gain":0.0,"event_name":"Winding Halls","player_choice":"Embrace Madness","floor":37.0,"gold_loss":0.0,"damage_taken":9.0,"cards_obtained":["Madness","Madness"]},{"damage_healed":0,"gold_gain":0,"player_choice":"Ignored","damage_taken":0,"max_hp_gain":0,"max_hp_loss":0,"event_name":"Mysterious Sphere","floor":39,"gold_loss":0},{"damage_healed":0,"gold_gain":0,"player_choice":"Fight","damage_taken":0,"max_hp_gain":0,"max_hp_loss":0,"event_name":"MindBloom","floor":41,"gold_loss":0},{"damage_healed":0,"gold_gain":0,"player_choice":"Ignored","damage_taken":0,"max_hp_gain":0,"max_hp_loss":0,"event_name":"Tomb of Lord Red Mask","floor":42,"gold_loss":0},{"damage_healed":66,"gold_gain":0,"player_choice":"Heal","damage_taken":0,"max_hp_gain":0,"max_hp_loss":9,"event_name":"The Moai Head","floor":44,"gold_loss":0},{"damage_healed":0,"gold_gain":0,"player_choice":"Memory 2","damage_taken":5,"max_hp_gain":0,"max_hp_loss":0,"event_name":"SensoryStone","floor":48,"gold_loss":0}],"is_beta":false,"boss_relics":[{"not_picked":["Tiny House","Calling Bell"],"picked":"Empty Cage"},{"not_picked":["Pandora\u0027s Box","Orrery"],"picked":"Astrolabe"}],"items_purged_floors":[],"is_endless":false,"potions_floor_spawned":[1,3,13,18,24,38,41,45],"killed_by":"Awakened One","ascension_level":5}