{"gold_per_floor":[115,40,40,40,40,71,48,48,71,71,83,118,118,118,118,247,247,268,268,164,185,185],"floor_reached":22,"playtime":1363,"items_purged":["Strike_R"],"score":215,"play_id":"ddca7968-4b33-44f5-9988-0de6c331ff1f","local_time":"20190807173830","is_ascension_mode":false,"campfire_choices":[{"floor":8,"key":"RECALL"},{"data":"True Grit","floor":10,"key":"SMITH"},{"floor":13,"key":"REST"},{"floor":15,"key":"REST"}],"neow_cost":"NONE","seed_source_timestamp":145951020205740,"circlet_count":0,"master_deck":["Strike_R","Strike_R","Strike_R","Strike_R","Defend_R","Defend_R","Defend_R","Defend_R","Bash","True Grit+1","Berserk","Reaper","Iron Wave+1","True Grit+1","Cleave","Flex+1"],"relics":["Burning Blood","NeowsBlessing","Matryoshka","Smiling Mask","Toxic Egg 2","FossilizedHelix","Golden Idol","Black Star","Anchor"],"potions_floor_usage":[12,18],"damage_taken":[{"damage":0,"enemies":"Small Slimes","floor":1,"turns":1},{"damage":0,"enemies":"Cultist","floor":5,"turns":1},{"damage":0,"enemies":"Gremlin Nob","floor":6,"turns":1},{"damage":2,"enemies":"Jaw Worm","floor":11,"turns":5},{"damage":65,"enemies":"Lagavulin","floor":12,"turns":15},{"damage":62,"enemies":"The Guardian","floor":16,"turns":17},{"damage":38,"enemies":"Shell Parasite","floor":18,"turns":16},{"damage":20,"enemies":"Spheric Guardian","floor":21,"turns":9},{"damage":28,"enemies":"Cultist and Chosen","floor":22,"turns":6}],"seed_played":"1397029998090930429","potions_obtained":[{"floor":6,"key":"Dexterity Potion"},{"floor":16,"key":"EssenceOfSteel"},{"floor":21,"key":"Energy Potion"}],"is_trial":false,"path_per_floor":["M","$","?","?","M","E","$","R","T","R","M","E","R","?","R","B",null,"M","?","$","M","M"],"character_chosen":"IRONCLAD","items_purchased":["True Grit","True Grit+1","Cleave"],"campfire_rested":2,"item_purchase_floors":[7,20,20],"current_hp_per_floor":[80,80,68,68,74,80,80,80,80,80,80,21,45,45,67,11,74,42,42,42,28,0],"gold":185,"neow_bonus":"THREE_ENEMY_KILL","is_prod":false,"is_daily":false,"chose_seed":false,"campfire_upgraded":1,"win_rate":0,"timestamp":1565213910,"path_taken":["M","$","?","?","?","E","$","R","T","R","M","E","R","?","R","BOSS","M","?","$","?","M"],"build_version":"2019-07-17","purchased_purges":1,"victory":false,"max_hp_per_floor":[80,80,80,80,80,80,80,80,80,80,80,80,80,74,74,74,74,74,74,74,74,74],"card_choices":[{"not_picked":["Twin Strike","Sword Boomerang","Perfected Strike"],"picked":"SKIP","floor":1},{"not_picked":["Entrench","True Grit","Shockwave"],"picked":"SKIP","floor":5},{"not_picked":["Sever Soul","Clothesline","Armaments"],"picked":"SKIP","floor":6},{"not_picked":["Intimidate+1","Thunderclap","Flex+1"],"picked":"SKIP","floor":11},{"not_picked":["Evolve","Wild Strike"],"picked":"Berserk","floor":12},{"not_picked":["Bludgeon","Demon Form"],"picked":"Reaper","floor":16},{"not_picked":["Sever Soul","Entrench+1"],"picked":"Iron Wave+1","floor":18},{"not_picked":["Corruption+1","Anger+1"],"picked":"Flex+1","floor":21}],"player_experience":65327,"relics_obtained":[{"floor":6,"key":"Smiling Mask"},{"floor":9,"key":"Toxic Egg 2"},{"floor":12,"key":"FossilizedHelix"},{"floor":19,"key":"Anchor"}],"event_choices":[{"damage_healed":0,"gold_gain":0,"player_choice":"Success","damage_taken":12,"relics_obtained":["Matryoshka"],"max_hp_gain":0,"max_hp_loss":0,"event_name":"Scrap Ooze","floor":3,"gold_loss":0},{"damage_healed":0,"gold_gain":0,"player_choice":"Ignored","damage_taken":0,"max_hp_gain":0,"max_hp_loss":0,"event_name":"NoteForYourself","floor":4,"gold_loss":0},{"damage_healed":0,"gold_gain":0,"player_choice":"Lose Max HP","damage_taken":0,"relics_obtained":["Golden Idol"],"max_hp_gain":0,"max_hp_loss":6,"event_name":"Golden Idol","floor":14,"gold_loss":0},{"damage_healed":0,"gold_gain":0,"player_choice":"Relic","damage_taken":0,"max_hp_gain":0,"max_hp_loss":0,"event_name":"Wheel of Change","floor":19,"gold_loss":0}],"is_beta":false,"boss_relics":[{"not_picked":["Calling Bell","Ectoplasm"],"picked":"Black Star"}],"items_purged_floors":[2],"is_endless":false,"potions_floor_spawned":[6,16,21],"killed_by":"Cultist and Chosen","ascension_level":0}