{"gold_per_floor":[119,119,137,147,132,161,161,176,224,243,243],"floor_reached":11,"playtime":708,"items_purged":[],"score":77,"play_id":"23fb380a-399e-48ac-9457-7358b60b91c1","local_time":"20190722000448","is_ascension_mode":false,"campfire_choices":[{"floor":7.0,"key":"REST"}],"neow_cost":"NONE","seed_source_timestamp":864086551669443,"circlet_count":0,"master_deck":["Strike_R","Strike_R","Strike_R","Strike_R","Strike_R","Defend_R","Defend_R","Defend_R","Defend_R","Bash","Warcry","Heavy Blade","Perfected Strike","Blood for Blood","Flex","Carnage","Pommel Strike"],"special_seed":0,"relics":["Black Star","Potion Belt","Shuriken","Juzu Bracelet"],"potions_floor_usage":[],"damage_taken":[{"damage":12.0,"enemies":"2 Louse","floor":1.0,"turns":2.0},{"damage":11.0,"enemies":"Jaw Worm","floor":3.0,"turns":5.0},{"damage":1.0,"enemies":"Small Slimes","floor":4.0,"turns":3.0},{"damage":5.0,"enemies":"Exordium Thugs","floor":5.0,"turns":4.0},{"damage":49.0,"enemies":"Lagavulin","floor":6.0,"turns":7.0},{"damage":5.0,"enemies":"Looter","floor":8.0,"turns":3.0},{"damage":1,"enemies":"2 Fungi Beasts","floor":10,"turns":3},{"damage":26,"enemies":"Exordium Thugs","floor":11,"turns":2}],"seed_played":"-2260763685204114289","potions_obtained":[{"floor":3.0,"key":"SkillPotion"},{"floor":4.0,"key":"BloodPotion"},{"floor":5.0,"key":"BloodPotion"},{"floor":10,"key":"FearPotion"}],"is_trial":false,"path_per_floor":["M","?","M","M","M","E","R","M","T","M","M"],"character_chosen":"IRONCLAD","items_purchased":[],"campfire_rested":1,"item_purchase_floors":[],"current_hp_per_floor":[68,68,57,56,51,2,26,21,21,20,0],"gold":243,"neow_bonus":"BOSS_RELIC","is_prod":false,"is_daily":false,"chose_seed":false,"campfire_upgraded":0,"win_rate":0.0,"timestamp":1563725088,"path_taken":["M","?","M","M","M","E","R","M","T","M","M"],"build_version":"2019-07-17","purchased_purges":0,"victory":false,"max_hp_per_floor":[80,80,80,80,80,80,80,80,80,80,80],"card_choices":[{"not_picked":["Body Slam","Combust"],"picked":"Warcry","floor":1.0},{"not_picked":["Feel No Pain","Seeing Red"],"picked":"Heavy Blade","floor":3.0},{"not_picked":["Flex","Shrug It Off"],"picked":"Perfected Strike","floor":4.0},{"not_picked":["Anger","Rage"],"picked":"Blood for Blood","floor":5.0},{"not_picked":["Bloodletting","Thunderclap"],"picked":"Flex","floor":6.0},{"not_picked":["Heavy Blade","Power Through"],"picked":"Carnage","floor":8.0},{"not_picked":["Fire Breathing","Power Through"],"picked":"Pommel Strike","floor":10}],"player_experience":23826,"relics_obtained":[{"floor":6.0,"key":"Potion Belt"},{"floor":6.0,"key":"Shuriken"},{"floor":9.0,"key":"Juzu Bracelet"}],"event_choices":[{"damage_healed":0.0,"max_hp_gain":0.0,"max_hp_loss":0.0,"gold_gain":0.0,"event_name":"Golden Wing","player_choice":"Ignored","floor":2.0,"gold_loss":0.0,"damage_taken":0.0}],"is_beta":false,"boss_relics":[],"items_purged_floors":[],"is_endless":false,"potions_floor_spawned":[3,4,5,10],"killed_by":"Exordium Thugs","ascension_level":0}