{"gold_per_floor":[113,127,138,151,162,187,187,220,301,301,315,339,9,27,27,158,158,171,171,196,196,215,253,253,168,168,181,216,216,229,254,254,254],"floor_reached":33,"playtime":4182,"items_purged":[],"score":303,"play_id":"96071f14-1862-422f-86c8-eb2e5502d0be","local_time":"20190804202126","is_ascension_mode":false,"campfire_choices":[{"floor":7.0,"key":"REST"},{"data":"Rampage","floor":15.0,"key":"SMITH"},{"floor":24.0,"key":"REST"},{"floor":32,"key":"REST"}],"neow_cost":"NONE","seed_source_timestamp":2052079054977167,"circlet_count":0,"master_deck":["Strike_R","Strike_R+1","Strike_R","Strike_R","Strike_R","Defend_R","Defend_R","Defend_R","Bash","Dual Wield","Clothesline","Uppercut","Pommel Strike","Wild Strike","Infernal Blade","Impervious","Rampage+1","Flex","Bloodletting","Blood for Blood","Rupture","Swift Strike+1","Ghostly Armor","Juggernaut","Rage","Battle Trance","Inflame+1","Pommel Strike+1","Clash","Impervious","Seeing Red+1","Flex"],"special_seed":0,"relics":["Burning Blood","Happy Flower","Dream Catcher","Meat on the Bone","Golden Idol","Velvet Choker","CultistMask","StoneCalendar","Lantern","Omamori","Whetstone","Enchiridion"],"potions_floor_usage":[33,33],"damage_taken":[{"damage":1.0,"enemies":"Cultist","floor":1.0,"turns":4.0},{"damage":9.0,"enemies":"2 Louse","floor":2.0,"turns":3.0},{"damage":4.0,"enemies":"Small Slimes","floor":3.0,"turns":3.0},{"damage":15.0,"enemies":"3 Louse","floor":4.0,"turns":4.0},{"damage":4.0,"enemies":"Blue Slaver","floor":5.0,"turns":4.0},{"damage":35.0,"enemies":"3 Sentries","floor":6.0,"turns":7.0},{"damage":23.0,"enemies":"Gremlin Nob","floor":8.0,"turns":5.0},{"damage":20.0,"enemies":"Gremlin Gang","floor":11.0,"turns":4.0},{"damage":0.0,"enemies":"2 Fungi Beasts","floor":12.0,"turns":3.0},{"damage":4.0,"enemies":"Exordium Thugs","floor":14.0,"turns":4.0},{"damage":55.0,"enemies":"The Guardian","floor":16.0,"turns":9.0},{"damage":36.0,"enemies":"Shell Parasite","floor":18.0,"turns":6.0},{"damage":15.0,"enemies":"Chosen","floor":20.0,"turns":5.0},{"damage":24.0,"enemies":"Snecko","floor":22.0,"turns":5.0},{"damage":28.0,"enemies":"Book of Stabbing","floor":23.0,"turns":5.0},{"damage":6.0,"enemies":"Snake Plant","floor":27.0,"turns":2.0},{"damage":34.0,"enemies":"Slavers","floor":28.0,"turns":5.0},{"damage":17,"enemies":"3 Cultists","floor":30,"turns":5},{"damage":29,"enemies":"Sentry and Sphere","floor":31,"turns":5},{"damage":59,"enemies":"Collector","floor":33,"turns":6}],"seed_played":"5641317434490399296","potions_obtained":[{"floor":3.0,"key":"LiquidBronze"},{"floor":5.0,"key":"Dexterity Potion"},{"floor":11.0,"key":"SteroidPotion"},{"floor":14.0,"key":"Weak Potion"},{"floor":16.0,"key":"Regen Potion"},{"floor":18.0,"key":"Strength Potion"},{"floor":27.0,"key":"Ancient Potion"},{"floor":28.0,"key":"Weak Potion"}],"is_trial":false,"path_per_floor":["M","M","M","M","M","E","R","E","T","?","M","M","$","M","R","B",null,"M","$","M","?","M","E","R","?","T","M","E","?","M","M","R","B"],"character_chosen":"IRONCLAD","items_purchased":["Flex","Bloodletting","Blood for Blood","Rupture","Swift Strike"],"campfire_rested":3,"item_purchase_floors":[13,13,13,13,13],"current_hp_per_floor":[80,77,79,70,72,43,67,50,50,50,48,54,54,56,56,19,74,44,44,47,47,41,45,67,67,67,67,51,35,36,25,47,0],"gold":254,"neow_bonus":"TRANSFORM_CARD","is_prod":false,"is_daily":false,"chose_seed":false,"campfire_upgraded":1,"win_rate":0,"timestamp":1564921286,"path_taken":["M","M","?","M","M","E","R","E","T","?","M","M","$","M","R","BOSS","M","$","M","?","?","E","R","?","T","M","E","?","M","M","R","BOSS"],"build_version":"2019-07-17","purchased_purges":0,"victory":false,"max_hp_per_floor":[80,80,80,80,80,80,80,80,80,74,74,74,74,74,74,74,74,74,74,74,74,74,74,74,74,74,74,74,74,74,74,74,74],"card_choices":[{"not_picked":["Sever Soul","Whirlwind"],"picked":"Clothesline","floor":1.0},{"not_picked":["Perfected Strike","Armaments"],"picked":"Uppercut","floor":2.0},{"not_picked":["Cleave","Sword Boomerang"],"picked":"Pommel Strike","floor":3.0},{"not_picked":["Shockwave","Havoc"],"picked":"Wild Strike","floor":4.0},{"not_picked":["Whirlwind","Wild Strike"],"picked":"Infernal Blade","floor":5.0},{"not_picked":["Warcry","Shockwave"],"picked":"Impervious","floor":6.0},{"not_picked":["Body Slam","Ghostly Armor"],"picked":"Rampage","floor":8.0},{"not_picked":["Heavy Blade","Corruption","Clothesline"],"picked":"SKIP","floor":11.0},{"not_picked":["Burning Pact","Wild Strike","Whirlwind"],"picked":"SKIP","floor":12.0},{"not_picked":["Rupture","Intimidate"],"picked":"Ghostly Armor","floor":14.0},{"not_picked":["Exhume","Impervious"],"picked":"Juggernaut","floor":16.0},{"not_picked":["Anger","Whirlwind+1"],"picked":"Rage","floor":18.0},{"not_picked":["Dual Wield","Blood for Blood"],"picked":"Battle Trance","floor":20.0},{"not_picked":["Searing Blow+1","Iron Wave"],"picked":"Inflame+1","floor":22.0},{"not_picked":["Dual Wield","Havoc"],"picked":"Pommel Strike+1","floor":23.0},{"not_picked":["Pommel Strike","Sword Boomerang"],"picked":"Clash","floor":24.0},{"not_picked":["Sword Boomerang","Cleave","Warcry"],"picked":"SKIP","floor":27.0},{"not_picked":["Hemokinesis","Metallicize"],"picked":"Impervious","floor":28.0},{"not_picked":["Wild Strike","Havoc","Disarm"],"picked":"SKIP","floor":30},{"not_picked":["Flex","Rampage"],"picked":"Seeing Red+1","floor":31},{"not_picked":["Wild Strike","Pommel Strike"],"picked":"Flex","floor":32}],"player_experience":72886,"relics_obtained":[{"floor":6.0,"key":"Happy Flower"},{"floor":8.0,"key":"Dream Catcher"},{"floor":9.0,"key":"Meat on the Bone"},{"floor":23.0,"key":"StoneCalendar"},{"floor":26.0,"key":"Omamori"},{"floor":28.0,"key":"Whetstone"},{"floor":29.0,"key":"Enchiridion"}],"event_choices":[{"damage_healed":0.0,"max_hp_gain":0.0,"max_hp_loss":6.0,"gold_gain":0.0,"event_name":"Golden Idol","player_choice":"Lose Max HP","floor":10.0,"gold_loss":0.0,"damage_taken":0.0,"relics_obtained":["Golden Idol"]},{"damage_healed":0.0,"max_hp_gain":0.0,"max_hp_loss":0.0,"gold_gain":0.0,"event_name":"FaceTrader","player_choice":"Trade","floor":21.0,"gold_loss":0.0,"damage_taken":0.0,"relics_obtained":["CultistMask"]},{"damage_healed":0.0,"max_hp_gain":0.0,"max_hp_loss":0.0,"gold_gain":0.0,"event_name":"Addict","player_choice":"Obtained Relic","floor":25.0,"gold_loss":85.0,"damage_taken":0.0,"relics_obtained":["Lantern"]},{"damage_healed":0.0,"max_hp_gain":0.0,"max_hp_loss":0.0,"gold_gain":0.0,"event_name":"Cursed Tome","player_choice":"Obtained Book","floor":29.0,"gold_loss":0.0,"damage_taken":16.0}],"is_beta":false,"boss_relics":[{"not_picked":["Ectoplasm","Black Blood"],"picked":"Velvet Choker"}],"items_purged_floors":[],"is_endless":false,"potions_floor_spawned":[3,5,11,14,16,18,27,28],"killed_by":"Collector","ascension_level":0}