{"gold_per_floor":[116,126,140,156,156,156,174,174,200,213,38,57,57,68,68,173,173,189,209,88,3,18,18,38,38,38,38,50,64,82,96,96,96],"floor_reached":33,"playtime":4216,"items_purged":["Defend_G"],"score":247,"play_id":"8f2e455e-ddac-4e10-ade9-b84c8c953fb2","local_time":"20190728033715","is_ascension_mode":false,"campfire_choices":[{"floor":8,"key":"REST"},{"data":"Defend_G","floor":13,"key":"SMITH"},{"data":"Adrenaline","floor":15,"key":"SMITH"},{"floor":23,"key":"REST"},{"floor":25,"key":"REST"},{"floor":32,"key":"REST"}],"neow_cost":"NONE","seed_source_timestamp":110390277454164,"circlet_count":0,"master_deck":["Strike_G","Strike_G","Strike_G","Strike_G","Strike_G","Defend_G","Defend_G","Defend_G","Defend_G+1","Survivor","Neutralize","Bane","Dagger Throw","Dagger Throw","Prepared","Poisoned Stab","Underhanded Strike","Prepared","Backflip","Adrenaline+1","Tools of the Trade","Underhanded Strike+1","Dagger Spray","Bane","Poisoned Stab+1","Underhanded Strike+1","Crippling Poison","Doubt","Tactician","Acrobatics+1"],"relics":["Ring of the Snake","NeowsBlessing","Dream Catcher","Boot","Oddly Smooth Stone","Cursed Key","Juzu Bracelet","Ancient Tea Set"],"potions_floor_usage":[14,16,16,24,24,30,31],"damage_taken":[{"damage":0,"enemies":"Cultist","floor":1,"turns":1},{"damage":0,"enemies":"Jaw Worm","floor":2,"turns":1},{"damage":0,"enemies":"Small Slimes","floor":3,"turns":1},{"damage":3,"enemies":"Red Slaver","floor":4,"turns":4},{"damage":17,"enemies":"3 Louse","floor":7,"turns":4},{"damage":9,"enemies":"Large Slime","floor":10,"turns":6},{"damage":0,"enemies":"Exordium Wildlife","floor":12,"turns":3},{"damage":0,"enemies":"Blue Slaver","floor":14,"turns":3},{"damage":2,"enemies":"Slime Boss","floor":16,"turns":8},{"damage":4,"enemies":"2 Thieves","floor":18,"turns":4},{"damage":12,"enemies":"Spheric Guardian","floor":19,"turns":4},{"damage":23,"enemies":"Snecko","floor":22,"turns":6},{"damage":16,"enemies":"Centurion and Healer","floor":24,"turns":4},{"damage":21,"enemies":"Snake Plant","floor":28,"turns":3},{"damage":22,"enemies":"Snecko","floor":29,"turns":4},{"damage":9,"enemies":"3 Cultists","floor":30,"turns":6},{"damage":3,"enemies":"Centurion and Healer","floor":31,"turns":5},{"damage":42,"enemies":"Champ","floor":33,"turns":10}],"seed_played":"-3634787104724462194","potions_obtained":[{"floor":2,"key":"Ancient Potion"},{"floor":3,"key":"Dexterity Potion"},{"floor":10,"key":"Fire Potion"},{"floor":12,"key":"PowerPotion"},{"floor":19,"key":"EssenceOfSteel"},{"floor":22,"key":"LiquidBronze"},{"floor":29,"key":"Dexterity Potion"},{"floor":30,"key":"SkillPotion"}],"is_trial":false,"path_per_floor":["M","M","M","M","?","?","M","R","T","M","$","M","R","M","R","B",null,"M","M","$","?","M","R","M","R","T","$","M","M","M","M","R","B"],"character_chosen":"THE_SILENT","items_purchased":["Oddly Smooth Stone","Prepared","Dagger Spray"],"campfire_rested":4,"item_purchase_floors":[11,11,20],"current_hp_per_floor":[70,70,70,67,67,67,50,70,70,61,61,61,61,61,61,59,70,66,54,54,54,31,52,36,57,57,57,36,14,5,2,23,0],"gold":96,"neow_bonus":"THREE_ENEMY_KILL","is_prod":false,"is_daily":false,"chose_seed":false,"campfire_upgraded":2,"win_rate":0.0,"timestamp":1564277835,"path_taken":["M","M","M","M","?","?","M","R","T","M","$","M","R","?","R","BOSS","M","?","$","?","M","R","M","R","T","$","M","M","M","M","R","BOSS"],"build_version":"2019-07-17","purchased_purges":1,"victory":false,"max_hp_per_floor":[70,70,70,70,70,70,70,70,70,70,70,70,70,70,70,70,70,70,70,70,70,70,70,70,70,70,70,70,70,70,70,70,70],"card_choices":[{"not_picked":["Slice","Terror"],"picked":"Bane","floor":1},{"not_picked":["Dagger Spray","Masterful Stab"],"picked":"Dagger Throw","floor":2},{"not_picked":["Underhanded Strike","Flying Knee"],"picked":"Dagger Throw","floor":3},{"not_picked":["Backflip","Blade Dance"],"picked":"Prepared","floor":4},{"not_picked":["Deadly Poison","Night Terror","Terror"],"picked":"SKIP","floor":7},{"not_picked":["Endless Agony","Terror"],"picked":"Poisoned Stab","floor":8},{"not_picked":["Predator","Slice"],"picked":"Underhanded Strike","floor":10},{"not_picked":["Deflect","Caltrops"],"picked":"Backflip","floor":12},{"not_picked":["Terror","Predator"],"picked":"Adrenaline","floor":14},{"not_picked":["Bullet Time","Adrenaline"],"picked":"Tools of the Trade","floor":16},{"not_picked":["Riddle With Holes","Sucker Punch","PiercingWail"],"picked":"SKIP","floor":18},{"not_picked":["Quick Slash","Bane"],"picked":"Underhanded Strike+1","floor":19},{"not_picked":["Flying Knee+1","Catalyst"],"picked":"Bane","floor":22},{"not_picked":["Quick Slash","Choke+1"],"picked":"Poisoned Stab+1","floor":23},{"not_picked":["Dodge and Roll+1","Deflect+1"],"picked":"Underhanded Strike+1","floor":24},{"not_picked":["Flying Knee","Eviscerate"],"picked":"Crippling Poison","floor":25},{"not_picked":["Quick Slash","Bane"],"picked":"Tactician","floor":28},{"not_picked":["Backflip","Malaise"],"picked":"Acrobatics+1","floor":29},{"not_picked":["Poisoned Stab","Deadly Poison","Calculated Gamble"],"picked":"SKIP","floor":30},{"not_picked":["Infinite Blades","Endless Agony","Outmaneuver+1"],"picked":"SKIP","floor":31}],"player_experience":51648,"relics_obtained":[{"floor":9,"key":"Boot"},{"floor":26,"key":"Ancient Tea Set"}],"event_choices":[{"damage_healed":0,"gold_gain":0,"player_choice":"Ignored","damage_taken":0,"max_hp_gain":0,"max_hp_loss":0,"event_name":"Liars Game","floor":5,"gold_loss":0},{"damage_healed":0,"gold_gain":0,"player_choice":"Gave Potion","damage_taken":0,"relics_obtained":["Dream Catcher"],"max_hp_gain":0,"max_hp_loss":0,"event_name":"WeMeetAgain","floor":6,"gold_loss":0},{"damage_healed":0,"gold_gain":0,"player_choice":"Obtained Relic","damage_taken":0,"relics_obtained":["Juzu Bracelet"],"max_hp_gain":0,"max_hp_loss":0,"event_name":"Addict","floor":21,"gold_loss":85}],"is_beta":false,"boss_relics":[{"not_picked":["Sozu","WristBlade"],"picked":"Cursed Key"}],"items_purged_floors":[20],"is_endless":false,"potions_floor_spawned":[2,3,10,12,19,22,29,30],"killed_by":"Champ","ascension_level":0}