{"gold_per_floor":[109,121,196,216,58,88,88,98,98,98,98,98,130,144,144,220,220,239,239,239,257,307,307,339,366,366,366,20,20],"floor_reached":29,"playtime":830,"items_purged":["Strike_R","Strike_R"],"score":498,"play_id":"6084ca0f-7fe3-4c32-b71c-39d964148a2a","local_time":"20190518190625","is_ascension_mode":true,"campfire_choices":[{"data":"Flex","floor":7.0,"key":"SMITH"},{"data":"Pommel Strike","floor":10.0,"key":"SMITH"},{"data":"Rampage","floor":15.0,"key":"SMITH"},{"floor":23,"key":"REST"}],"neow_cost":"NONE","seed_source_timestamp":157337351068259,"circlet_count":0,"master_deck":["AscendersBane","Strike_R","Strike_R","Strike_R","Defend_R","Defend_R","Defend_R","Defend_R","Bash","Pommel Strike+1","Flex+1","Rampage+1","Evolve","Second Wind","Barricade","Body Slam"],"special_seed":0,"relics":["Burning Blood","Red Skull","Darkstone Periapt","Letter Opener","Shuriken","Runic Dome","MutagenicStrength","Peace Pipe","Bronze Scales","Question Card","Membership Card","Anchor"],"potions_floor_usage":[21,24],"damage_taken":[{"damage":3.0,"enemies":"Small Slimes","floor":1.0,"turns":4.0},{"damage":3.0,"enemies":"2 Louse","floor":2.0,"turns":3.0},{"damage":6.0,"enemies":"Cultist","floor":4.0,"turns":3.0},{"damage":39.0,"enemies":"Gremlin Nob","floor":6.0,"turns":4.0},{"damage":6.0,"enemies":"Blue Slaver","floor":8.0,"turns":4.0},{"damage":30.0,"enemies":"3 Sentries","floor":13.0,"turns":7.0},{"damage":11.0,"enemies":"Looter","floor":14.0,"turns":2.0},{"damage":21.0,"enemies":"Hexaghost","floor":16.0,"turns":8.0},{"damage":13.0,"enemies":"Chosen","floor":18.0,"turns":5.0},{"damage":51,"enemies":"3 Byrds","floor":21,"turns":6},{"damage":35,"enemies":"Slavers","floor":24,"turns":5},{"damage":0,"enemies":"Centurion and Healer","floor":29,"turns":3}],"seed_played":"6886772433832744123","potions_obtained":[{"floor":8.0,"key":"Poison Potion"},{"floor":14.0,"key":"SteroidPotion"},{"floor":16.0,"key":"SteroidPotion"},{"floor":18.0,"key":"Swift Potion"}],"is_trial":false,"path_per_floor":["M","M","?","M","$","E","R","M","T","R","?","?","E","M","R","B",null,"M","?","?","M","?","R","E","T","T","?","$","M"],"character_chosen":"IRONCLAD","items_purchased":["Rampage","Membership Card","Anchor"],"campfire_rested":1,"item_purchase_floors":[5,28,28],"current_hp_per_floor":[71,74,63,63,63,30,30,30,30,30,55,55,31,26,26,11,59,52,52,58,13,13,37,8,8,8,8,8,8],"gold":20,"neow_bonus":"RANDOM_COMMON_RELIC","is_prod":false,"is_daily":false,"chose_seed":false,"campfire_upgraded":3,"win_rate":0,"timestamp":1558177585,"path_taken":["M","M","?","M","$","E","R","M","T","R","?","?","E","M","R","BOSS","M","?","?","M","?","R","E","?","T","?","$","M"],"build_version":"2019-01-23","purchased_purges":2,"victory":false,"max_hp_per_floor":[75,75,75,75,75,75,75,75,75,75,75,75,75,75,75,75,75,75,75,81,81,81,81,81,81,81,81,81,81],"card_choices":[{"not_picked":["Wild Strike","Clothesline"],"picked":"Pommel Strike","floor":1.0},{"not_picked":["Metallicize","Pommel Strike"],"picked":"Flex","floor":2.0},{"not_picked":["Clothesline","Twin Strike","Berserk"],"picked":"SKIP","floor":4.0},{"not_picked":["Sever Soul","Hemokinesis","Searing Blow"],"picked":"SKIP","floor":6.0},{"not_picked":["Rupture","Thunderclap","Body Slam"],"picked":"SKIP","floor":8.0},{"not_picked":["Heavy Blade","Hemokinesis","Rampage"],"picked":"SKIP","floor":13.0},{"not_picked":["Combust","Fire Breathing"],"picked":"Second Wind","floor":14.0},{"not_picked":["Double Tap","Dark Embrace"],"picked":"Barricade","floor":16.0},{"not_picked":["Heavy Blade","Anger"],"picked":"Body Slam","floor":18.0},{"not_picked":["Entrench","Reckless Charge","Armaments"],"picked":"SKIP","floor":21},{"not_picked":["Intimidate","Cleave+1","Armaments"],"picked":"SKIP","floor":24}],"player_experience":876002,"relics_obtained":[{"floor":6.0,"key":"Darkstone Periapt"},{"floor":9.0,"key":"Letter Opener"},{"floor":13.0,"key":"Shuriken"},{"floor":24,"key":"Bronze Scales"},{"floor":26,"key":"Question Card"}],"event_choices":[{"damage_healed":0.0,"max_hp_gain":0.0,"max_hp_loss":0.0,"gold_gain":75.0,"event_name":"World of Goop","player_choice":"Gather Gold","floor":3.0,"gold_loss":0.0,"damage_taken":11.0},{"damage_healed":25.0,"max_hp_gain":0.0,"max_hp_loss":0.0,"gold_gain":0.0,"event_name":"Big Fish","player_choice":"Banana","floor":11.0,"gold_loss":0.0,"damage_taken":0.0},{"damage_healed":0.0,"max_hp_gain":0.0,"max_hp_loss":0.0,"gold_gain":0.0,"event_name":"Match and Keep!","player_choice":"1 cards matched","floor":12.0,"gold_loss":0.0,"damage_taken":0.0,"cards_obtained":["Evolve"]},{"damage_healed":0,"gold_gain":0,"player_choice":"Inject Mutagens","damage_taken":0,"relics_obtained":["MutagenicStrength"],"max_hp_gain":0,"max_hp_loss":0,"event_name":"Drug Dealer","floor":19,"gold_loss":0},{"damage_healed":0,"gold_gain":0,"player_choice":"Stole Relic","damage_taken":0,"relics_obtained":["Peace Pipe"],"max_hp_gain":0,"max_hp_loss":0,"event_name":"Addict","floor":20,"gold_loss":0,"cards_obtained":["Shame"]},{"damage_healed":0,"gold_gain":50,"player_choice":"Stole From Cult","damage_taken":0,"max_hp_gain":0,"max_hp_loss":0,"event_name":"Nest","floor":22,"gold_loss":0},{"cards_removed":["Shame"],"damage_healed":0,"gold_gain":0,"player_choice":"Purged","damage_taken":0,"max_hp_gain":0,"max_hp_loss":0,"event_name":"Purifier","floor":27,"gold_loss":0}],"is_beta":false,"boss_relics":[{"not_picked":["Lizard Tail","Cursed Key"],"picked":"Runic Dome"}],"items_purged_floors":[5,28],"is_endless":false,"potions_floor_spawned":[8,14,16,18],"killed_by":"Centurion and Healer","ascension_level":20}