{"gold_per_floor":[112,128,144,31,42,68,68,87,87,87,98,116,116,129,129,233,283,302,302,50,50,50,76,91,91,91,103,135,135,145,165,165,268,268,278,298,315,315,167,167,21,37,37,62,62,80,90,90,90,90],"floor_reached":51,"playtime":9842,"items_purged":["Parasite","Strike_B"],"score":673,"play_id":"39f10efd-d518-42da-8aef-e825ee6b1d13","local_time":"20190228141317","is_ascension_mode":false,"campfire_choices":[{"data":"Self Repair","floor":7.0,"key":"SMITH"},{"data":"Buffer","floor":10.0,"key":"SMITH"},{"data":"Self Repair","floor":13.0,"key":"SMITH"},{"data":"Sunder","floor":15.0,"key":"SMITH"},{"data":"Biased Cognition","floor":29,"key":"SMITH"},{"data":"Capacitor","floor":32,"key":"SMITH"},{"floor":40,"key":"REST"},{"data":"Loop","floor":49,"key":"SMITH"}],"neow_cost":"CURSE","seed_source_timestamp":0,"circlet_count":0,"master_deck":["Defend_B+1","Dualcast","Darkness","Coolheaded","Genetic Algorithm","Buffer+1","Self Repair+1","Doom and Gloom","Self Repair+1","Sunder+1","Ball Lightning","Biased Cognition+1","Compile Driver","BootSequence+1","Necronomicurse","Force Field","Loop+1","FTL","Capacitor+1","Buffer+1","Go for the Eyes+1","Rip and Tear+1","Ball Lightning+1","Streamline","Genetic Algorithm+1"],"special_seed":0,"relics":["Cracked Core","Pen Nib","Meat on the Bone","Tiny House","Necronomicon","Gremlin Horn","Bird Faced Urn","GremlinMask","Bottled Tornado","Matryoshka","Astrolabe","PreservedInsect","Orichalcum","Mercury Hourglass","Vajra"],"potions_floor_usage":[23,23,33,33,33,33,42,42,44,50,50],"damage_taken":[{"damage":0.0,"enemies":"2 Louse","floor":1.0,"turns":3.0},{"damage":0.0,"enemies":"Jaw Worm","floor":2.0,"turns":4.0},{"damage":4.0,"enemies":"Small Slimes","floor":3.0,"turns":3.0},{"damage":9.0,"enemies":"Exordium Thugs","floor":5.0,"turns":3.0},{"damage":10.0,"enemies":"Gremlin Nob","floor":6.0,"turns":4.0},{"damage":0.0,"enemies":"Looter","floor":8.0,"turns":4.0},{"damage":9.0,"enemies":"Lots of Slimes","floor":11.0,"turns":4.0},{"damage":17.0,"enemies":"Exordium Wildlife","floor":12.0,"turns":5.0},{"damage":4.0,"enemies":"Exordium Thugs","floor":14.0,"turns":4.0},{"damage":16.0,"enemies":"The Guardian","floor":16.0,"turns":15.0},{"damage":18,"enemies":"2 Thieves","floor":18,"turns":4},{"damage":42,"enemies":"Slavers","floor":23,"turns":5},{"damage":10,"enemies":"Spheric Guardian","floor":24,"turns":6},{"damage":17,"enemies":"Snecko","floor":27,"turns":6},{"damage":19,"enemies":"Book of Stabbing","floor":28,"turns":6},{"damage":28,"enemies":"Shelled Parasite and Fungi","floor":30,"turns":5},{"damage":6,"enemies":"Cultist and Chosen","floor":31,"turns":6},{"damage":30,"enemies":"Champ","floor":33,"turns":13},{"damage":0,"enemies":"Orb Walker","floor":35,"turns":5},{"damage":19,"enemies":"3 Shapes","floor":36,"turns":3},{"damage":46,"enemies":"Spire Growth","floor":37,"turns":6},{"damage":0,"enemies":"Maw","floor":42,"turns":9},{"damage":5,"enemies":"Reptomancer","floor":44,"turns":2},{"damage":20,"enemies":"Sphere and 2 Shapes","floor":46,"turns":5},{"damage":24,"enemies":"4 Shapes","floor":47,"turns":6},{"damage":52,"enemies":"Time Eater","floor":50,"turns":11}],"seed_played":"6134831771879997884","potions_obtained":[{"floor":1.0,"key":"Explosive Potion"},{"floor":2.0,"key":"EssenceOfSteel"},{"floor":3.0,"key":"AttackPotion"},{"floor":11.0,"key":"Strength Potion"},{"floor":17,"key":"SneckoOil"},{"floor":18,"key":"Explosive Potion"},{"floor":27,"key":"Ancient Potion"},{"floor":31,"key":"EntropicBrew"},{"floor":37,"key":"Regen Potion"},{"floor":42,"key":"Fire Potion"},{"floor":47,"key":"Swift Potion"}],"is_trial":false,"path_per_floor":["M","M","M","$","M","E","R","M","T","R","M","M","R","M","R","B",null,"M","?","$","?","?","E","M","?","T","M","E","R","M","M","R","B",null,"M","M","M","?","$","R","$","M","T","E","$","M","M","?","R","B",null],"character_chosen":"DEFECT","items_purchased":["Self Repair","Gremlin Horn","Streamline","PreservedInsect"],"campfire_rested":1,"item_purchase_floors":[4,20,39,41],"current_hp_per_floor":[75,75,71,71,69,66,66,72,72,72,72,72,72,72,72,72,77,59,43,43,43,48,38,68,68,68,69,77,77,76,77,77,69,77,77,58,32,32,32,55,55,77,77,72,72,72,77,77,77,42],"gold":90,"neow_bonus":"TRANSFORM_TWO_CARDS","is_prod":false,"is_daily":false,"chose_seed":false,"campfire_upgraded":7,"win_rate":0.0,"timestamp":1551388397,"path_taken":["M","M","M","$","M","E","R","M","T","R","M","M","R","M","R","BOSS","M","?","$","?","?","E","?","?","T","M","E","R","?","M","R","BOSS","M","M","M","?","$","R","?","M","T","E","$","M","?","?","R","BOSS"],"build_version":"2019-01-23","purchased_purges":2,"victory":true,"max_hp_per_floor":[75,75,75,72,72,72,72,72,72,72,72,72,72,72,72,72,77,77,77,77,77,77,77,77,77,77,77,77,77,77,77,77,77,77,77,77,77,77,77,77,77,77,77,77,77,77,77,77,77,77],"card_choices":[{"not_picked":["Turbo","Redo"],"picked":"Genetic Algorithm","floor":1.0},{"not_picked":["Stack","Turbo"],"picked":"Go for the Eyes","floor":2.0},{"not_picked":["Glacier","Compile Driver"],"picked":"Buffer","floor":3.0},{"not_picked":["Barrage","Coolheaded","Turbo"],"picked":"SKIP","floor":5.0},{"not_picked":["Rebound","Stack"],"picked":"Doom and Gloom","floor":6.0},{"not_picked":["Leap","Stack"],"picked":"Self Repair","floor":8.0},{"not_picked":["Steam","Stack"],"picked":"Sunder","floor":11.0},{"not_picked":["Hello World","Fission"],"picked":"Ball Lightning","floor":12.0},{"not_picked":["Skim","Coolheaded","Cold Snap"],"picked":"SKIP","floor":14.0},{"not_picked":["Electrodynamics","Machine Learning"],"picked":"Biased Cognition","floor":16.0},{"not_picked":["Auto Shields","Sweeping Beam"],"picked":"Compile Driver","floor":17},{"not_picked":["Static Discharge","Compile Driver"],"picked":"BootSequence+1","floor":18},{"not_picked":["Consume","Tempest","Darkness"],"picked":"SKIP","floor":23},{"not_picked":["Fusion","Beam Cell+1"],"picked":"Loop","floor":24},{"not_picked":["Barrage","Leap"],"picked":"FTL","floor":27},{"not_picked":["Go for the Eyes","BootSequence+1","Barrage"],"picked":"SKIP","floor":28},{"not_picked":["Beam Cell+1","Redo","Gash"],"picked":"SKIP","floor":30},{"not_picked":["Loop","Ball Lightning"],"picked":"Capacitor","floor":31},{"not_picked":["Machine Learning","Rainbow"],"picked":"Buffer","floor":33},{"not_picked":["Redo+1","Blizzard","Gash+1"],"picked":"SKIP","floor":35},{"not_picked":["Cold Snap","Redo","Rebound"],"picked":"SKIP","floor":36},{"not_picked":["Stack","Turbo+1","Auto Shields"],"picked":"SKIP","floor":37},{"not_picked":["Chaos+1","Double Energy"],"picked":"Genetic Algorithm+1","floor":42},{"not_picked":["Doom and Gloom","Turbo+1","Fusion+1"],"picked":"SKIP","floor":44},{"not_picked":["Streamline+1","Double Energy","Gash+1"],"picked":"SKIP","floor":46},{"not_picked":["Stack","Static Discharge+1","Tempest+1"],"picked":"SKIP","floor":47}],"player_experience":134252,"relics_obtained":[{"floor":6.0,"key":"Pen Nib"},{"floor":9.0,"key":"Meat on the Bone"},{"floor":19,"key":"Necronomicon"},{"floor":23,"key":"Bird Faced Urn"},{"floor":26,"key":"Bottled Tornado"},{"floor":28,"key":"Matryoshka"},{"floor":43,"key":"Orichalcum"},{"floor":43,"key":"Mercury Hourglass"},{"floor":44,"key":"Vajra"}],"event_choices":[{"damage_healed":0,"gold_gain":0,"player_choice":"Obtained Book","damage_taken":16,"max_hp_gain":0,"max_hp_loss":0,"event_name":"Cursed Tome","floor":19,"gold_loss":0},{"damage_healed":0,"gold_gain":0,"cards_transformed":["Strike_B","Defend_B"],"player_choice":"Became Test Subject","damage_taken":0,"max_hp_gain":0,"max_hp_loss":0,"event_name":"Drug Dealer","floor":21,"gold_loss":0,"cards_obtained":["Force Field","Redo"]},{"cards_removed":["Redo"],"damage_healed":5,"gold_gain":0,"player_choice":"Offered Common","damage_taken":0,"max_hp_gain":0,"max_hp_loss":0,"event_name":"Bonfire Elementals","floor":22,"gold_loss":0},{"cards_removed":["Redo"],"damage_healed":5,"gold_gain":0,"player_choice":"Offered Special","damage_taken":0,"max_hp_gain":0,"max_hp_loss":0,"event_name":"Bonfire Elementals","floor":22,"gold_loss":0},{"damage_healed":0,"gold_gain":0,"player_choice":"Trade","damage_taken":0,"relics_obtained":["GremlinMask"],"max_hp_gain":0,"max_hp_loss":0,"event_name":"FaceTrader","floor":25,"gold_loss":0},{"damage_healed":0,"gold_gain":0,"player_choice":"Forge","damage_taken":0,"max_hp_gain":0,"max_hp_loss":0,"event_name":"Accursed Blacksmith","floor":38,"gold_loss":0,"cards_upgraded":["Buffer"]},{"cards_removed":["Zap"],"damage_healed":0,"gold_gain":0,"player_choice":"Removed Skill","damage_taken":0,"max_hp_gain":0,"max_hp_loss":0,"event_name":"Falling","floor":48,"gold_loss":0}],"is_beta":false,"boss_relics":[{"not_picked":["Busted Crown","Empty Cage"],"picked":"Tiny House"},{"not_picked":["Velvet Choker","FrozenCore"],"picked":"Astrolabe"}],"items_purged_floors":[4,39],"is_endless":false,"potions_floor_spawned":[1,2,3,11,18,27,31,37,42,47],"ascension_level":0}