{"gold_per_floor":[118,43,54,65,84,84,84,84,107,119,294,313,313,324,324,425,425,440,455,455,474,524],"floor_reached":22,"playtime":6740,"items_purged":["Strike_G"],"score":189,"play_id":"a7c3e2b9-bf7d-4199-b86a-71a797bf5752","local_time":"20190313120044","is_ascension_mode":true,"campfire_choices":[{"data":"Neutralize","floor":6,"key":"SMITH"},{"floor":8,"key":"REST"},{"floor":15,"key":"REST"}],"neow_cost":"PERCENT_DAMAGE","seed_source_timestamp":558727453035500,"circlet_count":0,"master_deck":["Defend_G","Defend_G","Defend_G","Defend_G","Strike_G+1","Strike_G","Strike_G","Survivor","Neutralize+1","All Out Attack","Predator+1","Doubt"],"relics":["Ring of the Snake","Regal Pillow","White Beast Statue","SsserpentHead"],"potions_floor_usage":[14,16,16,19,22,22],"damage_taken":[{"damage":0,"enemies":"Small Slimes","floor":1,"turns":4},{"damage":0,"enemies":"Cultist","floor":3,"turns":5},{"damage":0,"enemies":"Jaw Worm","floor":4,"turns":4},{"damage":0,"enemies":"2 Fungi Beasts","floor":5,"turns":2},{"damage":0,"enemies":"Large Slime","floor":10,"turns":7},{"damage":0,"enemies":"Lots of Slimes","floor":12,"turns":1},{"damage":0,"enemies":"Gremlin Gang","floor":14,"turns":4},{"damage":60,"enemies":"Slime Boss","floor":16,"turns":20},{"damage":9,"enemies":"Chosen","floor":18,"turns":5},{"damage":18,"enemies":"Spheric Guardian","floor":19,"turns":5},{"damage":31,"enemies":"Shelled Parasite and Fungi","floor":21,"turns":11},{"damage":23,"enemies":"Centurion and Healer","floor":22,"turns":6}],"seed_played":"788189280186236931","potions_obtained":[{"floor":3,"key":"GamblersBrew"},{"floor":5,"key":"EssenceOfSteel"},{"floor":10,"key":"Dexterity Potion"},{"floor":12,"key":"Energy Potion"},{"floor":18,"key":"Regen Potion"},{"floor":19,"key":"SneckoOil"},{"floor":21,"key":"EssenceOfSteel"}],"is_trial":false,"path_per_floor":["M","$","M","M","M","R","?","R","T","M","?","M","?","M","R","B",null,"M","M","?","M","M"],"character_chosen":"THE_SILENT","items_purchased":[],"campfire_rested":2,"item_purchase_floors":[],"current_hp_per_floor":[49,49,49,49,49,49,49,70,70,70,70,70,56,56,70,10,70,61,52,52,21,0],"gold":524,"neow_bonus":"REMOVE_TWO","is_prod":false,"is_daily":false,"chose_seed":false,"campfire_upgraded":1,"win_rate":0,"timestamp":1552503644,"path_taken":["M","$","M","M","M","R","?","R","T","?","?","M","?","M","R","BOSS","M","M","?","M","?"],"build_version":"2019-01-23","purchased_purges":1,"victory":false,"max_hp_per_floor":[70,70,70,70,70,70,70,70,70,70,70,70,70,70,70,70,70,70,70,70,70,70],"card_choices":[{"not_picked":["Bane","Blur"],"picked":"All Out Attack","floor":1},{"not_picked":["Quick Slash","Deadly Poison"],"picked":"Predator","floor":3},{"not_picked":["Sucker Punch","Dagger Throw","Night Terror"],"picked":"SKIP","floor":4},{"not_picked":["Backflip","Acrobatics","Dodge and Roll"],"picked":"SKIP","floor":5},{"not_picked":["Slice","Dodge and Roll","Leg Sweep"],"picked":"SKIP","floor":10},{"not_picked":["Bane","Poisoned Stab","Caltrops"],"picked":"SKIP","floor":12},{"not_picked":["Endless Agony","Prepared","Slice"],"picked":"SKIP","floor":14},{"not_picked":["Expertise","Tactician","Masterful Stab"],"picked":"SKIP","floor":18},{"not_picked":["Dodge and Roll","Escape Plan","Distraction+1"],"picked":"SKIP","floor":19},{"not_picked":["Dagger Spray","Prepared","Endless Agony"],"picked":"SKIP","floor":21}],"player_experience":238070,"relics_obtained":[{"floor":9,"key":"Regal Pillow"}],"event_choices":[{"damage_healed":0,"gold_gain":0,"player_choice":"Bought 0 Potions","damage_taken":0,"max_hp_gain":0,"max_hp_loss":0,"event_name":"The Woman in Blue","floor":7,"gold_loss":0},{"damage_healed":0,"gold_gain":175,"player_choice":"AGREE","damage_taken":0,"max_hp_gain":0,"max_hp_loss":0,"event_name":"Liars Game","floor":11,"gold_loss":0,"cards_obtained":["Doubt"]},{"damage_healed":0,"gold_gain":0,"player_choice":"Entered Light","damage_taken":14,"max_hp_gain":0,"max_hp_loss":0,"event_name":"Shining Light","floor":13,"gold_loss":0,"cards_upgraded":["Strike_G","Predator"]},{"damage_healed":0,"gold_gain":0,"player_choice":"Trade","damage_taken":0,"relics_obtained":["SsserpentHead"],"max_hp_gain":0,"max_hp_loss":0,"event_name":"FaceTrader","floor":20,"gold_loss":0}],"is_beta":false,"boss_relics":[{"not_picked":["Runic Dome","Snecko Eye"],"picked":"White Beast Statue"}],"items_purged_floors":[2],"is_endless":false,"potions_floor_spawned":[3,5,10,12,18,19,21],"killed_by":"Centurion and Healer","ascension_level":1}