{"gold_per_floor":[116,116,132,146,157,157,176,186,260,260,288,288,288,288,288,361,361,373,298,298,315,80,109,122,122,122,122,138,138,138,153,153,228,228,248,248,272,172,186,186,204,204,229,229,240,240,288,288,288,288,288,288,288,115,147,147],"floor_reached":57,"playtime":2610,"items_purged":["Strike_B","Defend_B+1"],"score":2765,"play_id":"09388a95-c20f-4fd4-b6a7-caa1d24646f7","local_time":"20190619011401","is_ascension_mode":true,"campfire_choices":[{"data":"Streamline","floor":6.0,"key":"SMITH"},{"floor":10.0,"key":"REST"},{"data":"Fission","floor":13.0,"key":"SMITH"},{"data":"Dualcast","floor":15.0,"key":"SMITH"},{"data":"Turbo","floor":25.0,"key":"SMITH"},{"data":"Biased Cognition","floor":27.0,"key":"SMITH"},{"floor":32.0,"key":"DIG"},{"floor":40.0,"key":"DIG"},{"floor":44.0,"key":"DIG"},{"floor":46.0,"key":"RECALL"},{"floor":49.0,"key":"DIG"},{"floor":53,"key":"DIG"}],"neow_cost":"PERCENT_DAMAGE","seed_source_timestamp":0,"circlet_count":0,"master_deck":["AscendersBane","Defend_B+1","Defend_B+1","Zap+1","Dualcast+1","Streamline+1","Genetic Algorithm+1","Electrodynamics+1","Capacitor+1","Fission+1","Core Surge+1","Glacier+1","Biased Cognition+1","Turbo+1","Creative AI+1","Turbo+1","White Noise+1","Coolheaded+1","Skim+1","Skim","Seek"],"special_seed":0,"relics":["Cracked Core","Du-Vu Doll","Matryoshka","Anchor","Nuclear Battery","Prayer Wheel","Oddly Smooth Stone","Boot","Shovel","Mango","Coffee Dripper","Mark of the Bloom","Omamori","DataDisk","Whetstone","Happy Flower","Thread and Needle","Art of War","Cables","Bag of Preparation","Strawberry"],"potions_floor_usage":[56,56],"damage_taken":[{"damage":4.0,"enemies":"Jaw Worm","floor":1.0,"turns":4.0},{"damage":0.0,"enemies":"Cultist","floor":3.0,"turns":2.0},{"damage":0.0,"enemies":"Small Slimes","floor":4.0,"turns":2.0},{"damage":6.0,"enemies":"2 Fungi Beasts","floor":5.0,"turns":2.0},{"damage":12.0,"enemies":"Exordium Thugs","floor":7.0,"turns":4.0},{"damage":12.0,"enemies":"Exordium Wildlife","floor":8.0,"turns":3.0},{"damage":32.0,"enemies":"Gremlin Nob","floor":11.0,"turns":4.0},{"damage":0.0,"enemies":"Slime Boss","floor":16.0,"turns":6.0},{"damage":0.0,"enemies":"Chosen","floor":18.0,"turns":3.0},{"damage":9.0,"enemies":"Shell Parasite","floor":21.0,"turns":7.0},{"damage":13.0,"enemies":"Gremlin Leader","floor":23.0,"turns":5.0},{"damage":12.0,"enemies":"Chosen and Byrds","floor":24.0,"turns":3.0},{"damage":6.0,"enemies":"Snecko","floor":28.0,"turns":5.0},{"damage":10.0,"enemies":"Snake Plant","floor":31.0,"turns":5.0},{"damage":9.0,"enemies":"Automaton","floor":33.0,"turns":13.0},{"damage":1.0,"enemies":"Orb Walker","floor":35.0,"turns":3.0},{"damage":0.0,"enemies":"3 Shapes","floor":39.0,"turns":1.0},{"damage":0.0,"enemies":"Transient","floor":41.0,"turns":6.0},{"damage":0.0,"enemies":"Sphere and 2 Shapes","floor":45.0,"turns":3.0},{"damage":0.0,"enemies":"2 Orb Walkers","floor":47.0,"turns":3.0},{"damage":2.0,"enemies":"Donu and Deca","floor":50.0,"turns":5.0},{"damage":0,"enemies":"Time Eater","floor":51,"turns":13},{"damage":0,"enemies":"Shield and Spear","floor":55,"turns":6},{"damage":54,"enemies":"The Heart","floor":56,"turns":9}],"seed_played":"-622510330919292060","potions_obtained":[{"floor":1.0,"key":"FearPotion"},{"floor":5.0,"key":"SpeedPotion"},{"floor":7.0,"key":"Swift Potion"},{"floor":24.0,"key":"Fire Potion"},{"floor":28.0,"key":"Dexterity Potion"},{"floor":35.0,"key":"Energy Potion"},{"floor":45.0,"key":"GamblersBrew"},{"floor":47.0,"key":"Ancient Potion"}],"is_trial":false,"path_per_floor":["M","?","M","M","M","R","M","M","T","R","E","?","R","?","R","B",null,"M","?","?","M","$","E","M","R","T","R","M","?","T","M","R","B",null,"M","?","T","$","M","R","M","?","T","R","M","R","?","?","R","B","B",null,"R","$","E","B",null],"character_chosen":"DEFECT","items_purchased":["FocusPotion","GamblersBrew","Bag of Preparation"],"campfire_rested":1,"item_purchase_floors":[22,22,54],"current_hp_per_floor":[42,42,42,42,36,36,24,12,12,33,1,1,1,1,1,1,54,54,54,54,45,45,32,20,20,20,20,14,14,14,4,18,9,66,65,65,65,65,65,65,65,65,65,65,65,65,65,65,65,63,63,63,63,63,63,9],"gold":147,"neow_bonus":"ONE_RARE_RELIC","is_prod":false,"is_daily":false,"chose_seed":true,"campfire_upgraded":5,"win_rate":0,"timestamp":1560878041,"path_taken":["M","?","M","?","M","R","M","M","T","R","E","?","R","?","R","BOSS","M","?","?","?","$","E","M","R","T","R","M","?","?","?","R","BOSS","M","?","?","$","M","R","M","?","T","R","M","R","?","?","R","BOSS","BOSS","R","$","E","BOSS"],"build_version":"2019-01-23","purchased_purges":2,"victory":true,"max_hp_per_floor":[71,71,71,71,71,71,71,71,71,71,71,71,71,71,71,71,71,71,71,71,71,71,71,71,71,71,71,71,71,71,71,85,85,85,85,85,85,85,85,85,85,85,85,85,85,85,85,81,81,81,81,81,81,81,88,88],"card_choices":[{"not_picked":["Steam","Compile Driver"],"picked":"Streamline","floor":1.0},{"not_picked":["Streamline","Fusion"],"picked":"Genetic Algorithm","floor":3.0},{"not_picked":["Sweeping Beam","Leap"],"picked":"Electrodynamics","floor":4.0},{"not_picked":["Lockon","Scrape","Streamline"],"picked":"SKIP","floor":5.0},{"not_picked":["Compile Driver","Melter","Genetic Algorithm"],"picked":"SKIP","floor":7.0},{"not_picked":["Hologram","Sunder"],"picked":"Capacitor","floor":8.0},{"not_picked":["Turbo","Cold Snap"],"picked":"Fission","floor":11.0},{"not_picked":["Amplify","Core Surge"],"picked":"Biased Cognition","floor":16.0},{"not_picked":["Melter","Storm+1"],"picked":"Turbo","floor":18.0},{"not_picked":["Redo","Rebound","Barrage"],"picked":"SKIP","floor":21.0},{"not_picked":["Reprogram","Sweeping Beam"],"picked":"Turbo","floor":23.0},{"not_picked":["Redo","Chaos"],"picked":"White Noise","floor":24.0},{"not_picked":["Stack+1","Fusion","Doom and Gloom"],"picked":"SKIP","floor":24.0},{"not_picked":["Force Field","Conserve Battery","Rebound+1"],"picked":"SKIP","floor":28.0},{"not_picked":["Cold Snap","Redo+1","Rebound"],"picked":"SKIP","floor":28.0},{"not_picked":["Fission","Turbo"],"picked":"Coolheaded","floor":31.0},{"not_picked":["Doom and Gloom","Gash+1"],"picked":"Skim","floor":31.0},{"not_picked":["Compile Driver","Sweeping Beam+1","Rebound+1"],"picked":"SKIP","floor":35.0},{"not_picked":["Streamline","Aggregate","Conserve Battery"],"picked":"SKIP","floor":35.0},{"not_picked":["Go for the Eyes","Cold Snap+1"],"picked":"Skim","floor":39.0},{"not_picked":["Beam Cell","Core Surge","Sunder"],"picked":"SKIP","floor":39.0},{"not_picked":["Turbo","Beam Cell","Barrage+1"],"picked":"SKIP","floor":41.0},{"not_picked":["Steam","Cold Snap","Reprogram+1"],"picked":"SKIP","floor":41.0},{"not_picked":["Coolheaded","Capacitor+1"],"picked":"Seek","floor":45.0},{"not_picked":["Rebound","Blizzard","Hologram"],"picked":"SKIP","floor":45.0},{"not_picked":["Scrape","Steam","Ball Lightning"],"picked":"SKIP","floor":55}],"player_experience":971975,"relics_obtained":[{"floor":9.0,"key":"Matryoshka"},{"floor":11.0,"key":"Anchor"},{"floor":23.0,"key":"Prayer Wheel"},{"floor":26.0,"key":"Oddly Smooth Stone"},{"floor":30.0,"key":"Boot"},{"floor":30.0,"key":"Shovel"},{"floor":32.0,"key":"Mango"},{"floor":37.0,"key":"Omamori"},{"floor":40.0,"key":"DataDisk"},{"floor":43.0,"key":"Whetstone"},{"floor":44.0,"key":"Happy Flower"},{"floor":47.0,"key":"Thread and Needle"},{"floor":49.0,"key":"Art of War"},{"floor":53,"key":"Cables"},{"floor":55,"key":"Strawberry"}],"event_choices":[{"cards_removed":["Strike_B"],"damage_healed":0.0,"max_hp_gain":0.0,"max_hp_loss":0.0,"gold_gain":0.0,"event_name":"Bonfire Elementals","player_choice":"Offered Basic","floor":2.0,"gold_loss":0.0,"damage_taken":0.0},{"damage_healed":0.0,"max_hp_gain":0.0,"max_hp_loss":0.0,"gold_gain":0.0,"event_name":"Scrap Ooze","player_choice":"Fled","floor":12.0,"gold_loss":0.0,"damage_taken":0.0},{"damage_healed":0.0,"max_hp_gain":0.0,"max_hp_loss":0.0,"gold_gain":0.0,"event_name":"Match and Keep!","player_choice":"2 cards matched","floor":14.0,"gold_loss":0.0,"damage_taken":0.0,"cards_obtained":["Core Surge","Glacier"]},{"cards_removed":["Strike_B"],"damage_healed":0.0,"max_hp_gain":0.0,"max_hp_loss":0.0,"gold_gain":0.0,"event_name":"Beggar","player_choice":"Gave Gold","floor":19.0,"gold_loss":75.0,"damage_taken":0.0},{"damage_healed":0.0,"max_hp_gain":0.0,"max_hp_loss":0.0,"gold_gain":0.0,"cards_transformed":["Strike_B"],"event_name":"Transmorgrifier","player_choice":"Transformed","floor":20.0,"gold_loss":0.0,"damage_taken":0.0,"cards_obtained":["Creative AI"]},{"cards_removed":["Defend_B"],"damage_healed":0.0,"max_hp_gain":0.0,"max_hp_loss":0.0,"gold_gain":0.0,"event_name":"Back to Basics","player_choice":"Elegance","floor":29.0,"gold_loss":0.0,"damage_taken":0.0},{"damage_healed":0.0,"max_hp_gain":0.0,"max_hp_loss":0.0,"gold_gain":0.0,"event_name":"MindBloom","player_choice":"Upgrade","floor":36.0,"gold_loss":0.0,"damage_taken":0.0,"cards_upgraded":["Defend_B","Defend_B","Defend_B","Zap","Genetic Algorithm","Electrodynamics","Capacitor","Core Surge","Glacier","Creative AI","Turbo","White Noise","Coolheaded","Skim"],"relics_obtained":["Mark of the Bloom"]},{"damage_healed":0.0,"max_hp_gain":0.0,"max_hp_loss":0.0,"gold_gain":0.0,"event_name":"Tomb of Lord Red Mask","player_choice":"Ignored","floor":42.0,"gold_loss":0.0,"damage_taken":0.0},{"damage_healed":0.0,"max_hp_gain":0.0,"max_hp_loss":0.0,"gold_gain":0.0,"event_name":"Mysterious Sphere","player_choice":"Fight","floor":47.0,"gold_loss":0.0,"damage_taken":0.0},{"damage_healed":0.0,"max_hp_gain":0.0,"max_hp_loss":4.0,"gold_gain":0.0,"event_name":"Winding Halls","player_choice":"Max HP","floor":48.0,"gold_loss":0.0,"damage_taken":0.0}],"is_beta":false,"boss_relics":[{"not_picked":["Fusion Hammer","Orrery"],"picked":"Nuclear Battery"},{"not_picked":["Runic Dome","Lizard Tail"],"picked":"Coffee Dripper"}],"items_purged_floors":[22,38],"is_endless":false,"potions_floor_spawned":[1,5,7,24,28,35,45,47],"ascension_level":20}