{"gold_per_floor":[14,14,44,58,58,58,58,83,128,163,187,231,231,250,250,370,370,384,50,74,93,93,129,129,129,155,170,170,170,170,189,189,289,289,305,317,25,44,44,74,74,122,122,139,139,156,174,30,30,30,30,30,6,31,31],"floor_reached":55,"playtime":4238,"items_purged":["Defend_G","Strike_G"],"score":830,"play_id":"c5e398c7-7a55-4a26-bdbe-a81c01310c9e","local_time":"20181227014208","is_ascension_mode":false,"campfire_choices":[{"floor":6,"key":"REST"},{"floor":15,"key":"REST"},{"floor":25,"key":"REST"},{"floor":30,"key":"RECALL"},{"floor":32,"key":"REST"},{"floor":41,"key":"REST"},{"data":"Blur","floor":45,"key":"SMITH"},{"floor":49,"key":"REST"},{"data":"Envenom","floor":52,"key":"SMITH"}],"neow_cost":"NO_GOLD","seed_source_timestamp":2208700144191750,"circlet_count":0,"master_deck":["Defend_G","Defend_G","Strike_G","Survivor","Neutralize","Deflect","Terror","PiercingWail","Blur","Deadly Poison","Poisoned Stab+1","Crippling Poison+1","Blur","Strike_R","Deflect","Corpse Explosion","Escape Plan+1","Backflip","Poisoned Stab+1","Footwork+1","Necronomicurse","Acrobatics+1","Backflip+1","Burst","Well Laid Plans","Parasite","Blur+1","Poisoned Stab+1","Blur+1","Poisoned Stab+1","Blur","Quick Slash+1","Envenom+1","Slice+1","Adrenaline"],"relics":["Ring of the Snake","Tiny Chest","Molten Egg 2","Bag of Preparation","Sozu","TwistedFunnel","Art of War","Ornamental Fan","Blood Vial","Necronomicon","Nloth\u0027s Gift","WristBlade","Happy Flower","Mummified Hand","Meat on the Bone","Gambling Chip","Pantograph","Tough Bandages"],"potions_floor_usage":[10,10,16],"damage_taken":[{"damage":0,"enemies":"Small Slimes","floor":1,"turns":5},{"damage":0,"enemies":"Cultist","floor":4,"turns":5},{"damage":0,"enemies":"2 Louse","floor":8,"turns":4},{"damage":27,"enemies":"3 Sentries","floor":10,"turns":19},{"damage":5,"enemies":"Looter","floor":11,"turns":3},{"damage":24,"enemies":"Lagavulin","floor":12,"turns":8},{"damage":0,"enemies":"Gremlin Gang","floor":14,"turns":6},{"damage":11,"enemies":"The Guardian","floor":16,"turns":11},{"damage":6,"enemies":"2 Thieves","floor":18,"turns":3},{"damage":0,"enemies":"Shell Parasite","floor":21,"turns":5},{"damage":24,"enemies":"Gremlin Leader","floor":23,"turns":5},{"damage":0,"enemies":"Shelled Parasite and Fungi","floor":27,"turns":4},{"damage":8,"enemies":"Sentry and Sphere","floor":31,"turns":5},{"damage":70,"enemies":"Champ","floor":33,"turns":14},{"damage":0,"enemies":"Orb Walker","floor":35,"turns":4},{"damage":0,"enemies":"3 Darklings","floor":36,"turns":3},{"damage":18,"enemies":"Writhing Mass","floor":38,"turns":5},{"damage":40,"enemies":"Nemesis","floor":40,"turns":9},{"damage":0,"enemies":"2 Orb Walkers","floor":42,"turns":3},{"damage":4,"enemies":"Maw","floor":44,"turns":8},{"damage":16,"enemies":"Jaw Worm Horde","floor":46,"turns":3},{"damage":0,"enemies":"Transient","floor":47,"turns":5},{"damage":54,"enemies":"Time Eater","floor":50,"turns":15},{"damage":41,"enemies":"Shield and Spear","floor":54,"turns":6},{"damage":78,"enemies":"The Heart","floor":55,"turns":5}],"seed_played":"-7876160497568371000","potions_obtained":[{"floor":1,"key":"Ancient Potion"},{"floor":4,"key":"Swift Potion"},{"floor":8,"key":"Explosive Potion"},{"floor":14,"key":"Ancient Potion"}],"is_trial":false,"path_per_floor":["M","?","?","M","?","R","?","M","T","E","M","E","?","M","R","B",null,"M","$","T","M","?","E","?","R","T","M","?","?","R","M","R","B",null,"M","M","$","M","T","E","R","?","T","M","R","M","M","$","R","B",null,"R","$","E","B"],"character_chosen":"THE_SILENT","items_purchased":["TwistedFunnel","Backflip","Well Laid Plans","Happy Flower","Envenom","Slice+1"],"campfire_rested":6,"item_purchase_floors":[19,19,37,37,48,53],"current_hp_per_floor":[70,53,53,53,58,75,75,75,75,48,43,19,19,19,41,30,75,69,69,69,69,69,45,45,67,67,69,53,53,53,47,69,1,75,75,75,75,57,57,19,41,43,43,41,41,39,41,41,63,33,75,75,75,46,0],"gold":31,"neow_bonus":"TRANSFORM_TWO_CARDS","is_prod":false,"is_daily":false,"chose_seed":false,"campfire_upgraded":2,"win_rate":0,"timestamp":1545835328,"path_taken":["M","?","?","?","?","R","?","M","T","E","?","E","?","M","R","BOSS","M","$","?","M","?","E","?","R","T","?","?","?","R","M","R","BOSS","M","M","$","M","?","E","R","?","T","M","R","M","M","?","R","BOSS","R","$","E","BOSS"],"build_version":"2018-12-20","purchased_purges":2,"victory":false,"max_hp_per_floor":[70,70,70,70,75,75,75,75,75,75,75,75,75,75,75,75,75,75,75,75,75,75,75,75,75,75,75,75,75,75,75,75,75,75,75,75,75,75,75,75,75,75,75,75,75,75,75,75,75,75,75,75,75,75,75],"card_choices":[{"not_picked":["Calculated Gamble","Dagger Throw","Concentrate"],"picked":"SKIP","floor":1},{"not_picked":["Skewer","Masterful Stab"],"picked":"PiercingWail","floor":4},{"not_picked":["Outmaneuver","Sucker Punch"],"picked":"Deadly Poison","floor":8},{"not_picked":["Dash","Acrobatics"],"picked":"Poisoned Stab","floor":10},{"not_picked":["Acrobatics","Tactician"],"picked":"Crippling Poison","floor":11},{"not_picked":["Dodge and Roll","Flechettes+1"],"picked":"Blur","floor":12},{"not_picked":["Predator+1","Blade Dance"],"picked":"Deflect","floor":14},{"not_picked":["Doppelganger","Grand Finale+1"],"picked":"Corpse Explosion","floor":16},{"not_picked":["Underhanded Strike+1","Accuracy"],"picked":"Escape Plan+1","floor":18},{"not_picked":["Endless Agony+1","Choke+1"],"picked":"Poisoned Stab+1","floor":21},{"not_picked":["Quick Slash+1","Backflip+1"],"picked":"Footwork+1","floor":23},{"not_picked":["Escape Plan","Quick Slash+1","Accuracy+1"],"picked":"SKIP","floor":27},{"not_picked":["PiercingWail","Calculated Gamble"],"picked":"Acrobatics+1","floor":31},{"not_picked":["Blade Dance","Prepared+1"],"picked":"Backflip+1","floor":35},{"not_picked":["Bane+1","Dagger Throw+1"],"picked":"Burst","floor":36},{"not_picked":["Dash+1","Cloak And Dagger+1"],"picked":"Blur+1","floor":38},{"not_picked":["Bane+1","Cloak And Dagger+1"],"picked":"Poisoned Stab+1","floor":40},{"not_picked":["Setup","Distraction"],"picked":"Blur","floor":42},{"not_picked":["Predator+1","Dagger Throw+1"],"picked":"Poisoned Stab+1","floor":44},{"not_picked":["Acrobatics","Poisoned Stab+1"],"picked":"Blur","floor":46},{"not_picked":["Masterful Stab+1","Reflex"],"picked":"Quick Slash+1","floor":47},{"not_picked":["Reflex+1","Deflect"],"picked":"Adrenaline","floor":54}],"player_experience":325058,"relics_obtained":[{"floor":10,"key":"Molten Egg 2"},{"floor":12,"key":"Bag of Preparation"},{"floor":20,"key":"Art of War"},{"floor":23,"key":"Ornamental Fan"},{"floor":26,"key":"Blood Vial"},{"floor":28,"key":"Necronomicon"},{"floor":39,"key":"Mummified Hand"},{"floor":40,"key":"Meat on the Bone"},{"floor":42,"key":"Gambling Chip"},{"floor":43,"key":"Pantograph"},{"floor":54,"key":"Tough Bandages"}],"event_choices":[{"damage_healed":0,"gold_gain":0,"player_choice":"Take Damage","damage_taken":17,"relics_obtained":["Golden Idol"],"max_hp_gain":0,"max_hp_loss":0,"event_name":"Golden Idol","floor":2,"gold_loss":0},{"damage_healed":0,"gold_gain":0,"player_choice":"Gave Potion","damage_taken":0,"relics_obtained":["Tiny Chest"],"max_hp_gain":0,"max_hp_loss":0,"event_name":"WeMeetAgain","floor":3,"gold_loss":0},{"damage_healed":0,"gold_gain":0,"player_choice":"Donut","damage_taken":0,"max_hp_gain":5,"max_hp_loss":0,"event_name":"Big Fish","floor":5,"gold_loss":0},{"damage_healed":0,"gold_gain":0,"cards_transformed":["Defend_G"],"player_choice":"Transformed","damage_taken":0,"max_hp_gain":0,"max_hp_loss":0,"event_name":"Transmorgrifier","floor":7,"gold_loss":0,"cards_obtained":["Blur"]},{"cards_removed":["Strike_G"],"damage_healed":0,"gold_gain":0,"player_choice":"Took Card","damage_taken":0,"max_hp_gain":0,"max_hp_loss":0,"event_name":"NoteForYourself","floor":13,"gold_loss":0,"cards_obtained":["Strike_R"]},{"cards_removed":["Defend_G"],"damage_healed":0,"gold_gain":0,"player_choice":"Elegance","damage_taken":0,"max_hp_gain":0,"max_hp_loss":0,"event_name":"Back to Basics","floor":22,"gold_loss":0},{"damage_healed":0,"gold_gain":0,"player_choice":"Forge","damage_taken":0,"max_hp_gain":0,"max_hp_loss":0,"event_name":"Accursed Blacksmith","floor":24,"gold_loss":0,"cards_upgraded":["Crippling Poison"]},{"damage_healed":0,"gold_gain":0,"player_choice":"Obtained Book","damage_taken":16,"max_hp_gain":0,"max_hp_loss":0,"event_name":"Cursed Tome","floor":28,"gold_loss":0},{"damage_healed":0,"gold_gain":0,"player_choice":"Traded Relic","damage_taken":0,"relics_obtained":["Nloth\u0027s Gift"],"max_hp_gain":0,"max_hp_loss":0,"event_name":"N\u0027loth","floor":29,"relics_lost":["Golden Idol"],"gold_loss":0},{"damage_healed":0,"gold_gain":0,"player_choice":"Fight","damage_taken":0,"max_hp_gain":0,"max_hp_loss":0,"event_name":"Mysterious Sphere","floor":42,"gold_loss":0}],"is_beta":false,"boss_relics":[{"not_picked":["Snecko Eye","Calling Bell"],"picked":"Sozu"},{"not_picked":["Runic Dome","Fusion Hammer"],"picked":"WristBlade"}],"items_purged_floors":[19,37],"is_endless":false,"potions_floor_spawned":[1,4,8,14,23,27,36,40,42,46,54],"killed_by":"The Heart","ascension_level":0}