{"gold_per_floor":[118,129,0,0,16,16,16,16,16,16,39,53,53,73,73,146,146,163,163,176,64,82,82,101,101,101,113,145,172,215,227,239,329,341,371,178,178,53,72,72,107,107,107,156,189,189,199,210,210,210,210,210,210,6,33,33],"floor_reached":56,"playtime":3150,"items_purged":["Defend_G","Glass Knife+1","Phantasmal Killer+1","Defend_G"],"score":2030,"play_id":"8347ae19-f008-418c-b0b1-111334db6384","local_time":"20190716082844","is_ascension_mode":true,"campfire_choices":[{"data":"Deadly Poison","floor":6.0,"key":"SMITH"},{"data":"Noxious Fumes","floor":8.0,"key":"SMITH"},{"data":"Neutralize","floor":10.0,"key":"SMITH"},{"data":"Acrobatics","floor":15.0,"key":"SMITH"},{"data":"Footwork","floor":23.0,"key":"SMITH"},{"data":"Adrenaline","floor":25.0,"key":"SMITH"},{"data":"Glass Knife","floor":32.0,"key":"SMITH"},{"data":"Tactician","floor":40.0,"key":"SMITH"},{"data":"Impatience","floor":42.0,"key":"SMITH"},{"floor":46.0,"key":"RECALL"},{"data":"Backflip","floor":49.0,"key":"SMITH"},{"data":"Escape Plan","floor":53.0,"key":"SMITH"}],"neow_cost":"PERCENT_DAMAGE","seed_source_timestamp":0,"circlet_count":0,"master_deck":["AscendersBane","Defend_G","Defend_G","Defend_G","Survivor","Neutralize+1","Adrenaline","Infinite Blades","Noxious Fumes+1","Deadly Poison+1","Acrobatics+1","Adrenaline+1","Corpse Explosion+1","Well Laid Plans+1","Prepared+1","Escape Plan+1","Footwork+1","Cloak And Dagger+1","After Image","Catalyst+1","Tactician+1","Impatience+1","Backflip+1","PiercingWail","Reflex+1","Adrenaline"],"special_seed":0,"relics":["Ring of the Serpent","Prayer Wheel","Lantern","Astrolabe","MawBank","Letter Opener","Ancient Tea Set","Art of War","Strawberry","Boot","Sundial"],"potions_floor_usage":[56,56],"damage_taken":[{"damage":1.0,"enemies":"Cultist","floor":1.0,"turns":5.0},{"damage":0.0,"enemies":"2 Louse","floor":2.0,"turns":3.0},{"damage":6.0,"enemies":"Jaw Worm","floor":5.0,"turns":4.0},{"damage":2.0,"enemies":"Exordium Thugs","floor":12.0,"turns":4.0},{"damage":5.0,"enemies":"Lots of Slimes","floor":14.0,"turns":4.0},{"damage":8.0,"enemies":"Hexaghost","floor":16.0,"turns":9.0},{"damage":0.0,"enemies":"Spheric Guardian","floor":18.0,"turns":4.0},{"damage":4.0,"enemies":"Chosen","floor":20.0,"turns":4.0},{"damage":0.0,"enemies":"3 Cultists","floor":22.0,"turns":3.0},{"damage":0.0,"enemies":"Snake Plant","floor":24.0,"turns":5.0},{"damage":6.0,"enemies":"Shelled Parasite and Fungi","floor":28.0,"turns":5.0},{"damage":0.0,"enemies":"Centurion and Healer","floor":29.0,"turns":4.0},{"damage":6.0,"enemies":"Slavers","floor":30.0,"turns":2.0},{"damage":30.0,"enemies":"Collector","floor":33.0,"turns":8.0},{"damage":2.0,"enemies":"3 Darklings","floor":35.0,"turns":2.0},{"damage":0.0,"enemies":"3 Shapes","floor":39.0,"turns":2.0},{"damage":1.0,"enemies":"Nemesis","floor":41.0,"turns":7.0},{"damage":0.0,"enemies":"Reptomancer","floor":45.0,"turns":3.0},{"damage":0.0,"enemies":"Sphere and 2 Shapes","floor":47.0,"turns":3.0},{"damage":0.0,"enemies":"Jaw Worm Horde","floor":48.0,"turns":2.0},{"damage":0.0,"enemies":"Awakened One","floor":50.0,"turns":10.0},{"damage":12.0,"enemies":"Time Eater","floor":51.0,"turns":8.0},{"damage":28.0,"enemies":"Shield and Spear","floor":55.0,"turns":6.0},{"damage":36,"enemies":"The Heart","floor":56,"turns":8}],"seed_played":"-8845065550165897621","potions_obtained":[{"floor":1.0,"key":"Fire Potion"},{"floor":12.0,"key":"EssenceOfSteel"},{"floor":22.0,"key":"Fire Potion"},{"floor":33.0,"key":"SpeedPotion"},{"floor":45.0,"key":"Weak Potion"}],"is_trial":false,"path_per_floor":["M","M","$","?","M","R","$","R","T","R","T","M","$","M","R","B",null,"M","?","M","$","M","R","M","R","T","T","M","M","E","?","R","B",null,"M","$","?","$","M","R","E","R","T","T","E","R","M","M","R","B","B",null,"R","$","E","B"],"character_chosen":"THE_SILENT","items_purchased":["Well Laid Plans","Deadly Poison","Footwork","Impatience","PowerPotion"],"campfire_rested":0,"item_purchase_floors":[3,3,21,36,54],"current_hp_per_floor":[43,43,43,43,37,37,37,37,37,37,37,35,35,30,30,22,55,55,55,51,51,51,51,51,51,51,51,45,45,39,39,39,9,52,50,50,50,50,50,50,49,49,49,56,56,56,56,56,56,56,44,66,66,66,38,2],"gold":33,"neow_bonus":"TRANSFORM_TWO_CARDS","is_prod":false,"is_daily":false,"chose_seed":false,"campfire_upgraded":11,"win_rate":0,"timestamp":1563236924,"path_taken":["M","?","$","?","?","R","?","R","T","R","?","M","$","M","R","BOSS","M","?","?","$","M","R","M","R","T","?","M","M","E","?","R","BOSS","M","?","?","$","M","R","E","R","T","?","E","R","M","M","R","BOSS","BOSS","R","$","E","BOSS"],"build_version":"2019-07-05","purchased_purges":4,"victory":false,"max_hp_per_floor":[66,66,66,66,66,66,66,66,66,66,66,66,66,66,66,66,66,66,66,66,66,66,66,66,66,66,66,66,66,66,66,66,66,66,66,66,66,66,66,66,66,66,66,73,73,73,73,73,73,73,73,73,73,73,73,73],"card_choices":[{"not_picked":["Leg Sweep","Concentrate","Poisoned Stab"],"picked":"SKIP","floor":1.0},{"not_picked":["Underhanded Strike","Deadly Poison"],"picked":"Noxious Fumes","floor":2.0},{"not_picked":["Leg Sweep","Dagger Spray","Bane"],"picked":"SKIP","floor":5.0},{"not_picked":["Outmaneuver","Masterful Stab"],"picked":"Acrobatics","floor":12.0},{"not_picked":["Poisoned Stab","Underhanded Strike","Cloak And Dagger"],"picked":"SKIP","floor":12.0},{"not_picked":["Prepared","Riddle With Holes"],"picked":"PiercingWail","floor":14.0},{"not_picked":["Backflip","Cloak And Dagger","Heel Hook"],"picked":"SKIP","floor":14.0},{"not_picked":["A Thousand Cuts","Envenom"],"picked":"Adrenaline","floor":16.0},{"not_picked":["Backflip","Dagger Throw"],"picked":"Prepared+1","floor":18.0},{"not_picked":["Acrobatics","Skewer","All Out Attack"],"picked":"SKIP","floor":18.0},{"not_picked":["Slice","PiercingWail","Prepared"],"picked":"SKIP","floor":20.0},{"not_picked":["Flying Knee+1","Sucker Punch","Dagger Spray"],"picked":"SKIP","floor":20.0},{"not_picked":["Prepared+1","Poisoned Stab"],"picked":"Cloak And Dagger+1","floor":22.0},{"not_picked":["Quick Slash","Dodge and Roll","Dash"],"picked":"SKIP","floor":22.0},{"not_picked":["Deflect","Flechettes"],"picked":"After Image","floor":24.0},{"not_picked":["Noxious Fumes","Endless Agony","Slice"],"picked":"SKIP","floor":24.0},{"not_picked":["Quick Slash","Prepared"],"picked":"Catalyst","floor":28.0},{"not_picked":["Backflip","Deadly Poison","Flying Knee"],"picked":"SKIP","floor":28.0},{"not_picked":["PiercingWail","Deflect","Dodge and Roll"],"picked":"SKIP","floor":29.0},{"not_picked":["Sucker Punch","Leg Sweep","Masterful Stab"],"picked":"SKIP","floor":29.0},{"not_picked":["Dagger Throw","Backflip","Flying Knee"],"picked":"SKIP","floor":30.0},{"not_picked":["Quick Slash","Reflex"],"picked":"Tactician","floor":35.0},{"not_picked":["Dash","Expertise","Acrobatics"],"picked":"SKIP","floor":35.0},{"not_picked":["Outmaneuver","Prepared"],"picked":"Backflip","floor":39.0},{"not_picked":["Deflect","Backflip","Flying Knee"],"picked":"SKIP","floor":39.0},{"not_picked":["Deadly Poison+1","Blade Dance+1","Backflip"],"picked":"SKIP","floor":41.0},{"not_picked":["PiercingWail","Finisher+1","Outmaneuver"],"picked":"SKIP","floor":45.0},{"not_picked":["Finisher+1","Outmaneuver"],"picked":"PiercingWail","floor":45.0},{"not_picked":["Dodge and Roll+1","Deflect+1"],"picked":"Reflex+1","floor":47.0},{"not_picked":["Flying Knee","Glass Knife","Prepared"],"picked":"SKIP","floor":47.0},{"not_picked":["Blur","Endless Agony+1","Dodge and Roll"],"picked":"SKIP","floor":48.0},{"not_picked":["Setup","Acrobatics","Slice"],"picked":"SKIP","floor":48.0},{"not_picked":["Well Laid Plans+1","Dagger Throw+1"],"picked":"Adrenaline","floor":55.0}],"player_experience":1116462,"relics_obtained":[{"floor":9.0,"key":"Prayer Wheel"},{"floor":11.0,"key":"Lantern"},{"floor":26.0,"key":"MawBank"},{"floor":27.0,"key":"Letter Opener"},{"floor":30.0,"key":"Ancient Tea Set"},{"floor":41.0,"key":"Art of War"},{"floor":44.0,"key":"Strawberry"},{"floor":45.0,"key":"Boot"},{"floor":55.0,"key":"Sundial"}],"event_choices":[{"cards_removed":["Strike_G"],"damage_healed":0.0,"max_hp_gain":0.0,"max_hp_loss":0.0,"gold_gain":0.0,"event_name":"Purifier","player_choice":"Purged","floor":4.0,"gold_loss":0.0,"damage_taken":0.0},{"damage_healed":0.0,"max_hp_gain":0.0,"max_hp_loss":0.0,"gold_gain":0.0,"event_name":"Match and Keep!","player_choice":"2 cards matched","floor":19.0,"gold_loss":0.0,"damage_taken":0.0,"cards_obtained":["Escape Plan","Glass Knife"]},{"damage_healed":0.0,"max_hp_gain":0.0,"max_hp_loss":0.0,"gold_gain":0.0,"event_name":"Upgrade Shrine","player_choice":"Upgraded","floor":31.0,"gold_loss":0.0,"damage_taken":0.0,"cards_upgraded":["Catalyst"]},{"cards_removed":["PiercingWail"],"damage_healed":0.0,"max_hp_gain":0.0,"max_hp_loss":0.0,"gold_gain":0.0,"event_name":"Falling","player_choice":"Removed Skill","floor":37.0,"gold_loss":0.0,"damage_taken":0.0}],"is_beta":false,"boss_relics":[{"not_picked":["Tiny House","Orrery"],"picked":"Astrolabe"},{"not_picked":["Philosopher\u0027s Stone","Black Star"],"picked":"Ring of the Serpent"}],"items_purged_floors":[21,36,38,54],"is_endless":false,"potions_floor_spawned":[1,12,22,33,45,47],"killed_by":"The Heart","ascension_level":20}