{"gold_per_floor":[113,132,57,68,68,68,87,87,87,100,110,140,140,153,153,153],"floor_reached":16,"playtime":441,"items_purged":[],"score":258,"play_id":"5c8d0b35-3f42-4d00-8409-5dd8a71caaa9","local_time":"20190516162632","is_ascension_mode":true,"campfire_choices":[{"data":"Shockwave","floor":8,"key":"SMITH"},{"data":"Evolve","floor":13,"key":"SMITH"},{"floor":15,"key":"REST"}],"neow_cost":"NONE","seed_source_timestamp":2098631592744970,"circlet_count":0,"master_deck":["AscendersBane","Strike_R","Strike_R","Strike_R","Defend_R","Defend_R","Defend_R","Defend_R","Bash","Shockwave+1","Evolve+1","Dropkick","Spot Weakness","Wild Strike","Rampage"],"relics":["Burning Blood","NeowsBlessing","Mercury Hourglass"],"potions_floor_usage":[12,16],"damage_taken":[{"damage":0,"enemies":"2 Louse","floor":1,"turns":1},{"damage":0,"enemies":"Jaw Worm","floor":2,"turns":1},{"damage":0,"enemies":"Small Slimes","floor":4,"turns":1},{"damage":14,"enemies":"Exordium Wildlife","floor":7,"turns":6},{"damage":28,"enemies":"Gremlin Gang","floor":10,"turns":5},{"damage":18,"enemies":"3 Louse","floor":11,"turns":3},{"damage":6,"enemies":"Lagavulin","floor":12,"turns":7},{"damage":5,"enemies":"Blue Slaver","floor":14,"turns":4},{"damage":50,"enemies":"The Guardian","floor":16,"turns":10}],"seed_played":"-6621452710548939897","potions_obtained":[{"floor":4,"key":"Dexterity Potion"},{"floor":10,"key":"SneckoOil"},{"floor":11,"key":"SkillPotion"},{"floor":12,"key":"Poison Potion"}],"is_trial":false,"path_per_floor":["M","M","?","M","T","?","M","R","T","M","M","E","R","M","R","B"],"character_chosen":"IRONCLAD","items_purchased":[],"campfire_rested":1,"item_purchase_floors":[],"current_hp_per_floor":[74,75,75,75,75,68,60,60,60,38,26,26,26,27,49,0],"gold":153,"neow_bonus":"THREE_ENEMY_KILL","is_prod":false,"is_daily":false,"chose_seed":false,"campfire_upgraded":2,"win_rate":0,"timestamp":1557995192,"path_taken":["M","M","?","M","?","?","M","R","T","M","M","E","R","M","R","BOSS"],"build_version":"2019-01-23","purchased_purges":0,"victory":false,"max_hp_per_floor":[75,75,75,75,75,75,75,75,75,75,75,75,75,75,75,75],"card_choices":[{"not_picked":["Havoc","Sword Boomerang"],"picked":"Shockwave","floor":1},{"not_picked":["Intimidate","Pummel","Anger"],"picked":"SKIP","floor":2},{"not_picked":["Thunderclap","Infernal Blade"],"picked":"Evolve","floor":4},{"not_picked":["Havoc","Heavy Blade"],"picked":"Dropkick","floor":7},{"not_picked":["Havoc","Perfected Strike"],"picked":"Spot Weakness","floor":10},{"not_picked":["Clash","Entrench","Hemokinesis"],"picked":"SKIP","floor":11},{"not_picked":["Ghostly Armor","Corruption"],"picked":"Wild Strike","floor":12},{"not_picked":["Twin Strike","Rupture"],"picked":"Rampage","floor":14}],"player_experience":853761,"relics_obtained":[{"floor":9,"key":"Mercury Hourglass"}],"event_choices":[{"cards_removed":["Strike_R"],"damage_healed":0,"gold_gain":0,"player_choice":"Card Removal","damage_taken":0,"max_hp_gain":0,"max_hp_loss":0,"event_name":"The Cleric","floor":3,"gold_loss":75},{"cards_removed":["Strike_R"],"damage_healed":0,"gold_gain":0,"player_choice":"Card Removal","damage_taken":7,"max_hp_gain":0,"max_hp_loss":0,"event_name":"Golden Wing","floor":6,"gold_loss":0}],"is_beta":false,"boss_relics":[],"items_purged_floors":[],"is_endless":false,"potions_floor_spawned":[4,10,11,12,14],"killed_by":"The Guardian","ascension_level":20}