{"gold_per_floor":[111,130,130,149,162,162,195,195,248,248,275,295,309,328,328,406,406],"floor_reached":17,"playtime":392,"items_purged":[],"score":338,"play_id":"bed28e6e-ddb8-47b8-8dc2-772c71700a96","local_time":"20190509160116","is_ascension_mode":true,"campfire_choices":[{"data":"Perfected Strike","floor":6,"key":"SMITH"},{"data":"Perfected Strike","floor":8,"key":"SMITH"},{"floor":10,"key":"RECALL"},{"data":"Pommel Strike","floor":15,"key":"SMITH"}],"neow_cost":"NONE","seed_source_timestamp":1492342040228920,"circlet_count":0,"master_deck":["AscendersBane","Strike_R","Strike_R","Strike_R","Strike_R","Strike_R","Defend_R","Defend_R","Defend_R","Defend_R","Bash","Perfected Strike+1","Perfected Strike+1","Pommel Strike+1","Offering"],"relics":["Burning Blood","NeowsBlessing","Pear","Bronze Scales","Red Skull","FossilizedHelix","Cursed Key"],"potions_floor_usage":[7,11],"damage_taken":[{"damage":0,"enemies":"Small Slimes","floor":1,"turns":2},{"damage":0,"enemies":"Cultist","floor":2,"turns":1},{"damage":0,"enemies":"Jaw Worm","floor":4,"turns":1},{"damage":5,"enemies":"2 Fungi Beasts","floor":5,"turns":4},{"damage":30,"enemies":"Lagavulin","floor":7,"turns":6},{"damage":25,"enemies":"3 Sentries","floor":11,"turns":8},{"damage":13,"enemies":"3 Louse","floor":12,"turns":3},{"damage":0,"enemies":"Blue Slaver","floor":13,"turns":2},{"damage":20,"enemies":"Lots of Slimes","floor":14,"turns":4},{"damage":20,"enemies":"Slime Boss","floor":16,"turns":7}],"seed_played":"-2143481110368878229","potions_obtained":[{"floor":2,"key":"Poison Potion"},{"floor":7,"key":"Regen Potion"},{"floor":11,"key":"Fruit Juice"}],"is_trial":false,"path_per_floor":["M","M","?","M","M","R","E","R","T","R","E","M","M","M","R","B",null],"character_chosen":"IRONCLAD","items_purchased":[],"campfire_rested":0,"item_purchase_floors":[],"current_hp_per_floor":[74,75,85,85,85,85,61,61,61,61,57,50,56,42,42,28,71],"gold":406,"neow_bonus":"THREE_ENEMY_KILL","is_prod":false,"is_daily":false,"chose_seed":false,"campfire_upgraded":3,"win_rate":0,"timestamp":1557388876,"path_taken":["M","M","?","M","M","R","E","R","T","R","E","?","M","M","R","BOSS"],"build_version":"2019-01-23","purchased_purges":0,"victory":false,"max_hp_per_floor":[75,75,85,85,85,85,85,85,85,85,85,85,85,85,85,85,85],"card_choices":[{"not_picked":["Anger","Shrug It Off"],"picked":"Pommel Strike","floor":1},{"not_picked":["Hemokinesis","Spot Weakness","Disarm"],"picked":"SKIP","floor":2},{"not_picked":["Corruption","Sword Boomerang"],"picked":"Perfected Strike","floor":4},{"not_picked":["Infernal Blade","Cleave"],"picked":"Perfected Strike","floor":5},{"not_picked":["Corruption","Body Slam","Thunderclap"],"picked":"SKIP","floor":7},{"not_picked":["Pummel","Sever Soul","Cleave"],"picked":"SKIP","floor":11},{"not_picked":["Hemokinesis","Blood for Blood","Cleave"],"picked":"SKIP","floor":12},{"not_picked":["Heavy Blade","Infernal Blade"],"picked":"Pommel Strike","floor":13},{"not_picked":["Reckless Charge","Spot Weakness","Rupture"],"picked":"SKIP","floor":14},{"not_picked":["Dark Embrace","Limit Break"],"picked":"Offering","floor":16}],"player_experience":832831,"relics_obtained":[{"floor":7,"key":"Bronze Scales"},{"floor":9,"key":"Red Skull"},{"floor":11,"key":"FossilizedHelix"}],"event_choices":[{"cards_removed":["Pommel Strike"],"damage_healed":0,"gold_gain":0,"player_choice":"Gave Card","damage_taken":0,"relics_obtained":["Pear"],"max_hp_gain":0,"max_hp_loss":0,"event_name":"WeMeetAgain","floor":3,"gold_loss":0}],"is_beta":false,"boss_relics":[{"not_picked":["Runic Cube","Tiny House"],"picked":"Cursed Key"}],"items_purged_floors":[],"is_endless":false,"potions_floor_spawned":[2,7,11],"ascension_level":20}