{"gold_per_floor":[168,168,186,36,36,70,82,94,106,137,149,196,208,246,258,270],"floor_reached":16,"playtime":565,"items_purged":["Strike_B"],"score":232,"play_id":"ed7af58d-c9be-48fd-933b-0af2737960be","local_time":"20190620213902","is_ascension_mode":true,"campfire_choices":[{"data":"Defragment","floor":7.0,"key":"SMITH"},{"data":"Turbo","floor":11.0,"key":"SMITH"},{"data":"Skim","floor":13.0,"key":"SMITH"},{"data":"Dualcast","floor":15.0,"key":"SMITH"}],"neow_cost":"NONE","seed_source_timestamp":209783572715641,"circlet_count":0,"master_deck":["AscendersBane","Strike_B","Strike_B","Strike_B","Defend_B","Defend_B","Defend_B","Defend_B+1","Zap","Dualcast+1","Cold Snap","Ball Lightning","Turbo+1","Defragment+1","Glacier","Skim+1"],"special_seed":0,"relics":["Tiny House","MawBank","Molten Egg 2","Blood Vial","Singing Bowl","The Courier"],"potions_floor_usage":[16],"damage_taken":[{"damage":7.0,"enemies":"Jaw Worm","floor":1.0,"turns":4.0},{"damage":0.0,"enemies":"Cultist","floor":3.0,"turns":3.0},{"damage":41.0,"enemies":"Gremlin Nob","floor":6.0,"turns":6.0},{"damage":0.0,"enemies":"Small Slimes","floor":10.0,"turns":4.0},{"damage":18.0,"enemies":"3 Sentries","floor":12.0,"turns":10.0},{"damage":2.0,"enemies":"Lagavulin","floor":14.0,"turns":9.0},{"damage":14,"enemies":"Hexaghost","floor":16,"turns":9}],"seed_played":"-3873206625271026432","potions_obtained":[{"floor":0.0,"key":"SteroidPotion"},{"floor":6.0,"key":"SpeedPotion"},{"floor":12.0,"key":"Strength Potion"}],"is_trial":false,"path_per_floor":["M","?","M","$","?","E","R","T","T","M","R","E","R","E","R","B"],"character_chosen":"DEFECT","items_purchased":["Defragment"],"campfire_rested":0,"item_purchase_floors":[4],"current_hp_per_floor":[62,67,67,67,67,26,26,26,26,28,28,12,12,14,14,2],"gold":270,"neow_bonus":"BOSS_RELIC","is_prod":false,"is_daily":false,"chose_seed":false,"campfire_upgraded":4,"win_rate":0,"timestamp":1561037942,"path_taken":["M","?","M","$","?","E","R","?","T","?","R","E","R","E","R","BOSS"],"build_version":"2019-01-23","purchased_purges":1,"victory":false,"max_hp_per_floor":[76,81,81,81,81,81,81,81,81,81,81,81,81,83,83,83],"card_choices":[{"not_picked":["Hologram","Darkness"],"picked":"Cold Snap","floor":0.0},{"not_picked":["Compile Driver","Conserve Battery"],"picked":"Ball Lightning","floor":1.0},{"not_picked":["Force Field","Genetic Algorithm"],"picked":"Turbo","floor":3.0},{"not_picked":["Gash","Darkness"],"picked":"Glacier","floor":6.0},{"not_picked":["Consume","Barrage+1","Redo"],"picked":"SKIP","floor":10.0},{"not_picked":["Rebound+1","Coolheaded"],"picked":"Skim","floor":12.0},{"not_picked":["Barrage+1","Multi-Cast","White Noise"],"picked":"Singing Bowl","floor":14.0}],"player_experience":991834,"relics_obtained":[{"floor":6.0,"key":"MawBank"},{"floor":8.0,"key":"Molten Egg 2"},{"floor":9.0,"key":"Blood Vial"},{"floor":12.0,"key":"Singing Bowl"},{"floor":14.0,"key":"The Courier"}],"event_choices":[{"damage_healed":0.0,"max_hp_gain":5.0,"max_hp_loss":0.0,"gold_gain":0.0,"event_name":"Big Fish","player_choice":"Donut","floor":2.0,"gold_loss":0.0,"damage_taken":0.0},{"damage_healed":0.0,"max_hp_gain":0.0,"max_hp_loss":0.0,"gold_gain":0.0,"event_name":"Liars Game","player_choice":"Ignored","floor":5.0,"gold_loss":0.0,"damage_taken":0.0}],"is_beta":false,"boss_relics":[],"items_purged_floors":[4],"is_endless":false,"potions_floor_spawned":[6,12,14],"killed_by":"Hexaghost","ascension_level":20}