{"gold_per_floor":[110,110,125,225,240,270,270,302,375,375,395,395,409,428,428,528,528,543,525,450,217,233,233,264,363,417,417,417,33,65,75,75,174,174,194,210,210,45,56,90,101,101,128,128,142,142,142,142,142,142],"floor_reached":51,"playtime":3409,"items_purged":["Strike_B","Strike_B"],"score":895,"play_id":"e3b3deb4-ddfb-4130-8781-bb2056119d23","local_time":"20190803084056","is_ascension_mode":true,"campfire_choices":[{"data":"Zap","floor":7.0,"key":"SMITH"},{"data":"Glacier","floor":10.0,"key":"SMITH"},{"data":"Go for the Eyes","floor":12.0,"key":"SMITH"},{"data":"Hologram","floor":15.0,"key":"SMITH"},{"data":"Biased Cognition","floor":23.0,"key":"SMITH"},{"data":"Loop","floor":28.0,"key":"SMITH"},{"data":"Capacitor","floor":32.0,"key":"SMITH"},{"data":"Biased Cognition","floor":42.0,"key":"SMITH"},{"floor":44.0,"key":"REST"},{"data":"Rainbow","floor":49,"key":"SMITH"}],"neow_cost":"NONE","seed_source_timestamp":49496705682495,"circlet_count":0,"master_deck":["Zap+1","Dualcast+1","All For One","Coolheaded","Coolheaded","Ball Lightning","Glacier+1","BootSequence","Go for the Eyes+1","Hologram+1","Biased Cognition+1","Capacitor+1","Loop+1","FTL","Gash","Beam Cell+1","Dark Shackles","FTL","Capacitor","Biased Cognition+1","Turbo","Thunder Strike","Auto Shields","Rainbow+1","Cold Snap+1","Loop","Panacea","Loop","Chill+1","Gash","Beam Cell+1"],"special_seed":0,"relics":["Cracked Core","Thread and Needle","Lantern","Mummified Hand","Nuclear Battery","Blood Vial","Potion Belt","Bag of Marbles","Oddly Smooth Stone","Pandora\u0027s Box","StoneCalendar","Regal Pillow"],"potions_floor_usage":[50,50,50],"damage_taken":[{"damage":2.0,"enemies":"2 Louse","floor":1.0,"turns":2.0},{"damage":0.0,"enemies":"Cultist","floor":3.0,"turns":4.0},{"damage":0.0,"enemies":"Small Slimes","floor":5.0,"turns":4.0},{"damage":12.0,"enemies":"3 Sentries","floor":6.0,"turns":11.0},{"damage":4.0,"enemies":"Lagavulin","floor":8.0,"turns":8.0},{"damage":0.0,"enemies":"3 Louse","floor":11.0,"turns":3.0},{"damage":0.0,"enemies":"Red Slaver","floor":13.0,"turns":4.0},{"damage":0.0,"enemies":"Large Slime","floor":14.0,"turns":4.0},{"damage":21.0,"enemies":"Hexaghost","floor":16.0,"turns":13.0},{"damage":0.0,"enemies":"3 Byrds","floor":18.0,"turns":4.0},{"damage":0.0,"enemies":"2 Thieves","floor":19.0,"turns":4.0},{"damage":0.0,"enemies":"Shelled Parasite and Fungi","floor":22.0,"turns":7.0},{"damage":21.0,"enemies":"Book of Stabbing","floor":24.0,"turns":8.0},{"damage":0.0,"enemies":"Gremlin Leader","floor":30.0,"turns":7.0},{"damage":0.0,"enemies":"Centurion and Healer","floor":31.0,"turns":8.0},{"damage":13.0,"enemies":"Collector","floor":33.0,"turns":11.0},{"damage":5.0,"enemies":"3 Darklings","floor":35.0,"turns":4.0},{"damage":0.0,"enemies":"Orb Walker","floor":36.0,"turns":3.0},{"damage":24.0,"enemies":"Jaw Worm Horde","floor":39.0,"turns":5.0},{"damage":18.0,"enemies":"Nemesis","floor":40.0,"turns":12.0},{"damage":12.0,"enemies":"Sphere and 2 Shapes","floor":41.0,"turns":4.0},{"damage":41.0,"enemies":"4 Shapes","floor":45.0,"turns":5.0},{"damage":2,"enemies":"Donu and Deca","floor":50,"turns":10}],"seed_played":"6415535227286054254","potions_obtained":[{"floor":5.0,"key":"SneckoOil"},{"floor":6.0,"key":"Weak Potion"},{"floor":13.0,"key":"FocusPotion"},{"floor":16.0,"key":"Explosive Potion"},{"floor":19.0,"key":"Energy Potion"},{"floor":30.0,"key":"Dexterity Potion"},{"floor":35.0,"key":"PowerPotion"},{"floor":41.0,"key":"FocusPotion"},{"floor":45.0,"key":"FocusPotion"}],"is_trial":false,"path_per_floor":["M","?","M","?","M","E","R","E","T","R","M","R","M","M","R","B",null,"M","M","?","$","M","R","E","?","T","?","R","$","E","M","R","B",null,"M","M","?","$","M","E","M","R","T","R","M","?","$","?","R","B",null],"character_chosen":"DEFECT","items_purchased":["Loop","FTL","Bag of Marbles","Dark Shackles","FTL","Panacea","Loop"],"campfire_rested":1,"item_purchase_floors":[21,21,29,29,29,38,38],"current_hp_per_floor":[73,58,58,58,58,46,46,42,42,42,42,42,42,42,42,21,75,75,75,75,75,75,75,54,54,54,54,54,54,56,58,58,47,75,70,72,71,71,47,31,21,21,21,57,18,18,18,62,62,60],"gold":142,"neow_bonus":"ONE_RANDOM_RARE_CARD","is_prod":false,"is_daily":false,"chose_seed":false,"campfire_upgraded":9,"win_rate":0,"timestamp":1564839656,"path_taken":["M","?","M","?","M","E","R","E","T","R","M","R","M","M","R","BOSS","M","M","?","$","M","R","E","?","T","?","R","$","E","M","R","BOSS","M","M","?","$","M","E","M","R","T","R","M","?","$","?","R","BOSS"],"build_version":"2019-07-17","purchased_purges":2,"victory":true,"max_hp_per_floor":[75,75,75,75,75,75,75,75,75,75,75,75,75,75,75,75,75,75,75,75,75,75,75,75,75,75,75,75,75,75,75,75,75,75,75,75,71,71,71,71,71,71,71,71,71,71,71,62,62,62],"card_choices":[{"not_picked":["Hologram","Conserve Battery"],"picked":"Coolheaded","floor":1.0},{"not_picked":["Barrage","Lockon"],"picked":"Coolheaded","floor":3.0},{"not_picked":["Streamline","Rebound"],"picked":"Ball Lightning","floor":5.0},{"not_picked":["Machine Learning","Rip and Tear"],"picked":"Glacier","floor":6.0},{"not_picked":["Doom and Gloom","Steam Power"],"picked":"BootSequence","floor":8.0},{"not_picked":["Aggregate","Rebound"],"picked":"Go for the Eyes","floor":11.0},{"not_picked":["Aggregate","Redo","Steam"],"picked":"SKIP","floor":13.0},{"not_picked":["Tempest","Barrage"],"picked":"Hologram","floor":14.0},{"not_picked":["Fission","Buffer"],"picked":"Biased Cognition","floor":16.0},{"not_picked":["Rebound","Reinforced Body"],"picked":"Capacitor","floor":18.0},{"not_picked":["Double Energy","Stack","Skim"],"picked":"SKIP","floor":19.0},{"not_picked":["Stack+1","Redo"],"picked":"Gash","floor":22.0},{"not_picked":["Scrape+1","Chaos"],"picked":"Beam Cell+1","floor":24.0},{"not_picked":["Beam Cell","Force Field","Compile Driver"],"picked":"SKIP","floor":30.0},{"not_picked":["Reboot","Chill"],"picked":"Capacitor","floor":31.0},{"not_picked":["Rainbow","All For One"],"picked":"Biased Cognition","floor":33.0},{"not_picked":["Hello World+1","Turbo+1"],"picked":"Cold Snap+1","floor":35.0},{"not_picked":["Force Field","Double Energy+1"],"picked":"Loop","floor":36.0},{"not_picked":["Aggregate+1","Doom and Gloom"],"picked":"Chill+1","floor":39.0},{"not_picked":["Cold Snap+1","BootSequence+1"],"picked":"Gash","floor":40.0},{"not_picked":["Steam","Streamline"],"picked":"Beam Cell+1","floor":41.0},{"not_picked":["Compile Driver+1","Beam Cell+1","Turbo+1"],"picked":"SKIP","floor":45.0}],"player_experience":232274,"relics_obtained":[{"floor":6.0,"key":"Thread and Needle"},{"floor":8.0,"key":"Lantern"},{"floor":9.0,"key":"Mummified Hand"},{"floor":24.0,"key":"Blood Vial"},{"floor":26.0,"key":"Potion Belt"},{"floor":30.0,"key":"Oddly Smooth Stone"},{"floor":40.0,"key":"StoneCalendar"},{"floor":43.0,"key":"Regal Pillow"}],"event_choices":[{"damage_healed":0.0,"max_hp_gain":0.0,"max_hp_loss":0.0,"gold_gain":0.0,"event_name":"Shining Light","player_choice":"Entered Light","floor":2.0,"gold_loss":0.0,"damage_taken":15.0,"cards_upgraded":["Defend_B","Dualcast"]},{"damage_healed":0.0,"max_hp_gain":0.0,"max_hp_loss":0.0,"gold_gain":100.0,"event_name":"Golden Shrine","player_choice":"Pray","floor":4.0,"gold_loss":0.0,"damage_taken":0.0},{"cards_removed":["Strike_B"],"damage_healed":0.0,"max_hp_gain":0.0,"max_hp_loss":0.0,"gold_gain":0.0,"event_name":"Beggar","player_choice":"Gave Gold","floor":20.0,"gold_loss":75.0,"damage_taken":0.0},{"damage_healed":0.0,"max_hp_gain":0.0,"max_hp_loss":0.0,"gold_gain":99.0,"event_name":"Nest","player_choice":"Stole From Cult","floor":25.0,"gold_loss":0.0,"damage_taken":0.0},{"cards_removed":["Strike_B"],"damage_healed":0.0,"max_hp_gain":0.0,"max_hp_loss":0.0,"gold_gain":0.0,"event_name":"Bonfire Elementals","player_choice":"Offered Basic","floor":27.0,"gold_loss":0.0,"damage_taken":0.0},{"damage_healed":0.0,"max_hp_gain":0.0,"max_hp_loss":4.0,"gold_gain":0.0,"event_name":"Winding Halls","player_choice":"Max HP","floor":37.0,"gold_loss":0.0,"damage_taken":0.0},{"damage_healed":0.0,"max_hp_gain":0.0,"max_hp_loss":0.0,"gold_gain":0.0,"event_name":"Tomb of Lord Red Mask","player_choice":"Ignored","floor":46.0,"gold_loss":0.0,"damage_taken":0.0},{"damage_healed":62,"gold_gain":0,"player_choice":"Heal","damage_taken":0,"max_hp_gain":0,"max_hp_loss":9,"event_name":"The Moai Head","floor":48,"gold_loss":0}],"is_beta":false,"boss_relics":[{"not_picked":["Snecko Eye","Philosopher\u0027s Stone"],"picked":"Nuclear Battery"},{"not_picked":["Fusion Hammer","Calling Bell"],"picked":"Pandora\u0027s Box"}],"items_purged_floors":[21,29],"is_endless":false,"potions_floor_spawned":[5,6,13,16,19,30,35,41,45],"ascension_level":4}