{"gold_per_floor":[116,391,408,67,81,110,110,110,110,110,45,63,63,83,83,179,179,189,209,209,23,23],"floor_reached":22,"playtime":2035,"items_purged":["Strike_G"],"score":202,"play_id":"8cc80a92-0213-48d6-b705-7fa5d663ca0d","local_time":"20190607163624","is_ascension_mode":true,"campfire_choices":[{"floor":7,"key":"REST"},{"floor":10,"key":"REST"},{"floor":13,"key":"REST"},{"data":"After Image","floor":15,"key":"SMITH"}],"neow_cost":"NONE","seed_source_timestamp":453273409524000,"circlet_count":0,"master_deck":["Defend_G","Defend_G","Defend_G","Defend_G","Strike_G","Strike_G","Strike_G","Strike_G","Survivor","Neutralize","Dagger Throw","Flying Knee","Crippling Poison","Corpse Explosion","Blade Dance","Eviscerate","Accuracy","Concentrate","After Image+1","A Thousand Cuts","Caltrops","Expertise"],"relics":["Ring of the Snake","Frozen Eye","The Courier","Sozu","NlothsMask","Oddly Smooth Stone"],"potions_floor_usage":[16,16],"damage_taken":[{"damage":4,"enemies":"Small Slimes","floor":1,"turns":3},{"damage":1,"enemies":"Cultist","floor":3,"turns":4},{"damage":1,"enemies":"Jaw Worm","floor":5,"turns":4},{"damage":63,"enemies":"Gremlin Nob","floor":6,"turns":7},{"damage":5,"enemies":"Exordium Thugs","floor":12,"turns":4},{"damage":18,"enemies":"3 Louse","floor":14,"turns":3},{"damage":33,"enemies":"Hexaghost","floor":16,"turns":10},{"damage":22,"enemies":"Spheric Guardian","floor":18,"turns":5},{"damage":11,"enemies":"Shell Parasite","floor":19,"turns":6},{"damage":39,"enemies":"Sentry and Sphere","floor":22,"turns":6}],"seed_played":"-8330095609722284939","potions_obtained":[{"floor":5,"key":"Energy Potion"},{"floor":12,"key":"Strength Potion"}],"is_trial":false,"path_per_floor":["M","?","M","$","M","E","R","?","T","R","$","M","R","M","R","B",null,"M","M","?","$","M"],"character_chosen":"THE_SILENT","items_purchased":["Corpse Explosion","Frozen Eye","Accuracy","Oddly Smooth Stone"],"campfire_rested":3,"item_purchase_floors":[4,4,11,21],"current_hp_per_floor":[66,66,65,65,64,1,22,22,22,43,43,38,59,41,41,8,70,48,37,37,37,0],"gold":23,"neow_bonus":"TRANSFORM_CARD","is_prod":false,"is_daily":false,"chose_seed":false,"campfire_upgraded":1,"win_rate":0,"timestamp":1559950584,"path_taken":["M","?","M","$","?","E","R","?","T","R","?","M","R","M","R","BOSS","M","M","?","$","?"],"build_version":"2019-01-23","purchased_purges":1,"victory":false,"max_hp_per_floor":[70,70,70,70,70,70,70,70,70,70,70,70,70,70,70,70,70,70,70,70,70,70],"card_choices":[{"not_picked":["Prepared","Dagger Spray"],"picked":"Flying Knee","floor":1},{"not_picked":["Acrobatics","Predator"],"picked":"Crippling Poison","floor":3},{"not_picked":["Crippling Poison","Outmaneuver"],"picked":"Blade Dance","floor":5},{"not_picked":["Sucker Punch","Flying Knee"],"picked":"Eviscerate","floor":6},{"not_picked":["Setup","Finisher"],"picked":"Concentrate","floor":12},{"not_picked":["Quick Slash","Flying Knee"],"picked":"After Image","floor":14},{"not_picked":["Grand Finale","After Image"],"picked":"A Thousand Cuts","floor":16},{"not_picked":["Cloak And Dagger","Calculated Gamble"],"picked":"Caltrops","floor":18},{"not_picked":["Cloak And Dagger","PiercingWail"],"picked":"Expertise","floor":19}],"player_experience":542692,"relics_obtained":[{"floor":6,"key":"The Courier"}],"event_choices":[{"damage_healed":0,"gold_gain":275,"player_choice":"Desecrate","damage_taken":0,"max_hp_gain":0,"max_hp_loss":0,"event_name":"Golden Shrine","floor":2,"gold_loss":0,"cards_obtained":["Regret"]},{"cards_removed":["Regret"],"damage_healed":0,"gold_gain":0,"player_choice":"Removed Curses","damage_taken":0,"max_hp_gain":0,"max_hp_loss":0,"event_name":"Fountain of Cleansing","floor":8,"gold_loss":0},{"damage_healed":0,"gold_gain":0,"player_choice":"Trade","damage_taken":0,"relics_obtained":["NlothsMask"],"max_hp_gain":0,"max_hp_loss":0,"event_name":"FaceTrader","floor":20,"gold_loss":0}],"is_beta":false,"boss_relics":[{"not_picked":["Snecko Eye","Astrolabe"],"picked":"Sozu"}],"items_purged_floors":[21],"is_endless":false,"potions_floor_spawned":[5,12],"killed_by":"Sentry and Sphere","ascension_level":2}