{"gold_per_floor":[109,119,137,137,137,137,137,68,68,81,108,120,142,167,179,292,304,327,339,61,61,77,102,116,148,148,177,190,190,210,240,240,240],"floor_reached":33,"playtime":2271,"items_purged":["Strike_G"],"score":673,"play_id":"349ec668-3f3b-42dd-9083-bd10ad5b7d49","local_time":"20190807051605","is_ascension_mode":true,"campfire_choices":[{"data":"Dagger Spray","floor":6.0,"key":"SMITH"},{"data":"Glass Knife","floor":12.0,"key":"SMITH"},{"data":"Neutralize","floor":15.0,"key":"SMITH"},{"floor":29.0,"key":"REST"},{"floor":32.0,"key":"REST"}],"neow_cost":"NONE","seed_source_timestamp":2360405678698500,"circlet_count":0,"master_deck":["AscendersBane","Strike_G","Strike_G","Strike_G","Strike_G","Defend_G","Defend_G","Defend_G+1","Defend_G","Defend_G","Survivor","Neutralize+1","Quick Slash+1","Dagger Spray+1","Slice","Glass Knife+1","PiercingWail","Die Die Die","Backflip","PiercingWail","Venomology","Well Laid Plans","Shame","Slice+1","Deflect+1","Escape Plan+1","Leg Sweep","Terror+1"],"special_seed":0,"relics":["Ring of the Snake","Art of War","Ninja Scroll","MawBank","Fusion Hammer","Bag of Marbles","Singing Bowl","Tingsha","Pantograph","Strawberry","Gambling Chip","Pear"],"potions_floor_usage":[33,33],"damage_taken":[{"damage":4.0,"enemies":"Cultist","floor":1.0,"turns":6.0},{"damage":2.0,"enemies":"Small Slimes","floor":2.0,"turns":4.0},{"damage":0.0,"enemies":"2 Louse","floor":3.0,"turns":2.0},{"damage":0.0,"enemies":"Gremlin Gang","floor":10.0,"turns":1.0},{"damage":19.0,"enemies":"Gremlin Nob","floor":11.0,"turns":4.0},{"damage":4.0,"enemies":"Blue Slaver","floor":13.0,"turns":3.0},{"damage":0.0,"enemies":"2 Fungi Beasts","floor":14.0,"turns":2.0},{"damage":0.0,"enemies":"Slime Boss","floor":16.0,"turns":6.0},{"damage":0.0,"enemies":"Spheric Guardian","floor":18.0,"turns":3.0},{"damage":0.0,"enemies":"2 Thieves","floor":22.0,"turns":2.0},{"damage":12.0,"enemies":"Gremlin Leader","floor":23.0,"turns":6.0},{"damage":1.0,"enemies":"Shelled Parasite and Fungi","floor":24.0,"turns":4.0},{"damage":23.0,"enemies":"Book of Stabbing","floor":25.0,"turns":5.0},{"damage":0.0,"enemies":"Gremlin Leader","floor":27.0,"turns":5.0},{"damage":0.0,"enemies":"Centurion and Healer","floor":28.0,"turns":3.0},{"damage":4.0,"enemies":"Sentry and Sphere","floor":30.0,"turns":4.0},{"damage":8.0,"enemies":"Slavers","floor":31.0,"turns":4.0},{"damage":109,"enemies":"Champ","floor":33,"turns":13}],"seed_played":"-7547471238851457669","potions_obtained":[{"floor":2.0,"key":"Dexterity Potion"},{"floor":7.0,"key":"Fire Potion"},{"floor":7.0,"key":"Fire Potion"},{"floor":23.0,"key":"SpeedPotion"},{"floor":24.0,"key":"FearPotion"},{"floor":28.0,"key":"SteroidPotion"}],"is_trial":false,"path_per_floor":["M","M","M","?","?","R","?","$","T","M","E","R","M","M","R","B",null,"M","?","$","?","M","E","M","E","T","E","M","R","M","E","R","B"],"character_chosen":"THE_SILENT","items_purchased":["Glass Knife","Well Laid Plans","Bag of Marbles"],"campfire_rested":2,"item_purchase_floors":[8,20,20],"current_hp_per_floor":[66,64,64,61,46,46,46,46,46,46,27,27,23,23,23,23,64,64,64,64,64,66,54,53,32,39,39,39,65,63,65,95,0],"gold":240,"neow_bonus":"TEN_PERCENT_HP_BONUS","is_prod":false,"is_daily":false,"chose_seed":false,"campfire_upgraded":3,"win_rate":0,"timestamp":1565176565,"path_taken":["M","M","M","?","?","R","?","$","T","M","E","R","?","M","R","BOSS","M","?","$","?","M","E","M","E","T","E","M","R","M","E","R","BOSS"],"build_version":"2019-07-18","purchased_purges":1,"victory":false,"max_hp_per_floor":[77,77,77,77,77,77,77,77,77,77,77,77,77,77,77,77,77,77,77,77,77,79,79,79,81,88,88,88,88,90,100,100,100],"card_choices":[{"not_picked":["Bane","Underhanded Strike"],"picked":"Quick Slash","floor":1.0},{"not_picked":["Deadly Poison","Outmaneuver"],"picked":"Dagger Spray","floor":2.0},{"not_picked":["Choke","Poisoned Stab"],"picked":"Slice","floor":3.0},{"not_picked":["Bane","Dagger Spray"],"picked":"PiercingWail","floor":10.0},{"not_picked":["Deflect","Backflip"],"picked":"Die Die Die","floor":11.0},{"not_picked":["Bane","Concentrate"],"picked":"Backflip","floor":13.0},{"not_picked":["Accuracy","Catalyst"],"picked":"PiercingWail","floor":14.0},{"not_picked":["Storm of Steel","Corpse Explosion"],"picked":"Venomology","floor":16.0},{"not_picked":["Prepared","Dagger Throw","Deflect"],"picked":"SKIP","floor":18.0},{"not_picked":["Dodge and Roll","Acrobatics","Outmaneuver"],"picked":"Singing Bowl","floor":22.0},{"not_picked":["Dodge and Roll","Setup"],"picked":"Slice+1","floor":23.0},{"not_picked":["Quick Slash","Riddle With Holes"],"picked":"Deflect+1","floor":24.0},{"not_picked":["Dagger Spray","Poisoned Stab+1","Blade Dance"],"picked":"Singing Bowl","floor":25.0},{"not_picked":["Sucker Punch","Glass Knife"],"picked":"Escape Plan+1","floor":27.0},{"not_picked":["Deflect","PiercingWail"],"picked":"Leg Sweep","floor":28.0},{"not_picked":["Sucker Punch","Deadly Poison","Bane"],"picked":"Singing Bowl","floor":30.0},{"not_picked":["Flying Knee","Slice"],"picked":"Terror+1","floor":31.0}],"player_experience":220716,"relics_obtained":[{"floor":9.0,"key":"Ninja Scroll"},{"floor":11.0,"key":"MawBank"},{"floor":23.0,"key":"Tingsha"},{"floor":25.0,"key":"Pantograph"},{"floor":26.0,"key":"Strawberry"},{"floor":27.0,"key":"Gambling Chip"},{"floor":31.0,"key":"Pear"}],"event_choices":[{"damage_healed":0.0,"max_hp_gain":0.0,"max_hp_loss":0.0,"gold_gain":0.0,"event_name":"Scrap Ooze","player_choice":"Success","floor":4.0,"gold_loss":0.0,"damage_taken":3.0,"relics_obtained":["Art of War"]},{"damage_healed":0.0,"max_hp_gain":0.0,"max_hp_loss":0.0,"gold_gain":0.0,"event_name":"Shining Light","player_choice":"Entered Light","floor":5.0,"gold_loss":0.0,"damage_taken":15.0,"cards_upgraded":["Defend_G","Quick Slash"]},{"damage_healed":0.0,"max_hp_gain":0.0,"max_hp_loss":0.0,"gold_gain":0.0,"event_name":"Lab","player_choice":"Got Potions","floor":7.0,"gold_loss":0.0,"damage_taken":0.0},{"damage_healed":0.0,"max_hp_gain":0.0,"max_hp_loss":0.0,"gold_gain":0.0,"event_name":"Ghosts","player_choice":"Ignored","floor":19.0,"gold_loss":0.0,"damage_taken":0.0},{"damage_healed":0.0,"max_hp_gain":0.0,"max_hp_loss":0.0,"gold_gain":0.0,"event_name":"Addict","player_choice":"Stole Relic","floor":21.0,"gold_loss":0.0,"damage_taken":0.0,"relics_obtained":["Singing Bowl"],"cards_obtained":["Shame"]}],"is_beta":true,"boss_relics":[{"not_picked":["Calling Bell","Velvet Choker"],"picked":"Fusion Hammer"}],"items_purged_floors":[20],"is_endless":false,"potions_floor_spawned":[2,10,11,23,24,28,30,31],"killed_by":"Champ","ascension_level":11}