{"gold_per_floor":[115,132,151,164,180,211,211,211,211,211,225,240,272,290,290,290],"floor_reached":16,"playtime":583,"items_purged":[],"score":282,"play_id":"03888b50-d170-4bf0-add8-18bdedd428a5","local_time":"20190524191620","is_ascension_mode":true,"campfire_choices":[{"data":"Reinforced Body","floor":8,"key":"SMITH"},{"floor":10,"key":"REST"},{"floor":15,"key":"REST"}],"neow_cost":"NONE","seed_source_timestamp":289227179146108,"circlet_count":0,"master_deck":["AscendersBane","Strike_B","Strike_B","Strike_B","Strike_B","Defend_B","Defend_B","Defend_B","Defend_B","Zap+1","Dualcast","Reinforced Body+1","Ball Lightning","Hologram","White Noise+1","Defragment","Rip and Tear"],"special_seed":0,"relics":["Cracked Core","Boot","Toxic Egg 2","FossilizedHelix","Mummified Hand"],"potions_floor_usage":[6,13],"damage_taken":[{"damage":14.0,"enemies":"Small Slimes","floor":1.0,"turns":4.0},{"damage":1.0,"enemies":"Cultist","floor":2.0,"turns":3.0},{"damage":2.0,"enemies":"Jaw Worm","floor":3.0,"turns":4.0},{"damage":4.0,"enemies":"2 Fungi Beasts","floor":4.0,"turns":3.0},{"damage":5.0,"enemies":"Looter","floor":5.0,"turns":4.0},{"damage":32,"enemies":"Gremlin Nob","floor":6,"turns":4},{"damage":0,"enemies":"Blue Slaver","floor":11,"turns":3},{"damage":0,"enemies":"Red Slaver","floor":12,"turns":3},{"damage":0,"enemies":"Lagavulin","floor":13,"turns":5},{"damage":17,"enemies":"Lots of Slimes","floor":14,"turns":4},{"damage":37,"enemies":"Slime Boss","floor":16,"turns":8}],"seed_played":"9020548705611333851","potions_obtained":[{"floor":2.0,"key":"SpeedPotion"},{"floor":11,"key":"Poison Potion"},{"floor":12,"key":"Swift Potion"}],"is_trial":false,"path_per_floor":["M","M","M","M","M","E","?","R","T","R","M","M","E","M","R","B"],"character_chosen":"DEFECT","items_purchased":[],"campfire_rested":2,"item_purchase_floors":[],"current_hp_per_floor":[50,49,47,43,38,6,6,6,6,27,27,27,27,10,31,0],"gold":290,"neow_bonus":"RANDOM_COMMON_RELIC","is_prod":false,"is_daily":false,"chose_seed":false,"campfire_upgraded":1,"win_rate":0,"timestamp":1558696580,"path_taken":["M","M","M","M","M","E","?","R","T","R","M","M","E","M","R","BOSS"],"build_version":"2019-01-23","purchased_purges":0,"victory":false,"max_hp_per_floor":[71,71,71,71,71,71,71,71,71,71,71,71,71,71,71,71],"card_choices":[{"not_picked":["Sweeping Beam","Rebound","Cold Snap"],"picked":"SKIP","floor":1.0},{"not_picked":["Aggregate","Conserve Battery"],"picked":"Reinforced Body","floor":2.0},{"not_picked":["Hologram","Beam Cell"],"picked":"Ball Lightning","floor":3.0},{"not_picked":["Static Discharge","FTL"],"picked":"Hologram","floor":4.0},{"not_picked":["Meteor Strike","BootSequence","Hologram"],"picked":"SKIP","floor":5.0},{"not_picked":["Barrage","Thunder Strike"],"picked":"White Noise","floor":6},{"not_picked":["BootSequence+1","Streamline"],"picked":"Defragment","floor":11},{"not_picked":["Steam+1","Scrape"],"picked":"Rip and Tear","floor":12},{"not_picked":["Ball Lightning","Streamline","Doom and Gloom"],"picked":"SKIP","floor":13},{"not_picked":["Scrape","Barrage","Steam+1"],"picked":"SKIP","floor":14}],"player_experience":937305,"relics_obtained":[{"floor":6,"key":"Toxic Egg 2"},{"floor":9,"key":"FossilizedHelix"},{"floor":13,"key":"Mummified Hand"}],"event_choices":[{"damage_healed":0,"gold_gain":0,"player_choice":"Forge","damage_taken":0,"max_hp_gain":0,"max_hp_loss":0,"event_name":"Accursed Blacksmith","floor":7,"gold_loss":0,"cards_upgraded":["Zap"]}],"is_beta":false,"boss_relics":[],"items_purged_floors":[],"is_endless":false,"potions_floor_spawned":[2,11,12],"killed_by":"Slime Boss","ascension_level":20}