{"gold_per_floor":[114,127,141,154,329,356,374,374],"floor_reached":8,"playtime":736,"items_purged":[],"score":63,"play_id":"645a8589-061a-4048-9917-999db9e9d9ec","local_time":"20190318231421","is_ascension_mode":true,"campfire_choices":[],"neow_cost":"NONE","seed_source_timestamp":398903895361000,"circlet_count":0,"master_deck":["Strike_B","Strike_B","Strike_B","Strike_B","Defend_B","Defend_B","Defend_B","Defend_B","Zap","Dualcast","Beam Cell","Genetic Algorithm","Melter","Rebound","Doubt","All For One"],"relics":["Cracked Core","Meat on the Bone"],"potions_floor_usage":[8,8],"damage_taken":[{"damage":6,"enemies":"Cultist","floor":1,"turns":3},{"damage":5,"enemies":"2 Louse","floor":2,"turns":3},{"damage":7,"enemies":"Jaw Worm","floor":3,"turns":4},{"damage":9,"enemies":"Large Slime","floor":4,"turns":5},{"damage":28,"enemies":"Gremlin Nob","floor":6,"turns":4},{"damage":11,"enemies":"Lots of Slimes","floor":7,"turns":5},{"damage":29,"enemies":"3 Sentries","floor":8,"turns":6}],"seed_played":"-8547837184225790750","potions_obtained":[{"floor":6,"key":"FocusPotion"},{"floor":7,"key":"EssenceOfSteel"}],"is_trial":false,"path_per_floor":["M","M","M","M","?","E","M","E"],"character_chosen":"DEFECT","items_purchased":[],"campfire_rested":0,"item_purchase_floors":[],"current_hp_per_floor":[76,71,64,55,55,27,28,0],"gold":374,"neow_bonus":"TEN_PERCENT_HP_BONUS","is_prod":false,"is_daily":false,"chose_seed":false,"campfire_upgraded":0,"win_rate":0,"timestamp":1552976061,"path_taken":["M","M","?","M","?","E","M","E"],"build_version":"2019-01-23","purchased_purges":0,"victory":false,"max_hp_per_floor":[82,82,82,82,82,82,82,82],"card_choices":[{"not_picked":["Compile Driver","Scrape"],"picked":"Beam Cell","floor":1},{"not_picked":["Steam","Beam Cell"],"picked":"Genetic Algorithm","floor":2},{"not_picked":["Conserve Battery","Barrage"],"picked":"Melter","floor":3},{"not_picked":["Leap","Doom and Gloom"],"picked":"Rebound","floor":4},{"not_picked":["Double Energy","Cold Snap"],"picked":"All For One","floor":6},{"not_picked":["Recycle","Rebound","Chaos"],"picked":"SKIP","floor":7}],"player_experience":330736,"relics_obtained":[{"floor":6,"key":"Meat on the Bone"}],"event_choices":[{"damage_healed":0,"gold_gain":175,"player_choice":"AGREE","damage_taken":0,"max_hp_gain":0,"max_hp_loss":0,"event_name":"Liars Game","floor":5,"gold_loss":0,"cards_obtained":["Doubt"]}],"is_beta":false,"boss_relics":[],"items_purged_floors":[],"is_endless":false,"potions_floor_spawned":[6,7],"killed_by":"3 Sentries","ascension_level":1}