{"gold_per_floor":[109,109,120,120,120,120,130,158,208,208,208,64,64,97,97,195,195,214,58,158,176,190,190,225,225,248,266,299,315,347,357,357,357],"floor_reached":33,"playtime":2534,"items_purged":[],"score":354,"play_id":"48fbec59-a764-45ad-bbcf-b2bb9a0888e7","local_time":"20181216224101","is_ascension_mode":true,"campfire_choices":[{"data":"Bash","floor":6,"key":"SMITH"},{"floor":10,"key":"REST"},{"floor":15,"key":"RECALL"},{"floor":23,"key":"REST"},{"data":"True Grit","floor":25,"key":"SMITH"},{"floor":32,"key":"REST"}],"neow_cost":"NONE","seed_source_timestamp":1826172260674100,"circlet_count":0,"master_deck":["Strike_R","Strike_R","Strike_R","Strike_R","Defend_R","Defend_R","Defend_R","Defend_R","Bash+1","Twin Strike","Rampage+1","True Grit+1","Reaper","Shrug It Off","Shrug It Off","Body Slam","Shrug It Off+1"],"relics":["Burning Blood","Oddly Smooth Stone","Vajra","Ancient Tea Set","Singing Bowl","Turnip","Sozu","Lantern","Mercury Hourglass","Bronze Scales","Happy Flower"],"potions_floor_usage":[14,16],"damage_taken":[{"damage":12,"enemies":"2 Louse","floor":1,"turns":3},{"damage":6,"enemies":"Jaw Worm","floor":3,"turns":3},{"damage":1,"enemies":"Cultist","floor":7,"turns":3},{"damage":39,"enemies":"3 Sentries","floor":8,"turns":9},{"damage":22,"enemies":"Lagavulin","floor":14,"turns":5},{"damage":50,"enemies":"The Guardian","floor":16,"turns":12},{"damage":25,"enemies":"3 Byrds","floor":18,"turns":6},{"damage":19,"enemies":"Spheric Guardian","floor":21,"turns":6},{"damage":32,"enemies":"Cultist and Chosen","floor":22,"turns":7},{"damage":24,"enemies":"Book of Stabbing","floor":24,"turns":5},{"damage":14,"enemies":"Centurion and Healer","floor":27,"turns":6},{"damage":61,"enemies":"Gremlin Leader","floor":28,"turns":8},{"damage":0,"enemies":"Snake Plant","floor":29,"turns":3},{"damage":40,"enemies":"Slavers","floor":30,"turns":5},{"damage":6,"enemies":"Snecko","floor":31,"turns":4},{"damage":85,"enemies":"Collector","floor":33,"turns":6}],"seed_played":"1012582288407594735","potions_obtained":[{"floor":7,"key":"FearPotion"},{"floor":14,"key":"Block Potion"}],"is_trial":false,"path_per_floor":["M","?","M","?","?","R","M","E","T","R","?","$","?","E","R","B",null,"M","$","?","M","M","R","E","R","T","M","E","M","E","M","R","B"],"character_chosen":"IRONCLAD","items_purchased":["Ancient Tea Set","Lantern"],"campfire_rested":3,"item_purchase_floors":[12,19],"current_hp_per_floor":[82,82,82,75,75,75,80,47,47,73,78,78,78,64,64,20,95,78,78,78,67,53,82,73,73,73,77,39,52,18,27,58,0],"gold":357,"neow_bonus":"TEN_PERCENT_HP_BONUS","is_prod":false,"is_daily":false,"chose_seed":false,"campfire_upgraded":2,"win_rate":0,"timestamp":1544960461,"path_taken":["M","?","M","?","?","R","?","E","T","R","?","$","?","E","R","BOSS","M","$","?","M","?","R","E","R","T","M","E","M","E","M","R","BOSS"],"build_version":"2018-12-13","purchased_purges":0,"victory":false,"max_hp_per_floor":[88,88,88,88,88,88,88,88,88,88,93,93,93,95,95,95,95,95,95,95,97,99,99,101,101,101,101,101,103,103,105,105,105],"card_choices":[{"not_picked":["Clothesline","Warcry"],"picked":"Twin Strike","floor":1},{"not_picked":["Fire Breathing","Spot Weakness"],"picked":"Rampage","floor":3},{"not_picked":["Warcry","Havoc"],"picked":"True Grit","floor":7},{"not_picked":["Pummel","Thunderclap","Immolate"],"picked":"SKIP","floor":8},{"not_picked":["Dual Wield","Clothesline","Headbutt"],"picked":"Singing Bowl","floor":14},{"not_picked":["Exhume","Brutality"],"picked":"Reaper","floor":16},{"not_picked":["Rupture+1","Ghostly Armor+1"],"picked":"Shrug It Off","floor":18},{"not_picked":["Searing Blow","Havoc","Perfected Strike+1"],"picked":"Singing Bowl","floor":21},{"not_picked":["Headbutt","Perfected Strike+1","Flex+1"],"picked":"Singing Bowl","floor":22},{"not_picked":["Reckless Charge","Clothesline+1","Reaper"],"picked":"Singing Bowl","floor":24},{"not_picked":["Warcry+1","Power Through"],"picked":"Shrug It Off","floor":27},{"not_picked":["Metallicize","Dual Wield"],"picked":"Body Slam","floor":28},{"not_picked":["Cleave","Battle Trance","Sword Boomerang"],"picked":"Singing Bowl","floor":29},{"not_picked":["Warcry","Twin Strike"],"picked":"Shrug It Off+1","floor":30},{"not_picked":["Headbutt","Body Slam","Clothesline"],"picked":"Singing Bowl","floor":31}],"player_experience":256413,"relics_obtained":[{"floor":8,"key":"Oddly Smooth Stone"},{"floor":9,"key":"Vajra"},{"floor":14,"key":"Turnip"},{"floor":24,"key":"Mercury Hourglass"},{"floor":28,"key":"Bronze Scales"},{"floor":30,"key":"Happy Flower"}],"event_choices":[{"damage_healed":0,"gold_gain":0,"player_choice":"Ignored","damage_taken":0,"max_hp_gain":0,"max_hp_loss":0,"event_name":"Shining Light","floor":2,"gold_loss":0},{"cards_removed":["Strike_R"],"damage_healed":0,"gold_gain":0,"player_choice":"Card Removal","damage_taken":7,"max_hp_gain":0,"max_hp_loss":0,"event_name":"Golden Wing","floor":4,"gold_loss":0},{"damage_healed":0,"gold_gain":0,"player_choice":"Upgraded","damage_taken":0,"max_hp_gain":0,"max_hp_loss":0,"event_name":"Upgrade Shrine","floor":5,"gold_loss":0,"cards_upgraded":["Rampage"]},{"damage_healed":0,"gold_gain":0,"player_choice":"Donut","damage_taken":0,"max_hp_gain":5,"max_hp_loss":0,"event_name":"Big Fish","floor":11,"gold_loss":0},{"damage_healed":0,"gold_gain":0,"player_choice":"Searched \u00271\u0027 times","damage_taken":0,"relics_obtained":["Singing Bowl"],"max_hp_gain":0,"max_hp_loss":0,"event_name":"Dead Adventurer","floor":13,"gold_loss":0},{"damage_healed":0,"gold_gain":100,"player_choice":"Pray","damage_taken":0,"max_hp_gain":0,"max_hp_loss":0,"event_name":"Golden Shrine","floor":20,"gold_loss":0}],"is_beta":false,"boss_relics":[{"not_picked":["Runic Dome","Ectoplasm"],"picked":"Sozu"}],"items_purged_floors":[],"is_endless":false,"potions_floor_spawned":[7,14,21,22,28],"killed_by":"Collector","ascension_level":1}