{"gold_per_floor":[218,218,229,54,66,66,84,115,139,139,158,178,178,155,167,280,292,316,328,340,370,399,437,449,491,503,111,123,38,38,52,52,52],"floor_reached":33,"playtime":1908,"items_purged":["Strike_G","Defend_G"],"score":337,"play_id":"0f1ef83b-b2bf-4044-a4aa-b5467a9748c7","local_time":"20181227224412","is_ascension_mode":false,"campfire_choices":[{"data":"Backflip","floor":6,"key":"SMITH"},{"floor":10,"key":"REST"},{"floor":15,"key":"REST"},{"floor":24,"key":"REST"},{"floor":30,"key":"REST"},{"floor":32,"key":"RECALL"}],"neow_cost":"NONE","seed_source_timestamp":2285877323563420,"circlet_count":0,"master_deck":["Defend_G","Defend_G","Defend_G","Defend_G","Strike_G","Strike_G","Strike_G","Survivor","Neutralize","Bane","Poisoned Stab","Poisoned Stab","Backflip+1","Bane","A Thousand Cuts","Noxious Fumes","Burst","Bane","Ghostly","Ghostly","Ghostly","Ghostly","Ghostly","Outmaneuver","Deflect+1","Corpse Explosion"],"relics":["Ring of the Snake","Pen Nib","MawBank","Busted Crown","Snake Skull","Vajra","Singing Bowl","The Specimen","Anchor"],"potions_floor_usage":[7,19,21,25,33],"damage_taken":[{"damage":7,"enemies":"Small Slimes","floor":1,"turns":6},{"damage":0,"enemies":"Cultist","floor":3,"turns":4},{"damage":0,"enemies":"Jaw Worm","floor":5,"turns":4},{"damage":2,"enemies":"Large Slime","floor":7,"turns":6},{"damage":27,"enemies":"3 Sentries","floor":8,"turns":9},{"damage":10,"enemies":"3 Louse","floor":11,"turns":4},{"damage":21,"enemies":"Exordium Thugs","floor":12,"turns":4},{"damage":29,"enemies":"The Guardian","floor":16,"turns":11},{"damage":14,"enemies":"2 Thieves","floor":18,"turns":5},{"damage":24,"enemies":"Colosseum Slavers","floor":19,"turns":5},{"damage":8,"enemies":"Shell Parasite","floor":21,"turns":6},{"damage":13,"enemies":"Snecko","floor":22,"turns":7},{"damage":0,"enemies":"Gremlin Leader","floor":23,"turns":6},{"damage":3,"enemies":"Slavers","floor":25,"turns":6},{"damage":2,"enemies":"Cultist and Chosen","floor":28,"turns":4},{"damage":0,"enemies":"Snake Plant","floor":31,"turns":4},{"damage":44,"enemies":"Automaton","floor":33,"turns":10}],"seed_played":"1490367982173601984","potions_obtained":[{"floor":1,"key":"Strength Potion"},{"floor":3,"key":"Explosive Potion"},{"floor":7,"key":"Swift Potion"},{"floor":21,"key":"Ancient Potion"},{"floor":22,"key":"FairyPotion"},{"floor":28,"key":"SmokeBomb"},{"floor":31,"key":"EssenceOfSteel"}],"is_trial":false,"path_per_floor":["M","?","M","$","M","R","M","E","T","R","M","M","T","?","R","B",null,"M","?","?","M","M","E","R","E","T","$","M","?","R","M","R","B"],"character_chosen":"THE_SILENT","items_purchased":["Poisoned Stab","Backflip","The Specimen"],"campfire_rested":4,"item_purchase_floors":[4,4,27],"current_hp_per_floor":[63,63,63,63,63,63,61,34,34,55,45,24,24,41,62,33,70,56,32,32,24,11,11,21,18,18,18,18,18,29,31,31,0],"gold":52,"neow_bonus":"HUNDRED_GOLD","is_prod":false,"is_daily":false,"chose_seed":false,"campfire_upgraded":1,"win_rate":0,"timestamp":1545911052,"path_taken":["M","?","?","$","M","R","M","E","T","R","M","?","?","?","R","BOSS","M","?","?","M","?","E","R","E","T","$","M","?","R","M","R","BOSS"],"build_version":"2018-12-20","purchased_purges":2,"victory":false,"max_hp_per_floor":[70,70,70,70,70,70,70,70,70,70,70,70,70,70,70,70,70,70,70,35,35,35,35,35,35,35,35,37,37,37,39,39,39],"card_choices":[{"not_picked":["Calculated Gamble","Escape Plan"],"picked":"Bane","floor":1},{"not_picked":["Deadly Poison","Flying Knee"],"picked":"Poisoned Stab","floor":3},{"not_picked":["Flechettes","Dagger Spray"],"picked":"Bane","floor":5},{"not_picked":["Sucker Punch","Dagger Throw","Prepared"],"picked":"SKIP","floor":7},{"not_picked":["Phantasmal Killer","Dodge and Roll"],"picked":"A Thousand Cuts","floor":8},{"not_picked":["Blade Dance","Skewer"],"picked":"Noxious Fumes","floor":11},{"not_picked":["Dash","Riddle With Holes","Blade Dance"],"picked":"SKIP","floor":12},{"not_picked":["Venomology","Glass Knife"],"picked":"Burst","floor":16},{"not_picked":[],"picked":"Bane","floor":18},{"not_picked":[],"picked":"Outmaneuver","floor":21},{"not_picked":[],"picked":"Deflect+1","floor":22},{"not_picked":["Dagger Spray"],"picked":"SKIP","floor":23},{"not_picked":[],"picked":"Corpse Explosion","floor":25},{"not_picked":["Dagger Throw"],"picked":"Singing Bowl","floor":28},{"not_picked":["Sucker Punch"],"picked":"Singing Bowl","floor":31}],"player_experience":332811,"relics_obtained":[{"floor":8,"key":"Pen Nib"},{"floor":13,"key":"MawBank"},{"floor":23,"key":"Snake Skull"},{"floor":25,"key":"Vajra"},{"floor":26,"key":"Singing Bowl"}],"event_choices":[{"cards_removed":["Strike_G"],"damage_healed":0,"gold_gain":0,"player_choice":"Offered Basic","damage_taken":0,"max_hp_gain":0,"max_hp_loss":0,"event_name":"Bonfire Elementals","floor":2,"gold_loss":0},{"damage_healed":17,"gold_gain":0,"player_choice":"Healed","damage_taken":0,"max_hp_gain":0,"max_hp_loss":0,"event_name":"The Cleric","floor":14,"gold_loss":35},{"damage_healed":0,"gold_gain":0,"player_choice":"Fight","damage_taken":0,"max_hp_gain":0,"max_hp_loss":0,"event_name":"Colosseum","floor":19,"gold_loss":0},{"damage_healed":0,"gold_gain":0,"player_choice":"Fled From Nobs","damage_taken":0,"max_hp_gain":0,"max_hp_loss":0,"event_name":"Colosseum","floor":19,"gold_loss":0},{"damage_healed":0,"gold_gain":0,"player_choice":"Became a Ghost","damage_taken":0,"max_hp_gain":0,"max_hp_loss":35,"event_name":"Ghosts","floor":20,"gold_loss":0,"cards_obtained":["Ghostly","Ghostly","Ghostly","Ghostly","Ghostly"]},{"damage_healed":0,"gold_gain":0,"player_choice":"Obtained Relic","damage_taken":0,"relics_obtained":["Anchor"],"max_hp_gain":0,"max_hp_loss":0,"event_name":"Addict","floor":29,"gold_loss":85}],"is_beta":false,"boss_relics":[{"not_picked":["Lizard Tail","Fusion Hammer"],"picked":"Busted Crown"}],"items_purged_floors":[4,27],"is_endless":false,"potions_floor_spawned":[1,3,7,21,22,28,31],"killed_by":"Automaton","ascension_level":0}