{"gold_per_floor":[111,52,52,63,28,63,63,80,104,104,104],"floor_reached":11,"playtime":341,"items_purged":[],"score":135,"play_id":"0225cc79-9bf5-483b-a8da-1d09325caa20","local_time":"20190313212438","is_ascension_mode":true,"campfire_choices":[{"floor":7,"key":"REST"}],"neow_cost":"PERCENT_DAMAGE","seed_source_timestamp":330475598244714,"circlet_count":0,"master_deck":["AscendersBane","Strike_R","Strike_R","Strike_R","Strike_R","Defend_R","Defend_R","Defend_R","Defend_R","Bash","Entrench","Shrug It Off","Seeing Red","Flame Barrier","Body Slam"],"relics":["Burning Blood","Bag of Marbles","Blood Vial"],"potions_floor_usage":[6],"damage_taken":[{"damage":7,"enemies":"Jaw Worm","floor":1,"turns":3},{"damage":6,"enemies":"Cultist","floor":4,"turns":4},{"damage":63,"enemies":"Lagavulin","floor":6,"turns":8},{"damage":10,"enemies":"Small Slimes","floor":8,"turns":4},{"damage":27,"enemies":"3 Sentries","floor":11,"turns":5}],"seed_played":"-2101928356842119149","potions_obtained":[{"floor":4,"key":"AttackPotion"},{"floor":8,"key":"Dexterity Potion"}],"is_trial":false,"path_per_floor":["M","$","?","M","?","E","R","M","T","$","E"],"character_chosen":"IRONCLAD","items_purchased":["Shrug It Off"],"campfire_rested":1,"item_purchase_floors":[2],"current_hp_per_floor":[63,63,63,63,85,28,54,50,50,50,25],"gold":104,"neow_bonus":"TWENTY_PERCENT_HP_BONUS","is_prod":false,"is_daily":false,"chose_seed":false,"campfire_upgraded":0,"win_rate":0,"timestamp":1552472678,"path_taken":["M","$","?","?","?","E","R","M","T","$","E"],"build_version":"2019-01-23","purchased_purges":0,"victory":false,"max_hp_per_floor":[89,89,89,89,89,89,89,89,89,89,89],"card_choices":[{"not_picked":["Heavy Blade","Shrug It Off"],"picked":"Entrench","floor":1},{"not_picked":["Thunderclap","Power Through"],"picked":"Seeing Red","floor":4},{"not_picked":["Clothesline","Pommel Strike"],"picked":"Flame Barrier","floor":6},{"not_picked":["Berserk","Wild Strike"],"picked":"Body Slam","floor":8}],"player_experience":846820,"relics_obtained":[{"floor":6,"key":"Bag of Marbles"},{"floor":9,"key":"Blood Vial"}],"event_choices":[{"cards_removed":["Strike_R"],"damage_healed":0,"gold_gain":0,"player_choice":"Offered Basic","damage_taken":0,"max_hp_gain":0,"max_hp_loss":0,"event_name":"Bonfire Elementals","floor":3,"gold_loss":0},{"damage_healed":22,"gold_gain":0,"player_choice":"Healed","damage_taken":0,"max_hp_gain":0,"max_hp_loss":0,"event_name":"The Cleric","floor":5,"gold_loss":35}],"is_beta":false,"boss_relics":[],"items_purged_floors":[],"is_endless":false,"potions_floor_spawned":[4,8],"killed_by":"3 Sentries","ascension_level":18}