{"gold_per_floor":[115,115,132,132,156,156,175,208,284,249,249,290,326,357,369,512,524,561,64,64,64,87,87,126,126,177,177,191,191,209,234,234,234],"floor_reached":33,"playtime":1759,"items_purged":["Strike_R"],"score":291,"play_id":"f8e697d5-e67b-4485-acb3-2eedd996dac7","local_time":"20181217000618","is_ascension_mode":true,"campfire_choices":[{"floor":6,"key":"RECALL"},{"floor":11,"key":"REST"},{"floor":15,"key":"REST"},{"floor":23,"key":"REST"},{"floor":25,"key":"REST"},{"data":"Armaments","floor":27,"key":"SMITH"},{"data":"Immolate","floor":32,"key":"SMITH"}],"neow_cost":"NONE","seed_source_timestamp":1832065584606377,"circlet_count":0,"master_deck":["Strike_R","Strike_R","Defend_R","Defend_R","Defend_R","Defend_R","Bash","Immolate+1","Heavy Blade","Shrug It Off","Impervious","Pommel Strike","Armaments+1","Body Slam","Feed","Whirlwind","True Grit","Power Through","Anger+1","Double Tap"],"relics":["Burning Blood","Bag of Preparation","Golden Idol","Bottled Flame","Tiny Chest","MawBank","Lizard Tail","Chemical X","Regal Pillow","MutagenicStrength","Vajra","Meat on the Bone"],"potions_floor_usage":[8,8,16,16,28,31,33,33],"damage_taken":[{"damage":5,"enemies":"2 Louse","floor":1,"turns":2},{"damage":0,"enemies":"Small Slimes","floor":3,"turns":2},{"damage":6,"enemies":"Jaw Worm","floor":5,"turns":2},{"damage":18,"enemies":"Large Slime","floor":7,"turns":7},{"damage":37,"enemies":"Lagavulin","floor":8,"turns":6},{"damage":18,"enemies":"3 Sentries","floor":12,"turns":5},{"damage":5,"enemies":"Looter","floor":13,"turns":2},{"damage":0,"enemies":"Lots of Slimes","floor":14,"turns":1},{"damage":54,"enemies":"Hexaghost","floor":16,"turns":11},{"damage":54,"enemies":"Shell Parasite","floor":18,"turns":10},{"damage":11,"enemies":"Spheric Guardian","floor":22,"turns":4},{"damage":47,"enemies":"Slavers","floor":24,"turns":7},{"damage":9,"enemies":"Chosen and Byrds","floor":28,"turns":5},{"damage":4,"enemies":"Centurion and Healer","floor":30,"turns":5},{"damage":0,"enemies":"3 Cultists","floor":31,"turns":3},{"damage":142,"enemies":"Automaton","floor":33,"turns":12}],"seed_played":"-5406662956946595711","potions_obtained":[{"floor":1,"key":"Poison Potion"},{"floor":7,"key":"Strength Potion"},{"floor":8,"key":"Energy Potion"},{"floor":12,"key":"GamblersBrew"},{"floor":14,"key":"Dexterity Potion"},{"floor":16,"key":"Swift Potion"},{"floor":22,"key":"Poison Potion"},{"floor":31,"key":"SkillPotion"}],"is_trial":false,"path_per_floor":["M","?","M","?","M","R","M","E","T","?","R","E","M","M","R","B",null,"M","$","?","?","M","R","E","R","T","R","M","T","M","M","R","B"],"character_chosen":"IRONCLAD","items_purchased":["Chemical X","Whirlwind","Regal Pillow"],"campfire_rested":4,"item_purchase_floors":[19,19,19],"current_hp_per_floor":[80,80,80,60,60,60,48,17,17,37,61,49,50,56,80,32,80,32,32,32,32,27,66,29,69,69,69,66,66,68,77,77,0],"gold":234,"neow_bonus":"RANDOM_COMMON_RELIC","is_prod":false,"is_daily":false,"chose_seed":false,"campfire_upgraded":2,"win_rate":0,"timestamp":1544965578,"path_taken":["M","?","M","?","?","R","M","E","T","?","R","E","M","M","R","BOSS","M","$","?","?","M","R","E","R","T","R","M","?","?","M","R","BOSS"],"build_version":"2018-12-13","purchased_purges":1,"victory":false,"max_hp_per_floor":[80,80,80,80,80,80,80,80,80,80,80,80,80,80,80,80,80,80,80,80,80,80,80,84,84,84,84,84,84,84,87,87,87],"card_choices":[{"not_picked":["Pummel","Warcry","Havoc"],"picked":"SKIP","floor":1},{"not_picked":["Ghostly Armor","Burning Pact"],"picked":"Heavy Blade","floor":3},{"not_picked":["Headbutt","Body Slam"],"picked":"Shrug It Off","floor":5},{"not_picked":["Clash","Sever Soul"],"picked":"Impervious","floor":7},{"not_picked":["Shrug It Off","Intimidate"],"picked":"Pommel Strike","floor":8},{"not_picked":["Cleave","Shrug It Off"],"picked":"Armaments","floor":12},{"not_picked":["Intimidate","Dark Embrace","Iron Wave"],"picked":"SKIP","floor":13},{"not_picked":["Wild Strike","Intimidate"],"picked":"Body Slam","floor":14},{"not_picked":["Dark Embrace","Brutality"],"picked":"Feed","floor":16},{"not_picked":["Thunderclap","Headbutt","Wild Strike+1"],"picked":"SKIP","floor":18},{"not_picked":["Dual Wield+1","Headbutt"],"picked":"True Grit","floor":22},{"not_picked":["Armaments","Blood for Blood"],"picked":"Power Through","floor":24},{"not_picked":["Armaments","Sword Boomerang+1"],"picked":"Anger+1","floor":28},{"not_picked":["Anger+1","Heavy Blade","Iron Wave"],"picked":"SKIP","floor":30},{"not_picked":["Second Wind+1","Wild Strike+1"],"picked":"Double Tap","floor":31}],"player_experience":262260,"relics_obtained":[{"floor":8,"key":"Bottled Flame"},{"floor":9,"key":"Tiny Chest"},{"floor":12,"key":"MawBank"},{"floor":24,"key":"Vajra"},{"floor":29,"key":"Meat on the Bone"}],"event_choices":[{"damage_healed":0,"gold_gain":0,"cards_transformed":["Strike_R"],"player_choice":"Change","damage_taken":0,"max_hp_gain":0,"max_hp_loss":0,"event_name":"Living Wall","floor":2,"gold_loss":0,"cards_obtained":["Immolate"]},{"damage_healed":0,"gold_gain":0,"player_choice":"Take Damage","damage_taken":20,"relics_obtained":["Golden Idol"],"max_hp_gain":0,"max_hp_loss":0,"event_name":"Golden Idol","floor":4,"gold_loss":0},{"damage_healed":20,"gold_gain":0,"player_choice":"Healed","damage_taken":0,"max_hp_gain":0,"max_hp_loss":0,"event_name":"The Cleric","floor":10,"gold_loss":35},{"damage_healed":0,"gold_gain":0,"player_choice":"Inject Mutagens","damage_taken":0,"relics_obtained":["MutagenicStrength"],"max_hp_gain":0,"max_hp_loss":0,"event_name":"Drug Dealer","floor":20,"gold_loss":0},{"cards_removed":["Strike_R"],"damage_healed":0,"gold_gain":0,"player_choice":"Elegance","damage_taken":0,"max_hp_gain":0,"max_hp_loss":0,"event_name":"Back to Basics","floor":21,"gold_loss":0}],"is_beta":false,"boss_relics":[{"not_picked":["Snecko Eye","Orrery"],"picked":"Lizard Tail"}],"items_purged_floors":[19],"is_endless":false,"potions_floor_spawned":[1,7,8,12,14,16,22,31],"killed_by":"Automaton","ascension_level":1}