{"gold_per_floor":[119,119,137,149,149,181,181,147,147,172,172,182,214,234,234,329,329,340,255,255,265,10,10,27,27,54,54],"floor_reached":27,"playtime":2490,"items_purged":[],"score":347,"play_id":"47fcfc08-a847-4871-9571-2059a53b4dc2","local_time":"20190206114349","is_ascension_mode":true,"campfire_choices":[{"floor":7,"key":"REST"},{"floor":11,"key":"REST"},{"floor":15,"key":"REST"},{"data":"Sunder","floor":23,"key":"SMITH"},{"data":"Streamline","floor":25,"key":"SMITH"}],"neow_cost":"PERCENT_DAMAGE","seed_source_timestamp":164508036772528,"circlet_count":0,"master_deck":["AscendersBane","Strike_B","Defend_B","Defend_B","Defend_B","Defend_B","Zap","Dualcast","Melter","Rip and Tear","Gash","Coolheaded+1","Streamline+1","Redo+1","Hologram+1","Self Repair","All For One","Sunder+1","Cold Snap","Conserve Battery+1","Hello World+1"],"relics":["Cracked Core","Toxic Egg 2","Gambling Chip","Meat on the Bone","Regal Pillow","Art of War","Eternal Feather","Smiling Mask","Membership Card","Centennial Puzzle"],"potions_floor_usage":[6,13,16,24,24,27],"damage_taken":[{"damage":0,"enemies":"Small Slimes","floor":1,"turns":3},{"damage":1,"enemies":"Cultist","floor":3,"turns":3},{"damage":1,"enemies":"2 Louse","floor":4,"turns":2},{"damage":30,"enemies":"Gremlin Nob","floor":6,"turns":4},{"damage":26,"enemies":"Lagavulin","floor":10,"turns":5},{"damage":0,"enemies":"2 Fungi Beasts","floor":12,"turns":3},{"damage":14,"enemies":"Gremlin Nob","floor":13,"turns":4},{"damage":0,"enemies":"Exordium Thugs","floor":14,"turns":4},{"damage":59,"enemies":"Slime Boss","floor":16,"turns":8},{"damage":17,"enemies":"Shell Parasite","floor":18,"turns":5},{"damage":0,"enemies":"Spheric Guardian","floor":21,"turns":2},{"damage":3,"enemies":"Chosen and Byrds","floor":24,"turns":4},{"damage":79,"enemies":"Book of Stabbing","floor":27,"turns":6}],"seed_played":"4055740464796500837","potions_obtained":[{"floor":1,"key":"Swift Potion"},{"floor":12,"key":"SpeedPotion"},{"floor":13,"key":"Poison Potion"},{"floor":14,"key":"LiquidBronze"},{"floor":21,"key":"SkillPotion"}],"is_trial":false,"path_per_floor":["M","?","M","M","?","E","R","?","T","E","R","M","E","M","R","B",null,"M","?","?","M","$","R","M","R","T","E"],"character_chosen":"DEFECT","items_purchased":["Membership Card","Conserve Battery+1","Explosive Potion"],"campfire_rested":3,"item_purchase_floors":[22,22,22],"current_hp_per_floor":[50,50,49,48,41,11,33,33,33,19,56,56,42,42,75,35,65,48,48,48,48,48,60,64,75,75,0],"gold":54,"neow_bonus":"REMOVE_TWO","is_prod":false,"is_daily":false,"chose_seed":false,"campfire_upgraded":2,"win_rate":0,"timestamp":1549424629,"path_taken":["M","?","M","?","?","E","R","?","T","E","R","M","E","M","R","BOSS","M","?","?","M","?","R","M","R","T","E"],"build_version":"2019-01-23","purchased_purges":0,"victory":false,"max_hp_per_floor":[75,75,75,75,75,75,75,75,75,75,75,75,75,75,75,75,75,75,75,75,75,75,75,75,75,75,75],"card_choices":[{"not_picked":["Leap","Hologram"],"picked":"Melter","floor":1},{"not_picked":["Hello World","Undo"],"picked":"Rip and Tear","floor":3},{"not_picked":["Double Energy","Barrage"],"picked":"Gash","floor":4},{"not_picked":["Steam+1","Biased Cognition"],"picked":"Coolheaded+1","floor":6},{"not_picked":["Coolheaded+1","Stack+1"],"picked":"Streamline","floor":10},{"not_picked":["FTL","Aggregate+1"],"picked":"Redo+1","floor":12},{"not_picked":["Gash","Redo+1"],"picked":"Hologram+1","floor":13},{"not_picked":["Gash","Reinforced Body+1"],"picked":"Self Repair","floor":14},{"not_picked":["Multi-Cast+1","Hyperbeam"],"picked":"All For One","floor":16},{"not_picked":["Compile Driver","Rebound"],"picked":"Sunder","floor":18},{"not_picked":["Leap+1","Static Discharge+1"],"picked":"Cold Snap","floor":21},{"not_picked":["Go for the Eyes","Chaos+1"],"picked":"Hello World+1","floor":24}],"player_experience":657295,"relics_obtained":[{"floor":6,"key":"Gambling Chip"},{"floor":9,"key":"Meat on the Bone"},{"floor":10,"key":"Regal Pillow"},{"floor":13,"key":"Art of War"},{"floor":26,"key":"Centennial Puzzle"}],"event_choices":[{"cards_removed":["Strike_B"],"damage_healed":0,"gold_gain":0,"player_choice":"Offered Basic","damage_taken":0,"max_hp_gain":0,"max_hp_loss":0,"event_name":"Bonfire Elementals","floor":2,"gold_loss":0},{"damage_healed":0,"gold_gain":0,"player_choice":"Success","damage_taken":7,"relics_obtained":["Toxic Egg 2"],"max_hp_gain":0,"max_hp_loss":0,"event_name":"Scrap Ooze","floor":5,"gold_loss":0},{"damage_healed":0,"gold_gain":0,"player_choice":"Left Gold","damage_taken":0,"max_hp_gain":0,"max_hp_loss":0,"event_name":"World of Goop","floor":8,"gold_loss":34},{"damage_healed":0,"gold_gain":0,"player_choice":"Obtained Relic","damage_taken":0,"relics_obtained":["Smiling Mask"],"max_hp_gain":0,"max_hp_loss":0,"event_name":"Addict","floor":19,"gold_loss":85},{"damage_healed":0,"gold_gain":0,"player_choice":"Ignored","damage_taken":0,"max_hp_gain":0,"max_hp_loss":0,"event_name":"Vampires","floor":20,"gold_loss":0}],"is_beta":false,"boss_relics":[{"not_picked":["Coffee Dripper","Sozu"],"picked":"Eternal Feather"}],"items_purged_floors":[],"is_endless":false,"potions_floor_spawned":[1,12,13,14,21],"killed_by":"Book of Stabbing","ascension_level":10}