{"gold_per_floor":[118,137,148,223,223,235,277,289,326,359,384,396,427,503,515,629,641,664,688,700,727,739],"floor_reached":22,"playtime":994,"items_purged":[],"score":186,"play_id":"0975d7bd-0599-4946-905e-306cab46352b","local_time":"20190804230343","is_ascension_mode":false,"campfire_choices":[{"data":"Defend_R","floor":6.0,"key":"SMITH"},{"floor":8.0,"key":"REST"},{"floor":12.0,"key":"REST"},{"data":"Flex","floor":15.0,"key":"SMITH"}],"neow_cost":"NONE","seed_source_timestamp":2070649735775201,"circlet_count":0,"master_deck":["Strike_R","Strike_R","Strike_R","Strike_R","Strike_R","Defend_R","Defend_R","Defend_R","Defend_R+1","Bash","Headbutt","Shrug It Off","Carnage","Flex+1","Brutality","True Grit","Pommel Strike","Pommel Strike","Offering","Heavy Blade+1","Seeing Red","Inflame"],"special_seed":0,"relics":["Burning Blood","NeowsBlessing","MawBank","Oddly Smooth Stone","Potion Belt","Odd Mushroom","Ginger","White Beast Statue"],"potions_floor_usage":[],"damage_taken":[{"damage":0.0,"enemies":"Jaw Worm","floor":1.0,"turns":1.0},{"damage":0.0,"enemies":"Small Slimes","floor":2.0,"turns":1.0},{"damage":0.0,"enemies":"2 Louse","floor":3.0,"turns":1.0},{"damage":29.0,"enemies":"3 Sentries","floor":7.0,"turns":9.0},{"damage":30.0,"enemies":"The Mushroom Lair","floor":10.0,"turns":5.0},{"damage":19.0,"enemies":"Exordium Wildlife","floor":11.0,"turns":6.0},{"damage":2.0,"enemies":"Looter","floor":13.0,"turns":3.0},{"damage":17.0,"enemies":"Gremlin Nob","floor":14.0,"turns":5.0},{"damage":29.0,"enemies":"Slime Boss","floor":16.0,"turns":9.0},{"damage":31,"enemies":"2 Thieves","floor":18,"turns":4},{"damage":47,"enemies":"3 Byrds","floor":19,"turns":8},{"damage":8,"enemies":"Snecko","floor":21,"turns":5},{"damage":0,"enemies":"Centurion and Healer","floor":22,"turns":1}],"seed_played":"8222042979056043825","potions_obtained":[{"floor":2.0,"key":"GamblersBrew"},{"floor":13.0,"key":"Poison Potion"},{"floor":14.0,"key":"PowerPotion"},{"floor":18,"key":"GamblersBrew"},{"floor":19,"key":"Ancient Potion"},{"floor":21,"key":"Fire Potion"}],"is_trial":false,"path_per_floor":["M","M","M","?","?","R","E","R","T","?","M","R","M","?","R","B",null,"M","M","?","M","M"],"character_chosen":"IRONCLAD","items_purchased":[],"campfire_rested":2,"item_purchase_floors":[],"current_hp_per_floor":[80,80,80,69,66,66,43,67,67,43,30,54,58,47,47,24,80,55,14,14,12,12],"gold":739,"neow_bonus":"THREE_ENEMY_KILL","is_prod":false,"is_daily":false,"chose_seed":false,"campfire_upgraded":2,"win_rate":0,"timestamp":1564931023,"path_taken":["M","M","M","?","?","R","E","R","T","?","?","R","M","?","R","BOSS","M","M","?","M","M"],"build_version":"2019-07-17","purchased_purges":0,"victory":false,"max_hp_per_floor":[80,80,80,80,80,80,80,80,80,80,80,80,80,80,80,80,80,80,80,80,80,80],"card_choices":[{"not_picked":["Warcry","Clash"],"picked":"Headbutt","floor":1.0},{"not_picked":["Body Slam","Sword Boomerang"],"picked":"Shrug It Off","floor":2.0},{"not_picked":["Headbutt","Sever Soul"],"picked":"Carnage","floor":3.0},{"not_picked":["Twin Strike","Evolve"],"picked":"Flex","floor":7.0},{"not_picked":["Armaments","Havoc"],"picked":"Brutality","floor":10.0},{"not_picked":["Anger","Headbutt"],"picked":"True Grit","floor":11.0},{"not_picked":["Sword Boomerang","Flex"],"picked":"Pommel Strike","floor":13.0},{"not_picked":["True Grit","Anger"],"picked":"Pommel Strike","floor":14.0},{"not_picked":["Double Tap","Berserk"],"picked":"Offering","floor":16.0},{"not_picked":["Wild Strike","Anger"],"picked":"Heavy Blade+1","floor":18},{"not_picked":["Thunderclap","Pummel"],"picked":"Seeing Red","floor":19},{"not_picked":["Rupture","Flex"],"picked":"Inflame","floor":21}],"player_experience":84563,"relics_obtained":[{"floor":7.0,"key":"Oddly Smooth Stone"},{"floor":9.0,"key":"Potion Belt"},{"floor":10.0,"key":"Odd Mushroom"},{"floor":14.0,"key":"Ginger"}],"event_choices":[{"damage_healed":0.0,"max_hp_gain":0.0,"max_hp_loss":0.0,"gold_gain":75.0,"event_name":"World of Goop","player_choice":"Gather Gold","floor":4.0,"gold_loss":0.0,"damage_taken":11.0},{"damage_healed":0.0,"max_hp_gain":0.0,"max_hp_loss":0.0,"gold_gain":0.0,"event_name":"Scrap Ooze","player_choice":"Success","floor":5.0,"gold_loss":0.0,"damage_taken":3.0,"relics_obtained":["MawBank"]},{"damage_healed":0.0,"max_hp_gain":0.0,"max_hp_loss":0.0,"gold_gain":0.0,"event_name":"Mushrooms","player_choice":"Fought Mushrooms","floor":10.0,"gold_loss":0.0,"damage_taken":0.0},{"damage_healed":0.0,"max_hp_gain":0.0,"max_hp_loss":0.0,"gold_gain":0.0,"event_name":"Dead Adventurer","player_choice":"Searched \u00272\u0027 times","floor":14.0,"gold_loss":0.0,"damage_taken":0.0},{"damage_healed":0,"gold_gain":0,"player_choice":"Ignored","damage_taken":0,"max_hp_gain":0,"max_hp_loss":0,"event_name":"Ghosts","floor":20,"gold_loss":0}],"is_beta":false,"boss_relics":[{"not_picked":["Coffee Dripper","Sozu"],"picked":"White Beast Statue"}],"items_purged_floors":[],"is_endless":false,"potions_floor_spawned":[2,13,14,18,19,21],"killed_by":"Centurion and Healer","ascension_level":0}