{"gold_per_floor":[114,289,289,313,324,324,178,188,211,243,243,243,261,286,286,411,411,432,347,347,347,363,363,387,387,387,387,425,445,145,170,170,301,301,322,342,363,363,363,363,404,422,476,476,476,329,349,199,199,199],"floor_reached":51,"playtime":988,"items_purged":["Doubt","Strike_R","Strike_R","Strike_R"],"score":845,"play_id":"a542098c-5417-4732-a7d0-9a2aff4730a5","local_time":"20190701011622","is_ascension_mode":false,"campfire_choices":[{"data":"Searing Blow+1","floor":6.0,"key":"SMITH"},{"data":"Searing Blow+2","floor":11.0,"key":"SMITH"},{"data":"Searing Blow+3","floor":15.0,"key":"SMITH"},{"data":"Searing Blow+4","floor":23.0,"key":"SMITH"},{"data":"Searing Blow+5","floor":25.0,"key":"SMITH"},{"data":"Searing Blow+6","floor":27.0,"key":"SMITH"},{"data":"Searing Blow+7","floor":32.0,"key":"SMITH"},{"data":"Searing Blow+8","floor":40.0,"key":"SMITH"},{"data":"Searing Blow+9","floor":44.0,"key":"SMITH"},{"data":"Armaments","floor":49,"key":"SMITH"}],"neow_cost":"NONE","seed_source_timestamp":534628497833958,"circlet_count":0,"master_deck":["Defend_R","Defend_R","Defend_R","Defend_R","Bash","Searing Blow+10","Offering","Shrug It Off","Armaments+1"],"special_seed":0,"relics":["Burning Blood","NeowsBlessing","Boot","Lantern","Pocketwatch","Golden Idol","Runic Cube","PreservedInsect","Calipers","Centennial Puzzle","Medical Kit","Coffee Dripper","Blue Candle","Dream Catcher"],"potions_floor_usage":[47],"damage_taken":[{"damage":0.0,"enemies":"Jaw Worm","floor":1.0,"turns":1.0},{"damage":0.0,"enemies":"2 Louse","floor":5.0,"turns":1.0},{"damage":0.0,"enemies":"Small Slimes","floor":8.0,"turns":1.0},{"damage":23.0,"enemies":"3 Sentries","floor":10.0,"turns":5.0},{"damage":6.0,"enemies":"Exordium Wildlife","floor":13.0,"turns":2.0},{"damage":6.0,"enemies":"2 Fungi Beasts","floor":14.0,"turns":3.0},{"damage":41.0,"enemies":"The Guardian","floor":16.0,"turns":10.0},{"damage":15.0,"enemies":"2 Thieves","floor":18.0,"turns":4.0},{"damage":6.0,"enemies":"Shell Parasite","floor":22.0,"turns":2.0},{"damage":14.0,"enemies":"Snake Plant","floor":24.0,"turns":2.0},{"damage":9.0,"enemies":"Book of Stabbing","floor":28.0,"turns":3.0},{"damage":6.0,"enemies":"Sentry and Sphere","floor":29.0,"turns":3.0},{"damage":6.0,"enemies":"Snecko","floor":31.0,"turns":2.0},{"damage":38.0,"enemies":"Collector","floor":33.0,"turns":3.0},{"damage":2.0,"enemies":"3 Shapes","floor":35.0,"turns":4.0},{"damage":6.0,"enemies":"Orb Walker","floor":36.0,"turns":1.0},{"damage":6.0,"enemies":"Spire Growth","floor":37.0,"turns":2.0},{"damage":0.0,"enemies":"Nemesis","floor":41.0,"turns":1.0},{"damage":12.0,"enemies":"4 Shapes","floor":42.0,"turns":4.0},{"damage":11,"enemies":"Transient","floor":47,"turns":5},{"damage":58,"enemies":"Awakened One","floor":50,"turns":7}],"seed_played":"-6013468756039496570","potions_obtained":[{"floor":1.0,"key":"PowerPotion"},{"floor":16.0,"key":"Ancient Potion"},{"floor":21.0,"key":"Fruit Juice"},{"floor":21.0,"key":"LiquidBronze"},{"floor":21.0,"key":"Regen Potion"},{"floor":22.0,"key":"Poison Potion"},{"floor":28.0,"key":"Swift Potion"},{"floor":29.0,"key":"Weak Potion"}],"is_trial":false,"path_per_floor":["M","?","?","T","M","R","$","M","T","E","R","?","M","M","R","B",null,"M","?","?","?","M","R","M","R","T","R","E","M","$","M","R","B",null,"M","M","M","?","?","R","E","M","T","R","?","$","M","$","R","B",null],"character_chosen":"IRONCLAD","items_purchased":["Offering","Medical Kit","Armaments"],"campfire_rested":0,"item_purchase_floors":[7,30,46],"current_hp_per_floor":[80,80,80,80,80,80,80,80,80,63,63,63,63,63,63,28,74,65,65,65,70,70,70,62,62,62,62,64,64,64,64,64,32,79,79,79,79,79,75,75,75,69,69,69,69,69,64,64,64,12],"gold":199,"neow_bonus":"THREE_ENEMY_KILL","is_prod":false,"is_daily":false,"chose_seed":false,"campfire_upgraded":10,"win_rate":0,"timestamp":1561914982,"path_taken":["M","?","?","?","?","R","$","M","T","E","R","?","M","M","R","BOSS","M","?","?","?","M","R","?","R","T","R","E","M","$","M","R","BOSS","M","M","M","?","?","R","E","M","T","R","?","$","?","$","R","BOSS"],"build_version":"2019-01-23","purchased_purges":4,"victory":true,"max_hp_per_floor":[80,80,80,80,80,80,80,80,80,80,80,74,74,74,74,74,74,74,74,74,79,79,79,79,79,79,79,79,79,79,79,79,79,79,79,79,79,79,75,75,75,75,75,75,75,75,75,75,75,75],"card_choices":[{"not_picked":["Cleave","Twin Strike"],"picked":"Searing Blow","floor":1.0},{"not_picked":["Clash","Cleave","True Grit"],"picked":"SKIP","floor":5.0},{"not_picked":["Sentinel","Clothesline","Carnage"],"picked":"SKIP","floor":8.0},{"not_picked":["Sword Boomerang","Searing Blow","Thunderclap"],"picked":"SKIP","floor":10.0},{"not_picked":["Spot Weakness","Cleave"],"picked":"Shrug It Off","floor":13.0},{"not_picked":["Shrug It Off","Rampage","Body Slam"],"picked":"SKIP","floor":14.0},{"not_picked":["Entrench","Twin Strike+1","Clash"],"picked":"SKIP","floor":18.0},{"not_picked":["Iron Wave","Heavy Blade","Wild Strike"],"picked":"SKIP","floor":22.0},{"not_picked":["Iron Wave","Dropkick+1","Wild Strike"],"picked":"SKIP","floor":24.0},{"not_picked":["Heavy Blade","Warcry","Burning Pact"],"picked":"SKIP","floor":28.0},{"not_picked":["Shrug It Off","Pommel Strike","Clash+1"],"picked":"SKIP","floor":29.0},{"not_picked":["Clothesline","Sentinel+1","Intimidate"],"picked":"SKIP","floor":31.0},{"not_picked":["Flex","Havoc+1","Shrug It Off+1"],"picked":"SKIP","floor":35.0},{"not_picked":["Evolve","Searing Blow+1","Thunderclap+1"],"picked":"SKIP","floor":36.0},{"not_picked":["Headbutt+1","Cleave+1","Pommel Strike"],"picked":"SKIP","floor":37.0},{"not_picked":["Feel No Pain+1","Pummel+1","Flame Barrier+1"],"picked":"SKIP","floor":41.0},{"not_picked":["Clash","Dual Wield","Impervious"],"picked":"SKIP","floor":42.0},{"not_picked":["Flame Barrier","Twin Strike+1","Entrench"],"picked":"SKIP","floor":47}],"player_experience":1021457,"relics_obtained":[{"floor":4.0,"key":"Boot"},{"floor":9.0,"key":"Lantern"},{"floor":10.0,"key":"Pocketwatch"},{"floor":26.0,"key":"Calipers"},{"floor":28.0,"key":"Centennial Puzzle"},{"floor":41.0,"key":"Blue Candle"},{"floor":43.0,"key":"Dream Catcher"}],"event_choices":[{"damage_healed":0.0,"max_hp_gain":0.0,"max_hp_loss":0.0,"gold_gain":175.0,"event_name":"Liars Game","player_choice":"AGREE","floor":2.0,"gold_loss":0.0,"damage_taken":0.0,"cards_obtained":["Doubt"]},{"damage_healed":0.0,"max_hp_gain":0.0,"max_hp_loss":0.0,"gold_gain":0.0,"event_name":"Living Wall","player_choice":"Grow","floor":3.0,"gold_loss":0.0,"damage_taken":0.0,"cards_upgraded":["Searing Blow"]},{"damage_healed":0.0,"max_hp_gain":0.0,"max_hp_loss":6.0,"gold_gain":0.0,"event_name":"Golden Idol","player_choice":"Lose Max HP","floor":12.0,"gold_loss":0.0,"damage_taken":0.0,"relics_obtained":["Golden Idol"]},{"damage_healed":0.0,"max_hp_gain":0.0,"max_hp_loss":0.0,"gold_gain":0.0,"event_name":"Addict","player_choice":"Obtained Relic","floor":19.0,"gold_loss":85.0,"damage_taken":0.0,"relics_obtained":["PreservedInsect"]},{"cards_removed":["Strike_R"],"damage_healed":0.0,"max_hp_gain":0.0,"max_hp_loss":0.0,"gold_gain":0.0,"event_name":"Back to Basics","player_choice":"Elegance","floor":20.0,"gold_loss":0.0,"damage_taken":0.0},{"damage_healed":0.0,"max_hp_gain":0.0,"max_hp_loss":0.0,"gold_gain":0.0,"event_name":"Lab","player_choice":"Got Potions","floor":21.0,"gold_loss":0.0,"damage_taken":0.0},{"damage_healed":0.0,"max_hp_gain":0.0,"max_hp_loss":0.0,"gold_gain":0.0,"event_name":"Tomb of Lord Red Mask","player_choice":"Ignored","floor":38.0,"gold_loss":0.0,"damage_taken":0.0},{"damage_healed":0.0,"max_hp_gain":0.0,"max_hp_loss":4.0,"gold_gain":0.0,"event_name":"Winding Halls","player_choice":"Max HP","floor":39.0,"gold_loss":0.0,"damage_taken":0.0},{"cards_removed":["Strike_R"],"damage_healed":0.0,"max_hp_gain":0.0,"max_hp_loss":0.0,"gold_gain":0.0,"event_name":"Purifier","player_choice":"Purged","floor":45.0,"gold_loss":0.0,"damage_taken":0.0}],"is_beta":false,"boss_relics":[{"not_picked":["Calling Bell","Ectoplasm"],"picked":"Runic Cube"},{"not_picked":["Astrolabe","Tiny House"],"picked":"Coffee Dripper"}],"items_purged_floors":[7,30,46,48],"is_endless":false,"potions_floor_spawned":[1,16,22,28,29,31,41,42],"ascension_level":0}