{"gold_per_floor":[212,5,5,23,46,46,89,89,115,169,169,169,185,85,85,178,178,202,202,225,225,225,225,250,286,309,309,234,234,234,258,258,258],"floor_reached":33,"playtime":1347,"items_purged":["Strike_R","Strike_R"],"score":522,"play_id":"75ac6cdc-beff-400f-9102-96642a1ea136","local_time":"20190503155425","is_ascension_mode":true,"campfire_choices":[{"data":"Armaments","floor":6.0,"key":"SMITH"},{"data":"Uppercut","floor":8.0,"key":"SMITH"},{"data":"Disarm","floor":11.0,"key":"SMITH"},{"floor":15.0,"key":"REST"},{"data":"Feel No Pain","floor":23,"key":"SMITH"},{"floor":32,"key":"REST"}],"neow_cost":"NONE","seed_source_timestamp":0,"circlet_count":0,"master_deck":["AscendersBane","Defend_R","Defend_R","Defend_R","Defend_R","Uppercut+1","Evolve","Armaments+1","Disarm+1","Immolate","Reaper+1","Second Wind+1","Pummel+1","Feel No Pain+1","Ghostly","Ghostly","Ghostly","Body Slam+1","Feel No Pain+1"],"special_seed":0,"relics":["Burning Blood","Golden Idol","Blood Vial","PreservedInsect","Regal Pillow","Astrolabe","Self Forming Clay","Juzu Bracelet"],"potions_floor_usage":[],"damage_taken":[{"damage":2.0,"enemies":"2 Louse","floor":1.0,"turns":3.0},{"damage":9.0,"enemies":"Jaw Worm","floor":4.0,"turns":5.0},{"damage":2.0,"enemies":"Cultist","floor":5.0,"turns":4.0},{"damage":35.0,"enemies":"Lagavulin","floor":7.0,"turns":9.0},{"damage":12.0,"enemies":"2 Fungi Beasts","floor":13.0,"turns":3.0},{"damage":15.0,"enemies":"The Guardian","floor":16.0,"turns":11.0},{"damage":29.0,"enemies":"Shell Parasite","floor":18.0,"turns":11.0},{"damage":0.0,"enemies":"Colosseum Slavers","floor":19.0,"turns":1.0},{"damage":45,"enemies":"Spheric Guardian","floor":20,"turns":11},{"damage":17,"enemies":"Shelled Parasite and Fungi","floor":24,"turns":10},{"damage":31,"enemies":"Slavers","floor":25,"turns":8},{"damage":21,"enemies":"Centurion and Healer","floor":31,"turns":10},{"damage":6,"enemies":"Automaton","floor":33,"turns":6}],"seed_played":"2793213499532763756","potions_obtained":[{"floor":5.0,"key":"AttackPotion"},{"floor":7.0,"key":"SmokeBomb"},{"floor":31,"key":"SteroidPotion"}],"is_trial":false,"path_per_floor":["M","$","?","M","M","R","E","R","T","T","R","?","M","$","R","B",null,"M","?","M","?","?","R","M","E","T","?","?","?","?","M","R","B"],"character_chosen":"IRONCLAD","items_purchased":["Evolve","Armaments"],"campfire_rested":2,"item_purchase_floors":[2,2],"current_hp_per_floor":[72,72,46,43,47,47,18,18,18,18,18,18,14,14,51,44,67,53,71,39,37,37,37,26,15,15,10,10,10,10,7,33,37],"gold":258,"neow_bonus":"HUNDRED_GOLD","is_prod":false,"is_daily":false,"chose_seed":false,"campfire_upgraded":4,"win_rate":0,"timestamp":1556870065,"path_taken":["M","$","?","M","M","R","E","R","T","?","R","?","M","?","R","BOSS","M","?","M","?","?","R","M","E","T","?","?","?","?","M","R","BOSS"],"build_version":"2019-01-23","purchased_purges":2,"victory":false,"max_hp_per_floor":[75,75,75,75,75,75,75,75,75,75,75,75,75,75,75,75,75,75,75,75,37,37,37,37,37,37,37,37,37,37,37,37,37],"card_choices":[{"not_picked":["Iron Wave","Ghostly Armor"],"picked":"Uppercut","floor":1.0},{"not_picked":["Perfected Strike","Pommel Strike","Headbutt"],"picked":"SKIP","floor":4.0},{"not_picked":["Dual Wield","Body Slam","Armaments"],"picked":"SKIP","floor":5.0},{"not_picked":["Body Slam","Wild Strike"],"picked":"Disarm","floor":7.0},{"not_picked":["Sever Soul","Combust","Iron Wave"],"picked":"SKIP","floor":13.0},{"not_picked":["Brutality","Double Tap"],"picked":"Immolate","floor":16.0},{"not_picked":["Spot Weakness","Metallicize"],"picked":"Feel No Pain","floor":18.0},{"not_picked":["Sword Boomerang","Dual Wield+1","True Grit"],"picked":"SKIP","floor":20},{"not_picked":["Carnage","Havoc","True Grit"],"picked":"SKIP","floor":24},{"not_picked":["Dropkick","Spot Weakness"],"picked":"Body Slam","floor":25},{"not_picked":["Cleave+1","Hemokinesis","Carnage"],"picked":"SKIP","floor":31}],"player_experience":808865,"relics_obtained":[{"floor":7.0,"key":"Blood Vial"},{"floor":9.0,"key":"PreservedInsect"},{"floor":10.0,"key":"Regal Pillow"},{"floor":25,"key":"Self Forming Clay"},{"floor":26,"key":"Juzu Bracelet"}],"event_choices":[{"damage_healed":0.0,"max_hp_gain":0.0,"max_hp_loss":0.0,"gold_gain":0.0,"event_name":"Golden Idol","player_choice":"Take Damage","floor":3.0,"gold_loss":0.0,"damage_taken":26.0,"relics_obtained":["Golden Idol"]},{"damage_healed":0.0,"max_hp_gain":0.0,"max_hp_loss":0.0,"gold_gain":0.0,"cards_transformed":["Strike_R"],"event_name":"Living Wall","player_choice":"Change","floor":12.0,"gold_loss":0.0,"damage_taken":0.0,"cards_obtained":["Bludgeon"]},{"damage_healed":0.0,"max_hp_gain":0.0,"max_hp_loss":0.0,"gold_gain":0.0,"event_name":"Colosseum","player_choice":"Fight","floor":19.0,"gold_loss":0.0,"damage_taken":0.0},{"damage_healed":0.0,"max_hp_gain":0.0,"max_hp_loss":0.0,"gold_gain":0.0,"event_name":"Colosseum","player_choice":"Fled From Nobs","floor":19.0,"gold_loss":0.0,"damage_taken":0.0},{"damage_healed":0,"gold_gain":0,"player_choice":"Became a Ghost","damage_taken":0,"max_hp_gain":0,"max_hp_loss":38,"event_name":"Ghosts","floor":21,"gold_loss":0,"cards_obtained":["Ghostly","Ghostly","Ghostly"]},{"damage_healed":0,"gold_gain":0,"player_choice":"Ignored","damage_taken":0,"max_hp_gain":0,"max_hp_loss":0,"event_name":"Vampires","floor":22,"gold_loss":0},{"damage_healed":0,"gold_gain":0,"player_choice":"Damaged","damage_taken":5,"max_hp_gain":0,"max_hp_loss":0,"event_name":"Wheel of Change","floor":27,"gold_loss":0},{"cards_removed":["Bludgeon"],"damage_healed":0,"gold_gain":0,"player_choice":"Gave Gold","damage_taken":0,"max_hp_gain":0,"max_hp_loss":0,"event_name":"Beggar","floor":28,"gold_loss":75},{"damage_healed":0,"gold_gain":0,"player_choice":"Upgraded","damage_taken":0,"max_hp_gain":0,"max_hp_loss":0,"event_name":"Upgrade Shrine","floor":29,"gold_loss":0,"cards_upgraded":["Body Slam"]},{"damage_healed":0,"gold_gain":0,"player_choice":"Copied","damage_taken":0,"max_hp_gain":0,"max_hp_loss":0,"event_name":"Duplicator","floor":30,"gold_loss":0,"cards_obtained":["Feel No Pain"]}],"is_beta":false,"boss_relics":[{"not_picked":["Runic Pyramid","Cursed Key"],"picked":"Astrolabe"}],"items_purged_floors":[2,14],"is_endless":false,"potions_floor_spawned":[5,7,19,31],"killed_by":"Automaton","ascension_level":20}