{"gold_per_floor":[111,111,129,191,191,219,219,230,230,230,257,270,289,28,28,125,125,142,155,9,9,9,9,37,37,83,8,43,58,76,92,92,196,196,214,1,21,35,35,66,85,0,0,13,38,38,48,61,61,61],"floor_reached":50,"playtime":3257,"items_purged":["Offering+1"],"score":576,"play_id":"fa492f54-69b8-4edf-9ca0-85973df111ce","local_time":"20190502225237","is_ascension_mode":true,"campfire_choices":[{"data":"Bash","floor":7,"key":"SMITH"},{"data":"Flame Barrier","floor":10,"key":"SMITH"},{"floor":15,"key":"REST"},{"floor":23,"key":"REST"},{"floor":25,"key":"REST"},{"floor":32,"key":"REST"},{"floor":49,"key":"REST"}],"neow_cost":"TEN_PERCENT_HP_LOSS","seed_source_timestamp":1809614830217700,"circlet_count":0,"master_deck":["Strike_R+1","Strike_R","Strike_R","Strike_R","Defend_R+1","Defend_R+1","Bash+1","Pommel Strike","Clash","Flame Barrier+1","Rampage","Twin Strike","Double Tap","Spot Weakness+1","Infernal Blade","Armaments","Blood for Blood+1","Perfected Strike+1","Shockwave+1","Perfected Strike+1","Metallicize+1","Dark Embrace+1","Rage","Swift Strike","Parasite","Doubt","Flame Barrier"],"relics":["Burning Blood","Ornamental Fan","Bag of Preparation","PreservedInsect","Mercury Hourglass","Orrery","Bag of Marbles","Enchiridion","Matryoshka","Pen Nib","War Paint","The Courier","Astrolabe","HandDrill","Bronze Scales","Red Mask","Blood Vial"],"potions_floor_usage":[13,16,16,28,28,30,31,33,33,38,38,48,48,48,50],"damage_taken":[{"damage":0,"enemies":"2 Louse","floor":1,"turns":4},{"damage":0,"enemies":"Cultist","floor":3,"turns":2},{"damage":37,"enemies":"Gremlin Nob","floor":6,"turns":5},{"damage":0,"enemies":"Small Slimes","floor":8,"turns":2},{"damage":26,"enemies":"Lagavulin","floor":11,"turns":6},{"damage":0,"enemies":"Blue Slaver","floor":12,"turns":2},{"damage":9,"enemies":"Large Slime","floor":13,"turns":3},{"damage":24,"enemies":"Hexaghost","floor":16,"turns":8},{"damage":10,"enemies":"Spheric Guardian","floor":18,"turns":3},{"damage":16,"enemies":"Chosen","floor":19,"turns":5},{"damage":25,"enemies":"Gremlin Leader","floor":24,"turns":6},{"damage":29,"enemies":"Book of Stabbing","floor":28,"turns":4},{"damage":21,"enemies":"Snake Plant","floor":29,"turns":3},{"damage":15,"enemies":"Centurion and Healer","floor":30,"turns":3},{"damage":10,"enemies":"Cultist and Chosen","floor":31,"turns":3},{"damage":48,"enemies":"Collector","floor":33,"turns":5},{"damage":10,"enemies":"Orb Walker","floor":35,"turns":2},{"damage":9,"enemies":"3 Shapes","floor":37,"turns":3},{"damage":14,"enemies":"Jaw Worm Horde","floor":38,"turns":3},{"damage":49,"enemies":"Giant Head","floor":40,"turns":7},{"damage":8,"enemies":"Sphere and 2 Shapes","floor":41,"turns":5},{"damage":0,"enemies":"Writhing Mass","floor":44,"turns":4},{"damage":42,"enemies":"3 Darklings","floor":47,"turns":5},{"damage":38,"enemies":"Transient","floor":48,"turns":5},{"damage":58,"enemies":"Donu and Deca","floor":50,"turns":6}],"seed_played":"8818754452055085422","potions_obtained":[{"floor":3,"key":"Strength Potion"},{"floor":8,"key":"Poison Potion"},{"floor":12,"key":"SkillPotion"},{"floor":13,"key":"LiquidBronze"},{"floor":16,"key":"Poison Potion"},{"floor":19,"key":"Poison Potion"},{"floor":29,"key":"Fire Potion"},{"floor":30,"key":"PowerPotion"},{"floor":31,"key":"Fire Potion"},{"floor":35,"key":"AttackPotion"},{"floor":37,"key":"Fruit Juice"},{"floor":38,"key":"Swift Potion"},{"floor":40,"key":"EntropicBrew"}],"is_trial":false,"path_per_floor":["M","?","M","?","?","E","R","M","T","R","E","M","M","$","R","B",null,"M","M","$","?","$","R","E","R","T","?","E","M","M","M","R","B",null,"M","$","M","M","?","E","M","?","T","M","T","?","M","M","R","B"],"character_chosen":"IRONCLAD","items_purchased":["Mercury Hourglass","Bag of Marbles","HandDrill"],"campfire_rested":5,"item_purchase_floors":[14,20,36],"current_hp_per_floor":[72,82,82,82,66,35,35,41,41,41,21,27,24,24,48,30,82,78,68,68,52,52,76,57,81,81,81,58,43,34,30,54,12,82,78,78,75,72,72,29,27,27,27,33,33,87,51,21,47,0],"gold":61,"neow_bonus":"THREE_RARE_CARDS","is_prod":false,"is_daily":false,"chose_seed":false,"campfire_upgraded":2,"win_rate":0,"timestamp":1556862757,"path_taken":["M","?","?","?","?","E","R","M","T","R","E","M","M","?","R","BOSS","M","M","$","?","$","R","E","R","T","?","E","M","M","M","R","BOSS","M","$","M","M","?","E","M","?","T","M","?","?","?","M","R","BOSS"],"build_version":"2019-01-23","purchased_purges":1,"victory":false,"max_hp_per_floor":[72,82,82,82,82,82,82,82,82,82,82,82,82,82,82,82,82,82,82,82,82,82,82,82,82,82,82,82,82,82,82,82,82,82,82,82,82,87,87,87,87,87,87,87,87,87,87,87,87,87],"card_choices":[{"not_picked":["Immolate","Dark Embrace"],"picked":"Impervious","floor":0},{"not_picked":["Blood for Blood","Disarm"],"picked":"Pommel Strike","floor":1},{"not_picked":["Evolve","Second Wind"],"picked":"Clash","floor":3},{"not_picked":["True Grit","Cleave"],"picked":"Clash","floor":6},{"not_picked":["Body Slam","Iron Wave"],"picked":"Flame Barrier","floor":8},{"not_picked":["True Grit","Seeing Red"],"picked":"Rampage","floor":11},{"not_picked":["Seeing Red","Blood for Blood"],"picked":"Twin Strike","floor":12},{"not_picked":["Battle Trance","Pommel Strike","Searing Blow"],"picked":"SKIP","floor":13},{"not_picked":["Exhume","Berserk"],"picked":"Double Tap","floor":16},{"not_picked":["Ghostly Armor","Cleave"],"picked":"Spot Weakness","floor":17},{"not_picked":["Thunderclap","Headbutt"],"picked":"Infernal Blade","floor":17},{"not_picked":["Impervious","Clash"],"picked":"Armaments","floor":17},{"not_picked":["Battle Trance","Iron Wave+1","Uppercut"],"picked":"SKIP","floor":18},{"not_picked":["Dropkick","Reckless Charge"],"picked":"Blood for Blood+1","floor":19},{"not_picked":["Twin Strike","Cleave","Battle Trance"],"picked":"SKIP","floor":24},{"not_picked":["Cleave+1","Flame Barrier+1"],"picked":"Perfected Strike+1","floor":28},{"not_picked":["Offering","Clash"],"picked":"Shockwave+1","floor":29},{"not_picked":["Entrench","Armaments","Iron Wave+1"],"picked":"SKIP","floor":30},{"not_picked":["Searing Blow","Pommel Strike"],"picked":"Perfected Strike+1","floor":31},{"not_picked":["Headbutt+1","Wild Strike","Inflame"],"picked":"SKIP","floor":35},{"not_picked":["Sentinel","Iron Wave"],"picked":"Rage","floor":37},{"not_picked":["Shrug It Off","Iron Wave+1","Clash"],"picked":"SKIP","floor":38},{"not_picked":["Magnetism","Secret Weapon"],"picked":"Swift Strike","floor":39},{"not_picked":["Twin Strike","Cleave","Shrug It Off+1"],"picked":"SKIP","floor":40},{"not_picked":["Dual Wield","Thunderclap","Flex"],"picked":"SKIP","floor":41},{"not_picked":["Pummel+1","Sentinel","Combust+1"],"picked":"SKIP","floor":44},{"not_picked":["Body Slam+1","Iron Wave+1"],"picked":"Flame Barrier","floor":47},{"not_picked":["Pommel Strike+1","Wild Strike+1","Searing Blow+1"],"picked":"SKIP","floor":48}],"player_experience":444906,"relics_obtained":[{"floor":6,"key":"Ornamental Fan"},{"floor":9,"key":"Bag of Preparation"},{"floor":11,"key":"PreservedInsect"},{"floor":21,"key":"Enchiridion"},{"floor":24,"key":"Matryoshka"},{"floor":26,"key":"Pen Nib"},{"floor":26,"key":"War Paint"},{"floor":28,"key":"The Courier"},{"floor":40,"key":"Bronze Scales"},{"floor":45,"key":"Blood Vial"}],"event_choices":[{"cards_removed":["Impervious"],"damage_healed":0,"gold_gain":0,"player_choice":"Offered Rare","damage_taken":0,"max_hp_gain":10,"max_hp_loss":0,"event_name":"Bonfire Elementals","floor":2,"gold_loss":0},{"damage_healed":0,"gold_gain":62,"player_choice":"Gained Gold","damage_taken":0,"max_hp_gain":0,"max_hp_loss":0,"event_name":"Golden Wing","floor":4,"gold_loss":0},{"damage_healed":0,"gold_gain":0,"player_choice":"Entered Light","damage_taken":16,"max_hp_gain":0,"max_hp_loss":0,"event_name":"Shining Light","floor":5,"gold_loss":0,"cards_upgraded":["Strike_R","Defend_R"]},{"damage_healed":0,"gold_gain":0,"player_choice":"Obtained Book","damage_taken":16,"max_hp_gain":0,"max_hp_loss":0,"event_name":"Cursed Tome","floor":21,"gold_loss":0},{"cards_removed":["Strike_R"],"damage_healed":0,"gold_gain":0,"player_choice":"Gave Gold","damage_taken":0,"max_hp_gain":0,"max_hp_loss":0,"event_name":"Beggar","floor":27,"gold_loss":75},{"damage_healed":0,"gold_gain":0,"player_choice":"Memory 1","damage_taken":0,"max_hp_gain":0,"max_hp_loss":0,"event_name":"SensoryStone","floor":39,"gold_loss":0},{"damage_healed":0,"gold_gain":0,"player_choice":"Paid","damage_taken":0,"relics_obtained":["Red Mask"],"max_hp_gain":0,"max_hp_loss":0,"event_name":"Tomb of Lord Red Mask","floor":42,"gold_loss":85},{"damage_healed":54,"gold_gain":0,"player_choice":"Heal","damage_taken":0,"max_hp_gain":0,"max_hp_loss":0,"event_name":"MindBloom","floor":46,"gold_loss":0,"cards_obtained":["Doubt"]}],"is_beta":false,"boss_relics":[{"not_picked":["Fusion Hammer","Mark of Pain"],"picked":"Orrery"},{"not_picked":["Calling Bell","Sozu"],"picked":"Astrolabe"}],"items_purged_floors":[36],"is_endless":false,"potions_floor_spawned":[3,8,12,13,16,19,29,30,31,35,37,38,40],"killed_by":"Donu and Deca","ascension_level":1}