{"gold_per_floor":[116,126,146,161,141,141,175,194,194,210,544,563,574,608,608,608],"floor_reached":16,"playtime":757,"items_purged":[],"score":257,"play_id":"25265578-525b-4af0-900d-f8c2deff5e48","local_time":"20190711231635","is_ascension_mode":true,"campfire_choices":[{"data":"Carnage","floor":6,"key":"SMITH"},{"data":"Havoc","floor":15,"key":"SMITH"}],"neow_cost":"NONE","seed_source_timestamp":13731692792539,"circlet_count":0,"master_deck":["AscendersBane","Strike_R","Strike_R","Strike_R","Strike_R","Strike_R","Defend_R","Defend_R","Defend_R","Defend_R","Bash","Heavy Blade","Power Through","Carnage+1","Flex","Cleave","Shrug It Off","Ghostly Armor","Havoc+1","Feel No Pain","Twin Strike","Limit Break"],"relics":["Burning Blood","Lantern","Ice Cream","Old Coin","Bottled Tornado"],"potions_floor_usage":[11,14,16],"damage_taken":[{"damage":17,"enemies":"Jaw Worm","floor":1,"turns":9},{"damage":1,"enemies":"Cultist","floor":2,"turns":3},{"damage":0,"enemies":"Small Slimes","floor":3,"turns":3},{"damage":20,"enemies":"Exordium Thugs","floor":4,"turns":5},{"damage":28,"enemies":"Gremlin Nob","floor":7,"turns":4},{"damage":14,"enemies":"Red Slaver","floor":8,"turns":2},{"damage":0,"enemies":"Looter","floor":10,"turns":2},{"damage":0,"enemies":"3 Sentries","floor":11,"turns":8},{"damage":9,"enemies":"Exordium Wildlife","floor":12,"turns":3},{"damage":5,"enemies":"Gremlin Gang","floor":13,"turns":6},{"damage":5,"enemies":"Lagavulin","floor":14,"turns":3},{"damage":48,"enemies":"Hexaghost","floor":16,"turns":11}],"seed_played":"-2804551134310077269","potions_obtained":[{"floor":2,"key":"Explosive Potion"},{"floor":5,"key":"LiquidBronze"},{"floor":10,"key":"Block Potion"},{"floor":12,"key":"SteroidPotion"}],"is_trial":false,"path_per_floor":["M","M","M","M","?","R","E","M","T","M","E","M","M","E","R","B"],"character_chosen":"IRONCLAD","items_purchased":[],"campfire_rested":0,"item_purchase_floors":[],"current_hp_per_floor":[64,69,75,61,61,61,39,31,31,37,43,40,41,42,42,0],"gold":608,"neow_bonus":"TEN_PERCENT_HP_BONUS","is_prod":false,"is_daily":false,"chose_seed":false,"campfire_upgraded":2,"win_rate":0,"timestamp":1562901395,"path_taken":["M","M","M","M","?","R","E","M","T","M","E","M","M","E","R","BOSS"],"build_version":"2019-07-05","purchased_purges":0,"victory":false,"max_hp_per_floor":[82,82,82,82,82,82,82,82,82,82,82,82,82,82,82,82],"card_choices":[{"not_picked":["Iron Wave","Feel No Pain"],"picked":"Heavy Blade","floor":1},{"not_picked":["Fire Breathing","Perfected Strike"],"picked":"Power Through","floor":2},{"not_picked":["Armaments","Thunderclap"],"picked":"Carnage","floor":3},{"not_picked":["Body Slam","Perfected Strike"],"picked":"Flex","floor":4},{"not_picked":["Searing Blow","Twin Strike"],"picked":"Cleave","floor":7},{"not_picked":["Clothesline","Clash"],"picked":"Shrug It Off","floor":8},{"not_picked":["Whirlwind","Evolve"],"picked":"Ghostly Armor","floor":10},{"not_picked":["Hemokinesis","Searing Blow"],"picked":"Havoc","floor":11},{"not_picked":["Havoc","True Grit"],"picked":"Feel No Pain","floor":12},{"not_picked":["Warcry","Sever Soul"],"picked":"Twin Strike","floor":13},{"not_picked":["Flex","Fiend Fire"],"picked":"Limit Break","floor":14}],"player_experience":373519,"relics_obtained":[{"floor":7,"key":"Lantern"},{"floor":9,"key":"Ice Cream"},{"floor":11,"key":"Old Coin"},{"floor":14,"key":"Bottled Tornado"}],"event_choices":[{"damage_healed":0,"gold_gain":0,"player_choice":"Bought 1 Potion","damage_taken":0,"max_hp_gain":0,"max_hp_loss":0,"event_name":"The Woman in Blue","floor":5,"gold_loss":0}],"is_beta":false,"boss_relics":[],"items_purged_floors":[],"is_endless":false,"potions_floor_spawned":[2,8,10,12],"killed_by":"Hexaghost","ascension_level":14}