{"gold_per_floor":[216,231,406,420,9,40,5,5,28,43,43,74,44,64,64,164,164,183,202,117,117,127,127,138,138,162,162,178,178,178,189,189,285,285,304,404,84,100,114,114,149,149,149,180,180,180,180,209,209,209],"floor_reached":51,"playtime":2795,"items_purged":["Doubt"],"score":1045,"play_id":"9ed5ec41-13e1-4898-b17d-8836bb5ab30a","local_time":"20190805225003","is_ascension_mode":true,"campfire_choices":[{"data":"Loop","floor":8.0,"key":"SMITH"},{"floor":11.0,"key":"REST"},{"data":"Rip and Tear","floor":15.0,"key":"SMITH"},{"data":"Zap","floor":25,"key":"SMITH"},{"data":"Consume","floor":30,"key":"SMITH"},{"data":"Go for the Eyes","floor":32,"key":"SMITH"},{"data":"Panacea","floor":40,"key":"SMITH"},{"data":"Biased Cognition","floor":42,"key":"SMITH"},{"data":"Machine Learning","floor":47,"key":"SMITH"},{"data":"Thunder Strike","floor":49,"key":"SMITH"}],"neow_cost":"NONE","seed_source_timestamp":0,"circlet_count":0,"master_deck":["Defend_B","Defend_B+1","Defend_B+1","Defend_B","Zap+1","Dualcast","Genetic Algorithm","Loop+1","Go for the Eyes+1","Seek","Rip and Tear+1","Cold Snap","Electrodynamics","Hologram","Biased Cognition+1","BootSequence+1","Self Repair+1","Cold Snap+1","Genetic Algorithm+1","Cold Snap+1","Steam+1","Ball Lightning","Consume+1","Beam Cell+1","Biased Cognition+1","Ball Lightning+1","Ball Lightning","Panacea+1","Ball Lightning+1","Chaos+1","Machine Learning+1","Thunder Strike+1"],"special_seed":0,"relics":["Cracked Core","ClockworkSouvenir","Bag of Preparation","Happy Flower","Torii","Astrolabe","Sundial","Blood Vial","Black Star","Mango","Strange Spoon","Bottled Lightning","War Paint","Dodecahedron","Art of War","Juzu Bracelet","Omamori","Regal Pillow"],"potions_floor_usage":[19,48,50,50],"damage_taken":[{"damage":7.0,"enemies":"Jaw Worm","floor":1.0,"turns":3.0},{"damage":4.0,"enemies":"Small Slimes","floor":2.0,"turns":3.0},{"damage":0.0,"enemies":"2 Louse","floor":4.0,"turns":1.0},{"damage":41.0,"enemies":"Gremlin Nob","floor":6.0,"turns":4.0},{"damage":8.0,"enemies":"Gremlin Gang","floor":10.0,"turns":5.0},{"damage":6.0,"enemies":"Lagavulin","floor":12.0,"turns":6.0},{"damage":0.0,"enemies":"3 Louse","floor":14.0,"turns":3.0},{"damage":1.0,"enemies":"Slime Boss","floor":16.0,"turns":6.0},{"damage":0,"enemies":"Chosen","floor":18,"turns":4},{"damage":7,"enemies":"2 Thieves","floor":19,"turns":3},{"damage":7,"enemies":"Snake Plant","floor":22,"turns":4},{"damage":1,"enemies":"Sentry and Sphere","floor":24,"turns":6},{"damage":8,"enemies":"Centurion and Healer","floor":28,"turns":5},{"damage":1,"enemies":"Chosen and Byrds","floor":31,"turns":3},{"damage":17,"enemies":"Collector","floor":33,"turns":9},{"damage":9,"enemies":"Orb Walker","floor":35,"turns":4},{"damage":0,"enemies":"Mind Bloom Boss Battle","floor":36,"turns":3},{"damage":1,"enemies":"3 Darklings","floor":38,"turns":3},{"damage":14,"enemies":"4 Shapes","floor":39,"turns":3},{"damage":38,"enemies":"Giant Head","floor":41,"turns":9},{"damage":1,"enemies":"Reptomancer","floor":44,"turns":5},{"damage":1,"enemies":"Giant Head","floor":48,"turns":6},{"damage":34,"enemies":"Time Eater","floor":50,"turns":6}],"seed_played":"8528788396080682997","potions_obtained":[{"floor":2.0,"key":"Energy Potion"},{"floor":4.0,"key":"SteroidPotion"},{"floor":12.0,"key":"Weak Potion"},{"floor":13.0,"key":"Strength Potion"},{"floor":13.0,"key":"SkillPotion"},{"floor":14.0,"key":"Strength Potion"},{"floor":24,"key":"Strength Potion"},{"floor":28,"key":"SkillPotion"},{"floor":31,"key":"Ancient Potion"},{"floor":39,"key":"PowerPotion"},{"floor":48,"key":"FocusPotion"}],"is_trial":false,"path_per_floor":["M","M","?","M","$","E","?","R","T","M","R","E","?","M","R","B",null,"M","M","?","?","M","?","M","R","T","?","M","?","R","M","R","B",null,"M","?","$","M","M","R","E","R","T","E","?","?","R","E","R","B",null],"character_chosen":"DEFECT","items_purchased":["ClockworkSouvenir","Seek","Strange Spoon","Ball Lightning","Panacea"],"campfire_rested":1,"item_purchase_floors":[5,5,37,37,37],"current_hp_per_floor":[61,57,57,57,57,16,34,34,34,26,48,42,42,42,42,41,67,75,75,75,75,75,75,74,74,74,74,75,75,75,75,75,68,73,75,89,89,88,85,85,59,59,59,70,70,70,70,81,81,49],"gold":209,"neow_bonus":"HUNDRED_GOLD","is_prod":false,"is_daily":false,"chose_seed":false,"campfire_upgraded":9,"win_rate":0,"timestamp":1565067003,"path_taken":["M","M","?","M","$","E","?","R","T","M","R","E","?","?","R","BOSS","M","M","?","?","?","?","M","R","T","?","M","?","R","M","R","BOSS","M","?","$","M","M","R","E","R","T","E","?","?","R","E","R","BOSS"],"build_version":"2019-07-18","purchased_purges":1,"victory":true,"max_hp_per_floor":[75,75,75,75,75,75,75,75,75,75,75,75,75,75,75,75,75,75,75,75,75,75,75,75,75,75,75,75,75,75,75,75,75,75,75,89,89,89,89,89,89,89,89,89,85,85,85,85,85,85],"card_choices":[{"not_picked":["Redo","Capacitor"],"picked":"Genetic Algorithm","floor":1.0},{"not_picked":["Lockon","Beam Cell"],"picked":"Loop","floor":2.0},{"not_picked":["Chaos","Barrage"],"picked":"Go for the Eyes","floor":4.0},{"not_picked":["Force Field","FTL"],"picked":"Rip and Tear","floor":6.0},{"not_picked":["Compile Driver","Steam"],"picked":"Cold Snap","floor":10.0},{"not_picked":["Coolheaded","Skim"],"picked":"Electrodynamics","floor":12.0},{"not_picked":["Beam Cell","Coolheaded"],"picked":"Hologram","floor":14.0},{"not_picked":["Buffer","Creative AI"],"picked":"Biased Cognition","floor":16.0},{"not_picked":["Sweeping Beam","Redo+1"],"picked":"Genetic Algorithm+1","floor":18},{"not_picked":["Stack","Aggregate+1"],"picked":"Cold Snap+1","floor":19},{"not_picked":["Barrage","White Noise"],"picked":"Steam+1","floor":22},{"not_picked":["Beam Cell","Reinforced Body"],"picked":"Ball Lightning","floor":24},{"not_picked":["Darkness","Doom and Gloom","Go for the Eyes"],"picked":"SKIP","floor":28},{"not_picked":["Consume","Doom and Gloom+1"],"picked":"Beam Cell+1","floor":31},{"not_picked":["Reboot","Amplify"],"picked":"Biased Cognition","floor":33},{"not_picked":["Compile Driver","Go for the Eyes+1"],"picked":"Ball Lightning+1","floor":35},{"not_picked":["Aggregate+1","Turbo"],"picked":"Ball Lightning+1","floor":38},{"not_picked":["Darkness+1","Compile Driver+1","Gash"],"picked":"SKIP","floor":39},{"not_picked":["Auto Shields+1","Aggregate"],"picked":"Chaos+1","floor":41},{"not_picked":["Storm","Blizzard+1"],"picked":"Machine Learning","floor":44},{"not_picked":["Rebound+1","Consume+1"],"picked":"Thunder Strike","floor":48}],"player_experience":179735,"relics_obtained":[{"floor":6.0,"key":"Bag of Preparation"},{"floor":9.0,"key":"Happy Flower"},{"floor":12.0,"key":"Torii"},{"floor":26,"key":"Blood Vial"},{"floor":36,"key":"Mango"},{"floor":41,"key":"Bottled Lightning"},{"floor":41,"key":"War Paint"},{"floor":43,"key":"Dodecahedron"},{"floor":44,"key":"Art of War"},{"floor":44,"key":"Juzu Bracelet"},{"floor":48,"key":"Omamori"},{"floor":48,"key":"Regal Pillow"}],"event_choices":[{"damage_healed":0.0,"max_hp_gain":0.0,"max_hp_loss":0.0,"gold_gain":175.0,"event_name":"Liars Game","player_choice":"AGREE","floor":3.0,"gold_loss":0.0,"damage_taken":0.0,"cards_obtained":["Doubt"]},{"damage_healed":18.0,"max_hp_gain":0.0,"max_hp_loss":0.0,"gold_gain":0.0,"event_name":"The Cleric","player_choice":"Healed","floor":7.0,"gold_loss":35.0,"damage_taken":0.0},{"damage_healed":0.0,"max_hp_gain":0.0,"max_hp_loss":0.0,"gold_gain":0.0,"event_name":"The Woman in Blue","player_choice":"Bought 2 Potions","floor":13.0,"gold_loss":0.0,"damage_taken":0.0},{"damage_healed":0,"gold_gain":0,"player_choice":"Obtained Relic","damage_taken":0,"relics_obtained":["Sundial"],"max_hp_gain":0,"max_hp_loss":0,"event_name":"Addict","floor":20,"gold_loss":85},{"damage_healed":0,"gold_gain":0,"player_choice":"Upgraded","damage_taken":0,"max_hp_gain":0,"max_hp_loss":0,"event_name":"Upgrade Shrine","floor":21,"gold_loss":0,"cards_upgraded":["Biased Cognition"]},{"damage_healed":0,"gold_gain":0,"player_choice":"Ignored","damage_taken":0,"max_hp_gain":0,"max_hp_loss":0,"event_name":"Vampires","floor":23,"gold_loss":0},{"damage_healed":0,"gold_gain":0,"player_choice":"Read","damage_taken":0,"max_hp_gain":0,"max_hp_loss":0,"event_name":"The Library","floor":27,"gold_loss":0,"cards_obtained":["Consume"]},{"cards_removed":["Strike_B"],"damage_healed":0,"gold_gain":0,"player_choice":"Elegance","damage_taken":0,"max_hp_gain":0,"max_hp_loss":0,"event_name":"Back to Basics","floor":29,"gold_loss":0},{"damage_healed":0,"gold_gain":0,"player_choice":"Fight","damage_taken":0,"max_hp_gain":0,"max_hp_loss":0,"event_name":"MindBloom","floor":36,"gold_loss":0},{"damage_healed":0,"gold_gain":0,"player_choice":"Max HP","damage_taken":0,"max_hp_gain":0,"max_hp_loss":4,"event_name":"Winding Halls","floor":45,"gold_loss":0},{"damage_healed":0,"gold_gain":0,"player_choice":"Memory 1","damage_taken":0,"max_hp_gain":0,"max_hp_loss":0,"event_name":"SensoryStone","floor":46,"gold_loss":0}],"is_beta":true,"boss_relics":[{"not_picked":["Eternal Feather","Runic Dome"],"picked":"Astrolabe"},{"not_picked":["Pandora\u0027s Box","Orrery"],"picked":"Black Star"}],"items_purged_floors":[5],"is_endless":false,"potions_floor_spawned":[2,4,12,14,18,24,28,31,36,39,41,48],"ascension_level":8}