{"gold_per_floor":[118,118,132,25,38,38,71,85,153,153,163,163,238,273,273,368,368,378,378,393,12,24,24,49,49,122,122,122,139,39,51,51,155,155,166,146,49,67,86,86,86],"floor_reached":41,"playtime":2724,"items_purged":["Strike_G","Strike_G"],"score":493,"play_id":"d8bdc6cf-65cb-437a-98cb-f8bb670166d2","local_time":"20181226171421","is_ascension_mode":true,"campfire_choices":[{"data":"Noxious Fumes","floor":6,"key":"SMITH"},{"floor":10,"key":"REST"},{"floor":12,"key":"RECALL"},{"floor":15,"key":"REST"},{"floor":23,"key":"REST"},{"floor":25,"key":"REST"},{"floor":32,"key":"REST"},{"data":"Noxious Fumes","floor":40,"key":"SMITH"}],"neow_cost":"NONE","seed_source_timestamp":2182246489973084,"circlet_count":0,"master_deck":["Defend_G","Defend_G","Defend_G","Defend_G","Defend_G","Strike_G","Strike_G","Strike_G","Survivor","Neutralize","Infinite Blades","Deadly Poison","Bane","Noxious Fumes+1","Footwork","A Thousand Cuts","Poisoned Stab","Backflip","Poisoned Stab","Corpse Explosion","Cloak And Dagger","Dodge and Roll","Bane+1","Catalyst","Poisoned Stab+1","Noxious Fumes+1","Burst","Outmaneuver","Deadly Poison","Deflect","Crippling Poison+1","Slice+1","Leg Sweep","Good Instincts","Catalyst+1","Deflect+1"],"relics":["Ring of the Snake","Pocketwatch","Regal Pillow","Question Card","Runic Pyramid","Paper Crane","Bird Faced Urn","Mercury Hourglass","Molten Egg 2","Orrery"],"potions_floor_usage":[16,18,22,24,29,29,31,33,33,33,38,38],"damage_taken":[{"damage":6,"enemies":"2 Louse","floor":1,"turns":3},{"damage":0,"enemies":"Small Slimes","floor":3,"turns":5},{"damage":1,"enemies":"Jaw Worm","floor":5,"turns":4},{"damage":34,"enemies":"Gremlin Nob","floor":7,"turns":4},{"damage":4,"enemies":"3 Louse","floor":8,"turns":3},{"damage":4,"enemies":"2 Fungi Beasts","floor":11,"turns":3},{"damage":11,"enemies":"Lagavulin","floor":14,"turns":5},{"damage":43,"enemies":"Hexaghost","floor":16,"turns":7},{"damage":6,"enemies":"Shell Parasite","floor":18,"turns":7},{"damage":14,"enemies":"Spheric Guardian","floor":20,"turns":5},{"damage":44,"enemies":"Shelled Parasite and Fungi","floor":22,"turns":7},{"damage":38,"enemies":"Slavers","floor":24,"turns":3},{"damage":11,"enemies":"Sentry and Sphere","floor":29,"turns":6},{"damage":14,"enemies":"Centurion and Healer","floor":31,"turns":4},{"damage":55,"enemies":"Collector","floor":33,"turns":7},{"damage":14,"enemies":"Orb Walker","floor":35,"turns":3},{"damage":6,"enemies":"3 Shapes","floor":38,"turns":4},{"damage":13,"enemies":"Maw","floor":39,"turns":5},{"damage":83,"enemies":"Reptomancer","floor":41,"turns":5}],"seed_played":"-8707443753762401737","potions_obtained":[{"floor":3,"key":"SteroidPotion"},{"floor":11,"key":"Ancient Potion"},{"floor":14,"key":"SkillPotion"},{"floor":16,"key":"EntropicBrew"},{"floor":18,"key":"Fire Potion"},{"floor":20,"key":"Ancient Potion"},{"floor":28,"key":"Block Potion"},{"floor":28,"key":"Explosive Potion"},{"floor":31,"key":"Block Potion"},{"floor":33,"key":"Ancient Potion"},{"floor":35,"key":"LiquidBronze"},{"floor":36,"key":"SneckoOil"}],"is_trial":false,"path_per_floor":["M","?","M","$","M","R","E","M","T","R","M","R","?","E","R","B",null,"M","?","M","$","M","R","E","R","T","?","?","M","$","M","R","B",null,"M","?","$","M","M","R","E"],"character_chosen":"THE_SILENT","items_purchased":["Bane","Noxious Fumes","Bird Faced Urn","Good Instincts"],"campfire_rested":5,"item_purchase_floors":[4,4,21,37],"current_hp_per_floor":[71,68,68,68,67,67,33,29,29,67,63,63,52,41,77,34,77,71,71,57,57,19,57,21,59,59,45,45,38,38,30,69,22,82,68,68,68,68,63,63,0],"gold":86,"neow_bonus":"TEN_PERCENT_HP_BONUS","is_prod":false,"is_daily":false,"chose_seed":false,"campfire_upgraded":2,"win_rate":0,"timestamp":1545804861,"path_taken":["M","?","M","$","M","R","E","M","T","R","M","R","?","E","R","BOSS","M","?","M","$","M","R","E","R","T","?","?","M","$","M","R","BOSS","M","?","$","M","?","R","E"],"build_version":"2018-12-20","purchased_purges":2,"victory":false,"max_hp_per_floor":[77,77,77,77,77,77,77,77,77,77,77,77,77,77,77,77,77,77,77,77,77,77,77,77,77,77,82,82,82,82,82,82,82,82,82,82,82,82,82,82,82],"card_choices":[{"not_picked":["Dagger Throw","Caltrops"],"picked":"Infinite Blades","floor":1},{"not_picked":["Quick Slash","Acrobatics"],"picked":"Deadly Poison","floor":3},{"not_picked":["Blade Dance","Prepared"],"picked":"Footwork","floor":5},{"not_picked":["Predator","Dash"],"picked":"A Thousand Cuts","floor":7},{"not_picked":["Slice","Underhanded Strike"],"picked":"Poisoned Stab","floor":8},{"not_picked":["Prepared","Flechettes"],"picked":"Backflip","floor":11},{"not_picked":["Bane","Acrobatics"],"picked":"Poisoned Stab","floor":14},{"not_picked":["Night Terror","Venomology","Phantasmal Killer"],"picked":"Corpse Explosion","floor":16},{"not_picked":["Poisoned Stab+1","Dodge and Roll","Blade Dance"],"picked":"Cloak And Dagger","floor":18},{"not_picked":["Accuracy","Slice+1","Prepared"],"picked":"Dodge and Roll","floor":20},{"not_picked":["Poisoned Stab","Quick Slash","Cloak And Dagger"],"picked":"Bane+1","floor":22},{"not_picked":["Cloak And Dagger+1","Heel Hook","Slice"],"picked":"Catalyst","floor":24},{"not_picked":["Sucker Punch+1","Quick Slash+1","Bane+1"],"picked":"Poisoned Stab+1","floor":29},{"not_picked":["Outmaneuver+1","Dagger Throw+1","Caltrops+1"],"picked":"Noxious Fumes","floor":31},{"not_picked":["Doppelganger","Phantasmal Killer","Night Terror"],"picked":"Burst","floor":33},{"not_picked":["Prepared","Backflip","Leg Sweep"],"picked":"Outmaneuver","floor":34},{"not_picked":["Outmaneuver","Acrobatics+1","Sucker Punch+1"],"picked":"Deadly Poison","floor":34},{"not_picked":["Bane+1","Quick Slash+1","Dagger Spray+1"],"picked":"Deflect","floor":34},{"not_picked":["Corpse Explosion","Eviscerate+1","Bouncing Flask"],"picked":"Crippling Poison+1","floor":34},{"not_picked":["Acrobatics","Flechettes+1","Backflip"],"picked":"Slice+1","floor":34},{"not_picked":["Poisoned Stab+1","Acrobatics","Prepared+1"],"picked":"Leg Sweep","floor":35},{"not_picked":["Crippling Poison+1","Deflect+1","Accuracy"],"picked":"Catalyst+1","floor":38},{"not_picked":["Dagger Spray+1","Skewer+1","Flying Knee+1"],"picked":"Deflect+1","floor":39}],"player_experience":312756,"relics_obtained":[{"floor":7,"key":"Regal Pillow"},{"floor":14,"key":"Question Card"},{"floor":24,"key":"Mercury Hourglass"},{"floor":26,"key":"Molten Egg 2"}],"event_choices":[{"damage_healed":0,"gold_gain":0,"player_choice":"Success","damage_taken":3,"relics_obtained":["Pocketwatch"],"max_hp_gain":0,"max_hp_loss":0,"event_name":"Scrap Ooze","floor":2,"gold_loss":0},{"damage_healed":0,"gold_gain":75,"player_choice":"Gather Gold","damage_taken":11,"max_hp_gain":0,"max_hp_loss":0,"event_name":"World of Goop","floor":13,"gold_loss":0},{"damage_healed":0,"gold_gain":0,"player_choice":"Opened","damage_taken":0,"relics_obtained":["Paper Crane"],"max_hp_gain":0,"max_hp_loss":0,"event_name":"The Mausoleum","floor":19,"gold_loss":0},{"damage_healed":0,"gold_gain":0,"player_choice":"Shed Blood","damage_taken":19,"max_hp_gain":5,"max_hp_loss":0,"event_name":"Forgotten Altar","floor":27,"gold_loss":0},{"damage_healed":0,"gold_gain":0,"player_choice":"Got Potions","damage_taken":0,"max_hp_gain":0,"max_hp_loss":0,"event_name":"Lab","floor":28,"gold_loss":0},{"damage_healed":0,"gold_gain":0,"player_choice":"Bought 1 Potion","damage_taken":0,"max_hp_gain":0,"max_hp_loss":0,"event_name":"The Woman in Blue","floor":36,"gold_loss":0}],"is_beta":false,"boss_relics":[{"not_picked":["Eternal Feather","Cursed Key"],"picked":"Runic Pyramid"},{"not_picked":["HoveringKite","Coffee Dripper"],"picked":"Orrery"}],"items_purged_floors":[21,30],"is_endless":false,"potions_floor_spawned":[3,11,14,16,18,20,31,33,35],"killed_by":"Reptomancer","ascension_level":1}