{"gold_per_floor":[213,232,26,43,43,43,43,43,43,74,74,94,269,15,15,118,118,131,131,150,167,167,167,202,222,222,222,232,232,259,7,7,107,157,169,188,188,236,9,9,39,39,39,74,174,189,189,201,201,201],"floor_reached":51,"playtime":20712,"items_purged":["Doubt","Defend_G","Defend_G"],"score":890,"play_id":"1f752f44-4ceb-491c-ba11-2045fc286b20","local_time":"20190611220510","is_ascension_mode":true,"campfire_choices":[{"data":"Burst","floor":6,"key":"SMITH"},{"data":"Calculated Gamble","floor":8,"key":"SMITH"},{"data":"Neutralize","floor":11,"key":"SMITH"},{"data":"Deflect","floor":15,"key":"SMITH"},{"data":"Flying Knee","floor":23,"key":"SMITH"},{"floor":27,"key":"REST"},{"data":"Crippling Poison","floor":29,"key":"SMITH"},{"floor":32,"key":"REST"},{"data":"Phantasmal Killer","floor":40,"key":"SMITH"},{"floor":42,"key":"REST"},{"data":"After Image","floor":49,"key":"SMITH"}],"neow_cost":"NONE","seed_source_timestamp":799846037503800,"circlet_count":0,"master_deck":["Defend_G","Defend_G","Survivor","Neutralize+1","Slice","Burst+1","Deflect+1","Calculated Gamble+1","Flying Knee+1","Crippling Poison+1","Corpse Explosion","Swift Strike","Infinite Blades","Doppelganger","Slice","Bite","Bite","Bite","Bite","Bite+1","Prepared","Finisher","Dagger Throw","Leg Sweep+1","PiercingWail","After Image+1","Underhanded Strike","Flash of Steel","Phantasmal Killer+1","Footwork+1","Caltrops+1","Well Laid Plans","Flechettes+1","Catalyst","Acrobatics+1","Blur+1","Dodge and Roll+1"],"relics":["Ring of the Snake","Membership Card","Tingsha","Bottled Flame","Lee\u0027s Waffle","Sozu","Regal Pillow","Vajra","Question Card","Bag of Preparation","Tiny House","Pen Nib","Mercury Hourglass","Potion Belt","Bottled Tornado","Centennial Puzzle","Tough Bandages"],"potions_floor_usage":[10,16],"damage_taken":[{"damage":7,"enemies":"2 Louse","floor":1,"turns":3},{"damage":0,"enemies":"Cultist","floor":2,"turns":4},{"damage":0,"enemies":"Jaw Worm","floor":4,"turns":7},{"damage":42,"enemies":"Gremlin Nob","floor":10,"turns":5},{"damage":3,"enemies":"Large Slime","floor":12,"turns":5},{"damage":61,"enemies":"Slime Boss","floor":16,"turns":13},{"damage":22,"enemies":"Spheric Guardian","floor":18,"turns":4},{"damage":13,"enemies":"Shell Parasite","floor":20,"turns":7},{"damage":7,"enemies":"Centurion and Healer","floor":21,"turns":5},{"damage":47,"enemies":"Book of Stabbing","floor":24,"turns":6},{"damage":16,"enemies":"3 Cultists","floor":25,"turns":3},{"damage":16,"enemies":"Chosen and Byrds","floor":28,"turns":5},{"damage":12,"enemies":"Gremlin Leader","floor":30,"turns":6},{"damage":40,"enemies":"Automaton","floor":33,"turns":11},{"damage":5,"enemies":"3 Darklings","floor":35,"turns":5},{"damage":14,"enemies":"Orb Walker","floor":36,"turns":3},{"damage":21,"enemies":"Reptomancer","floor":41,"turns":5},{"damage":0,"enemies":"Nemesis","floor":44,"turns":9},{"damage":0,"enemies":"Mind Bloom Boss Battle","floor":45,"turns":7},{"damage":0,"enemies":"4 Shapes","floor":46,"turns":1},{"damage":0,"enemies":"Maw","floor":48,"turns":8},{"damage":31,"enemies":"Time Eater","floor":50,"turns":14}],"seed_played":"5244913666089542878","potions_obtained":[{"floor":4,"key":"Poison Potion"},{"floor":10,"key":"Explosive Potion"}],"is_trial":false,"path_per_floor":["M","M","$","M","$","R","?","R","T","E","R","M","?","$","R","B",null,"M","?","M","M","?","R","E","M","T","R","M","R","E","$","R","B",null,"M","M","?","T","$","R","E","R","T","E","?","M","?","M","R","B",null],"character_chosen":"THE_SILENT","items_purchased":["Membership Card","Deflect","Lee\u0027s Waffle","Corpse Explosion","Swift Strike","Infinite Blades","After Image","Bag of Preparation","Underhanded Strike","Flash of Steel","Mercury Hourglass","Well Laid Plans"],"campfire_rested":3,"item_purchase_floors":[3,3,14,14,14,14,31,31,31,31,39,39],"current_hp_per_floor":[63,63,63,63,63,63,63,63,63,21,21,18,18,77,77,16,77,55,53,50,52,52,52,17,11,11,41,35,35,35,35,53,31,58,58,44,44,44,44,44,34,58,58,58,58,58,58,58,58,42],"gold":201,"neow_bonus":"HUNDRED_GOLD","is_prod":false,"is_daily":false,"chose_seed":false,"campfire_upgraded":8,"win_rate":0,"timestamp":1560315910,"path_taken":["M","M","$","M","$","R","?","R","T","E","R","?","?","$","R","BOSS","M","?","M","M","?","R","E","?","T","R","M","R","E","$","R","BOSS","M","?","?","?","$","R","E","R","T","E","?","M","?","M","R","BOSS"],"build_version":"2019-01-23","purchased_purges":3,"victory":true,"max_hp_per_floor":[70,70,70,70,70,70,70,70,70,70,70,70,70,77,77,77,77,77,53,53,53,53,53,53,53,53,53,53,53,53,53,53,53,58,58,58,58,58,58,58,58,58,58,58,58,58,58,58,58,58],"card_choices":[{"not_picked":["Backflip","Blade Dance"],"picked":"Slice","floor":1},{"not_picked":["Slice","PiercingWail"],"picked":"Burst","floor":2},{"not_picked":["Expertise","Concentrate"],"picked":"Calculated Gamble","floor":4},{"not_picked":["Dash","PiercingWail"],"picked":"Flying Knee","floor":10},{"not_picked":["Deadly Poison","Bouncing Flask"],"picked":"Crippling Poison","floor":12},{"not_picked":["Burst","Storm of Steel"],"picked":"Doppelganger","floor":16},{"not_picked":["Concentrate","Dagger Spray"],"picked":"Slice","floor":18},{"not_picked":["PiercingWail","Predator"],"picked":"Prepared","floor":20},{"not_picked":["Flying Knee+1","Sucker Punch"],"picked":"Finisher","floor":21},{"not_picked":["Glass Knife","Dodge and Roll"],"picked":"Dagger Throw","floor":24},{"not_picked":["Outmaneuver","Cloak And Dagger","Flying Knee"],"picked":"SKIP","floor":25},{"not_picked":["Bane","Quick Slash+1"],"picked":"Leg Sweep+1","floor":28},{"not_picked":["Tactician","Quick Slash"],"picked":"PiercingWail","floor":30},{"not_picked":["Doppelganger","Burst","Bullet Time"],"picked":"Phantasmal Killer","floor":33},{"not_picked":["Eviscerate","Distraction","Unload"],"picked":"Footwork+1","floor":35},{"not_picked":["Footwork","Dodge and Roll+1","Acrobatics"],"picked":"Caltrops+1","floor":36},{"not_picked":["Flying Knee+1","Underhanded Strike+1","All Out Attack"],"picked":"Flechettes+1","floor":41},{"not_picked":["Sucker Punch+1","Endless Agony+1","Accuracy"],"picked":"Catalyst","floor":44},{"not_picked":["Setup+1","Quick Slash+1","Leg Sweep+1"],"picked":"Acrobatics+1","floor":45},{"not_picked":["Quick Slash","Sucker Punch+1","Escape Plan+1"],"picked":"Blur+1","floor":46},{"not_picked":["Acrobatics","Cloak And Dagger+1","Riddle With Holes+1"],"picked":"Dodge and Roll+1","floor":48}],"player_experience":551701,"relics_obtained":[{"floor":9,"key":"Tingsha"},{"floor":10,"key":"Bottled Flame"},{"floor":24,"key":"Regal Pillow"},{"floor":26,"key":"Vajra"},{"floor":30,"key":"Question Card"},{"floor":38,"key":"Pen Nib"},{"floor":41,"key":"Potion Belt"},{"floor":43,"key":"Bottled Tornado"},{"floor":44,"key":"Centennial Puzzle"},{"floor":45,"key":"Tough Bandages"}],"event_choices":[{"cards_removed":["Defend_G"],"damage_healed":0,"gold_gain":0,"player_choice":"Offered Basic","damage_taken":0,"max_hp_gain":0,"max_hp_loss":0,"event_name":"Bonfire Elementals","floor":7,"gold_loss":0},{"damage_healed":0,"gold_gain":175,"player_choice":"AGREE","damage_taken":0,"max_hp_gain":0,"max_hp_loss":0,"event_name":"Liars Game","floor":13,"gold_loss":0,"cards_obtained":["Doubt"]},{"damage_healed":0,"gold_gain":0,"player_choice":"Became a vampire","damage_taken":0,"max_hp_gain":0,"max_hp_loss":24,"event_name":"Vampires","floor":19,"gold_loss":0,"cards_obtained":["Bite","Bite","Bite","Bite","Bite"]},{"damage_healed":0,"gold_gain":0,"player_choice":"Got Potions","damage_taken":0,"max_hp_gain":0,"max_hp_loss":0,"event_name":"Lab","floor":22,"gold_loss":0},{"damage_healed":0,"gold_gain":0,"player_choice":"Ignored","damage_taken":0,"max_hp_gain":0,"max_hp_loss":0,"event_name":"Tomb of Lord Red Mask","floor":37,"gold_loss":0},{"damage_healed":0,"gold_gain":0,"player_choice":"Fight","damage_taken":0,"max_hp_gain":0,"max_hp_loss":0,"event_name":"MindBloom","floor":45,"gold_loss":0},{"damage_healed":0,"gold_gain":0,"player_choice":"Ignored","damage_taken":0,"max_hp_gain":0,"max_hp_loss":0,"event_name":"Mysterious Sphere","floor":47,"gold_loss":0}],"is_beta":false,"boss_relics":[{"not_picked":["Ring of the Serpent","Empty Cage"],"picked":"Sozu"},{"not_picked":["Coffee Dripper","Runic Dome"],"picked":"Tiny House"}],"items_purged_floors":[14,31,39],"is_endless":false,"potions_floor_spawned":[4,10,21,24,28,35,41,46,48],"ascension_level":2}