{"gold_per_floor":[117,117,133,78,96,96,126,140,140,140,155,166,194,194,194,194],"floor_reached":16,"playtime":388,"items_purged":[],"score":224,"play_id":"daf0c956-d0c6-4307-ae1a-7b3940dc9b7a","local_time":"20190618212731","is_ascension_mode":true,"campfire_choices":[{"data":"Streamline","floor":6.0,"key":"SMITH"},{"data":"Fission","floor":10.0,"key":"SMITH"},{"floor":15.0,"key":"REST"}],"neow_cost":"NONE","seed_source_timestamp":36515785638745,"circlet_count":0,"master_deck":["AscendersBane","Strike_B","Strike_B","Strike_B","Defend_B","Defend_B","Defend_B","Defend_B","Zap","Dualcast","Streamline+1","Consume","Recycle","Ball Lightning","Fission+1","Turbo","Coolheaded"],"special_seed":0,"relics":["Cracked Core","NeowsBlessing","Dodecahedron","Kunai","Bronze Scales"],"potions_floor_usage":[],"damage_taken":[{"damage":0.0,"enemies":"2 Louse","floor":1.0,"turns":1.0},{"damage":0.0,"enemies":"Cultist","floor":3.0,"turns":1.0},{"damage":0.0,"enemies":"Small Slimes","floor":5.0,"turns":1.0},{"damage":32.0,"enemies":"Gremlin Nob","floor":7.0,"turns":4.0},{"damage":8.0,"enemies":"2 Fungi Beasts","floor":8.0,"turns":3.0},{"damage":1.0,"enemies":"Exordium Thugs","floor":11.0,"turns":4.0},{"damage":0.0,"enemies":"Blue Slaver","floor":12.0,"turns":1.0},{"damage":12.0,"enemies":"Lagavulin","floor":13.0,"turns":6.0},{"damage":30,"enemies":"Slime Boss","floor":16,"turns":6}],"seed_played":"7115096646169789529","potions_obtained":[{"floor":3.0,"key":"FearPotion"},{"floor":5.0,"key":"AttackPotion"},{"floor":8.0,"key":"SteroidPotion"}],"is_trial":false,"path_per_floor":["M","?","M","$","M","R","E","M","T","R","M","M","E","?","R","B"],"character_chosen":"DEFECT","items_purchased":["Ball Lightning"],"campfire_rested":1,"item_purchase_floors":[4],"current_hp_per_floor":[64,64,64,64,64,64,32,24,24,24,23,23,11,11,32,2],"gold":194,"neow_bonus":"THREE_ENEMY_KILL","is_prod":false,"is_daily":false,"chose_seed":false,"campfire_upgraded":2,"win_rate":0,"timestamp":1560864451,"path_taken":["M","?","?","$","M","R","E","M","T","R","M","?","E","?","R","BOSS"],"build_version":"2019-01-23","purchased_purges":0,"victory":false,"max_hp_per_floor":[71,71,71,71,71,71,71,71,71,71,71,71,71,71,71,71],"card_choices":[{"not_picked":["Coolheaded","Chaos"],"picked":"Streamline","floor":1.0},{"not_picked":["FTL","Fusion"],"picked":"Recycle","floor":3.0},{"not_picked":["Stack","Hologram","Barrage"],"picked":"SKIP","floor":5.0},{"not_picked":["Undo","Cold Snap"],"picked":"Fission","floor":7.0},{"not_picked":["Go for the Eyes","Reprogram"],"picked":"Turbo","floor":8.0},{"not_picked":["Darkness","Conserve Battery"],"picked":"Coolheaded","floor":11.0},{"not_picked":["Conserve Battery","Sweeping Beam","Hologram"],"picked":"SKIP","floor":12.0},{"not_picked":["Cold Snap","Redo","Fission"],"picked":"SKIP","floor":13.0}],"player_experience":965404,"relics_obtained":[{"floor":7.0,"key":"Dodecahedron"},{"floor":9.0,"key":"Kunai"}],"event_choices":[{"damage_healed":0.0,"max_hp_gain":0.0,"max_hp_loss":0.0,"gold_gain":0.0,"cards_transformed":["Strike_B"],"event_name":"Transmorgrifier","player_choice":"Transformed","floor":2.0,"gold_loss":0.0,"damage_taken":0.0,"cards_obtained":["Consume"]},{"damage_healed":0.0,"max_hp_gain":0.0,"max_hp_loss":0.0,"gold_gain":0.0,"event_name":"Dead Adventurer","player_choice":"Searched \u00271\u0027 times","floor":14.0,"gold_loss":0.0,"damage_taken":0.0,"relics_obtained":["Bronze Scales"]}],"is_beta":false,"boss_relics":[],"items_purged_floors":[],"is_endless":false,"potions_floor_spawned":[3,5,8],"killed_by":"Slime Boss","ascension_level":20}