{"gold_per_floor":[114,114,36,52,116,116,131,106,106,106,156,190,201,235,235,313,313,326,386,486,505,505],"floor_reached":22,"playtime":586,"items_purged":["Strike_R"],"score":392,"play_id":"1c51ec2b-b0f2-420e-84ac-06db21c5335e","local_time":"20190518193143","is_ascension_mode":true,"campfire_choices":[{"data":"Immolate","floor":6,"key":"SMITH"},{"data":"Pommel Strike","floor":10,"key":"SMITH"},{"floor":15,"key":"REST"}],"neow_cost":"TEN_PERCENT_HP_LOSS","seed_source_timestamp":159201940708676,"circlet_count":0,"master_deck":["AscendersBane","Strike_R","Strike_R","Strike_R","Defend_R","Defend_R","Defend_R","Bash","Pommel Strike+1","Burning Pact","Immolate+1","Warcry+1","Battle Trance+1","Inflame"],"special_seed":0,"relics":["Burning Blood","SsserpentHead","Shuriken","Toxic Egg 2","Dodecahedron","Gremlin Horn","Runic Dome"],"potions_floor_usage":[16,16],"damage_taken":[{"damage":16.0,"enemies":"Jaw Worm","floor":1.0,"turns":4.0},{"damage":6,"enemies":"Cultist","floor":4,"turns":3},{"damage":0,"enemies":"2 Louse","floor":5,"turns":1},{"damage":9,"enemies":"Red Slaver","floor":7,"turns":2},{"damage":20,"enemies":"3 Sentries","floor":12,"turns":3},{"damage":6,"enemies":"Blue Slaver","floor":13,"turns":3},{"damage":32,"enemies":"Gremlin Nob","floor":14,"turns":4},{"damage":20,"enemies":"Slime Boss","floor":16,"turns":7},{"damage":11,"enemies":"Spheric Guardian","floor":18,"turns":3},{"damage":20,"enemies":"3 Byrds","floor":19,"turns":3},{"damage":27,"enemies":"Snecko","floor":21,"turns":4},{"damage":1,"enemies":"Chosen and Byrds","floor":22,"turns":2}],"seed_played":"5900918770190939205","potions_obtained":[{"floor":7,"key":"Weak Potion"},{"floor":12,"key":"Explosive Potion"},{"floor":14,"key":"Regen Potion"},{"floor":19,"key":"Energy Potion"},{"floor":21,"key":"SteroidPotion"}],"is_trial":false,"path_per_floor":["M","?","$","M","M","R","M","$","T","R","T","E","M","E","R","B",null,"M","M","?","M","M"],"character_chosen":"IRONCLAD","items_purchased":["Burning Pact"],"campfire_rested":1,"item_purchase_floors":[3],"current_hp_per_floor":[58,58,58,58,64,64,61,61,61,61,61,47,47,21,41,42,62,57,43,43,22,21],"gold":505,"neow_bonus":"REMOVE_TWO","is_prod":false,"is_daily":false,"chose_seed":false,"campfire_upgraded":2,"win_rate":0,"timestamp":1558179103,"path_taken":["M","?","$","M","?","R","M","?","T","R","?","E","M","E","R","BOSS","M","?","?","M","M"],"build_version":"2019-01-23","purchased_purges":1,"victory":false,"max_hp_per_floor":[68,68,68,68,68,68,68,68,68,68,68,68,68,68,68,68,68,68,68,68,68,68],"card_choices":[{"not_picked":["Twin Strike","Iron Wave"],"picked":"Pommel Strike","floor":1.0},{"not_picked":["Headbutt","Wild Strike"],"picked":"Immolate","floor":4},{"not_picked":["Headbutt","Body Slam","Flex"],"picked":"SKIP","floor":5},{"not_picked":["Thunderclap","Fiend Fire","Flex"],"picked":"SKIP","floor":7},{"not_picked":["Heavy Blade","Combust","Body Slam"],"picked":"SKIP","floor":12},{"not_picked":["Iron Wave","Sword Boomerang","Cleave"],"picked":"SKIP","floor":13},{"not_picked":["Pommel Strike","Headbutt"],"picked":"Warcry+1","floor":14},{"not_picked":["Shockwave+1","Combust"],"picked":"Battle Trance+1","floor":18},{"not_picked":["Spot Weakness+1","Body Slam"],"picked":"Inflame","floor":19},{"not_picked":["Clothesline","Twin Strike+1","Whirlwind"],"picked":"SKIP","floor":21}],"player_experience":877566,"relics_obtained":[{"floor":9,"key":"Shuriken"},{"floor":11,"key":"Toxic Egg 2"},{"floor":12,"key":"Dodecahedron"},{"floor":14,"key":"Gremlin Horn"}],"event_choices":[{"damage_healed":0.0,"max_hp_gain":0.0,"max_hp_loss":0.0,"gold_gain":0.0,"event_name":"FaceTrader","player_choice":"Trade","floor":2.0,"gold_loss":0.0,"damage_taken":0.0,"relics_obtained":["SsserpentHead"]},{"damage_healed":0,"gold_gain":50,"player_choice":"Pray","damage_taken":0,"max_hp_gain":0,"max_hp_loss":0,"event_name":"Golden Shrine","floor":20,"gold_loss":0}],"is_beta":false,"boss_relics":[{"not_picked":["White Beast Statue","Black Blood"],"picked":"Runic Dome"}],"items_purged_floors":[8],"is_endless":false,"potions_floor_spawned":[7,12,13,14,19,21],"killed_by":"Chosen and Byrds","ascension_level":20}