{"gold_per_floor":[114,127,182,182,207,207,251,251,251,251],"floor_reached":10,"playtime":154,"items_purged":[],"score":132,"play_id":"5996984a-e60a-4eae-a781-0e49bd42b859","local_time":"20190809141943","is_ascension_mode":true,"campfire_choices":[{"data":"Envenom","floor":6.0,"key":"SMITH"}],"neow_cost":"NONE","seed_source_timestamp":5278012781799,"circlet_count":0,"master_deck":["AscendersBane","Strike_G","Strike_G","Strike_G","Strike_G","Strike_G","Defend_G","Defend_G","Defend_G","Defend_G","Survivor","Neutralize","Bane","Tactician","Envenom+1"],"special_seed":0,"relics":["Ring of the Snake","NeowsBlessing","Potion Belt","Golden Idol","Boot","Ninja Scroll"],"potions_floor_usage":[10],"damage_taken":[{"damage":0.0,"enemies":"Cultist","floor":1.0,"turns":1.0},{"damage":0.0,"enemies":"Small Slimes","floor":2.0,"turns":1.0},{"damage":0.0,"enemies":"2 Louse","floor":5.0,"turns":1.0},{"damage":32.0,"enemies":"Gremlin Nob","floor":7.0,"turns":4.0},{"damage":29,"enemies":"Lagavulin","floor":10,"turns":5}],"seed_played":"-4093194971677865070","potions_obtained":[{"floor":7.0,"key":"AttackPotion"}],"is_trial":false,"path_per_floor":["M","M","T","?","M","R","E","?","T","E"],"character_chosen":"THE_SILENT","items_purchased":[],"campfire_rested":0,"item_purchase_floors":[],"current_hp_per_floor":[59,59,59,59,59,59,27,27,27,0],"gold":251,"neow_bonus":"THREE_ENEMY_KILL","is_prod":false,"is_daily":false,"chose_seed":false,"campfire_upgraded":1,"win_rate":0,"timestamp":1565331583,"path_taken":["M","?","?","?","M","R","E","?","T","E"],"build_version":"2019-07-17","purchased_purges":0,"victory":false,"max_hp_per_floor":[66,66,66,60,60,60,60,60,60,60],"card_choices":[{"not_picked":["Outmaneuver","PiercingWail"],"picked":"Bane","floor":1.0},{"not_picked":["Slice","Quick Slash"],"picked":"Tactician","floor":2.0},{"not_picked":["Bane","Slice"],"picked":"Envenom","floor":5.0},{"not_picked":["Concentrate","Poisoned Stab","Accuracy"],"picked":"SKIP","floor":7.0}],"player_experience":1163748,"relics_obtained":[{"floor":3.0,"key":"Potion Belt"},{"floor":7.0,"key":"Boot"},{"floor":9.0,"key":"Ninja Scroll"}],"event_choices":[{"damage_healed":0.0,"max_hp_gain":0.0,"max_hp_loss":6.0,"gold_gain":0.0,"event_name":"Golden Idol","player_choice":"Lose Max HP","floor":4.0,"gold_loss":0.0,"damage_taken":0.0,"relics_obtained":["Golden Idol"]},{"cards_removed":["Defend_G"],"damage_healed":0.0,"max_hp_gain":0.0,"max_hp_loss":0.0,"gold_gain":0.0,"event_name":"Living Wall","player_choice":"Forget","floor":8.0,"gold_loss":0.0,"damage_taken":0.0}],"is_beta":false,"boss_relics":[],"items_purged_floors":[],"is_endless":false,"potions_floor_spawned":[7],"killed_by":"Lagavulin","ascension_level":20}