{"gold_per_floor":[112,112,112,129,129,155,155,0,0,13,43,43,56,68,68,68],"floor_reached":16,"playtime":518,"items_purged":["Strike_G"],"score":270,"play_id":"38c17654-356d-48d9-8413-151b095b69bf","local_time":"20190624175548","is_ascension_mode":true,"campfire_choices":[{"data":"Flechettes","floor":7,"key":"SMITH"},{"data":"Acrobatics","floor":12,"key":"SMITH"},{"data":"Noxious Fumes","floor":15,"key":"SMITH"}],"neow_cost":"NONE","seed_source_timestamp":542240507375926,"circlet_count":0,"master_deck":["AscendersBane","Defend_G","Defend_G","Defend_G","Defend_G","Defend_G","Strike_G","Strike_G","Strike_G","Strike_G","Survivor","Neutralize","Footwork","Acrobatics+1","Flechettes+1","Noxious Fumes+1","Well Laid Plans"],"relics":["Ring of the Snake","NeowsBlessing","Dodecahedron","Anchor","Gremlin Horn"],"potions_floor_usage":[11,11,16],"damage_taken":[{"damage":0,"enemies":"Cultist","floor":1,"turns":1},{"damage":0,"enemies":"2 Louse","floor":4,"turns":1},{"damage":0,"enemies":"3 Sentries","floor":6,"turns":1},{"damage":0,"enemies":"Small Slimes","floor":10,"turns":4},{"damage":32,"enemies":"Gremlin Nob","floor":11,"turns":4},{"damage":0,"enemies":"Blue Slaver","floor":13,"turns":4},{"damage":2,"enemies":"Looter","floor":14,"turns":3},{"damage":32,"enemies":"Hexaghost","floor":16,"turns":11}],"seed_played":"1831224437408558195","potions_obtained":[{"floor":1,"key":"EssenceOfSteel"},{"floor":10,"key":"AttackPotion"},{"floor":14,"key":"GamblersBrew"}],"is_trial":false,"path_per_floor":["M","?","?","M","?","E","R","$","T","M","E","R","M","M","R","B"],"character_chosen":"THE_SILENT","items_purchased":["Noxious Fumes"],"campfire_rested":0,"item_purchase_floors":[8],"current_hp_per_floor":[59,41,63,63,63,63,63,63,63,63,31,31,31,29,29,0],"gold":68,"neow_bonus":"THREE_ENEMY_KILL","is_prod":false,"is_daily":false,"chose_seed":false,"campfire_upgraded":3,"win_rate":0,"timestamp":1561370148,"path_taken":["M","?","?","M","?","E","R","?","T","M","E","R","M","M","R","BOSS"],"build_version":"2019-01-23","purchased_purges":1,"victory":false,"max_hp_per_floor":[66,66,66,66,66,66,66,66,66,66,66,66,66,66,66,66],"card_choices":[{"not_picked":["Concentrate","Dodge and Roll"],"picked":"Footwork","floor":1},{"not_picked":["Sucker Punch","Calculated Gamble"],"picked":"Acrobatics","floor":4},{"not_picked":["Outmaneuver","Deflect"],"picked":"Flechettes","floor":6},{"not_picked":["Dodge and Roll","Sucker Punch","Underhanded Strike"],"picked":"SKIP","floor":10},{"not_picked":["Accuracy","Dagger Throw"],"picked":"Well Laid Plans","floor":11},{"not_picked":["Well Laid Plans","Deadly Poison","Caltrops"],"picked":"SKIP","floor":13},{"not_picked":["Slice","Choke","Dash"],"picked":"SKIP","floor":14}],"player_experience":1017553,"relics_obtained":[{"floor":6,"key":"Anchor"},{"floor":11,"key":"Gremlin Horn"}],"event_choices":[{"damage_healed":0,"gold_gain":0,"player_choice":"Success","damage_taken":18,"relics_obtained":["Dodecahedron"],"max_hp_gain":0,"max_hp_loss":0,"event_name":"Scrap Ooze","floor":2,"gold_loss":0},{"damage_healed":22,"gold_gain":0,"player_choice":"Banana","damage_taken":0,"max_hp_gain":0,"max_hp_loss":0,"event_name":"Big Fish","floor":3,"gold_loss":0},{"damage_healed":0,"gold_gain":0,"player_choice":"Ignored","damage_taken":0,"max_hp_gain":0,"max_hp_loss":0,"event_name":"Liars Game","floor":5,"gold_loss":0}],"is_beta":false,"boss_relics":[],"items_purged_floors":[8],"is_endless":false,"potions_floor_spawned":[1,10,14],"killed_by":"Hexaghost","ascension_level":20}