{"gold_per_floor":[109,109,125,137,137,167,167,12,12,22,22,22,49,66,66,161,161,178,178,178,178,190,190,202,202],"floor_reached":25,"playtime":1553,"items_purged":[],"score":236,"play_id":"137ebb98-cdba-4a37-af50-75fcd30950fe","local_time":"20190101003329","is_ascension_mode":false,"campfire_choices":[{"data":"Hologram","floor":7,"key":"SMITH"},{"data":"Rebound","floor":12,"key":"SMITH"},{"floor":15,"key":"REST"},{"data":"Sunder","floor":23,"key":"SMITH"}],"neow_cost":"NONE","seed_source_timestamp":123208549437371,"circlet_count":0,"master_deck":["Zap","Dualcast","Hologram+1","Go for the Eyes","Conserve Battery","Doom and Gloom","Rebound+1","Reprogram","Self Repair","Echo Form","BootSequence","Hyperbeam","Go for the Eyes","Hyperbeam","Double Energy","Heatsinks","Tempest","Static Discharge","Stack","Sunder+1","Bite","Bite","Bite","Bite","Bite","Sunder","Sunder","Aggregate+1"],"relics":["Cracked Core","DataDisk","Darkstone Periapt","PreservedInsect","Shuriken","Whetstone","Pandora\u0027s Box"],"potions_floor_usage":[6,16,25],"damage_taken":[{"damage":0,"enemies":"2 Louse","floor":1,"turns":3},{"damage":3,"enemies":"Cultist","floor":3,"turns":3},{"damage":0,"enemies":"Small Slimes","floor":4,"turns":3},{"damage":6,"enemies":"Lagavulin","floor":6,"turns":6},{"damage":1,"enemies":"Red Slaver","floor":10,"turns":4},{"damage":22,"enemies":"3 Sentries","floor":13,"turns":4},{"damage":12,"enemies":"3 Louse","floor":14,"turns":2},{"damage":40,"enemies":"The Guardian","floor":16,"turns":10},{"damage":0,"enemies":"Chosen","floor":18,"turns":3},{"damage":20,"enemies":"3 Byrds","floor":22,"turns":4},{"damage":15,"enemies":"Snake Plant","floor":24,"turns":3},{"damage":39,"enemies":"Slavers","floor":25,"turns":4}],"seed_played":"5093596763619334391","potions_obtained":[{"floor":3,"key":"Weak Potion"},{"floor":13,"key":"Regen Potion"},{"floor":14,"key":"PowerPotion"},{"floor":16,"key":"Dexterity Potion"},{"floor":18,"key":"FocusPotion"}],"is_trial":false,"path_per_floor":["M","?","M","M","?","E","R","$","T","M","$","R","E","M","R","B",null,"M","?","?","?","M","R","M","E"],"character_chosen":"DEFECT","items_purchased":["PreservedInsect"],"campfire_rested":1,"item_purchase_floors":[8],"current_hp_per_floor":[75,75,72,72,77,71,71,71,71,70,70,70,48,36,60,20,80,80,80,56,56,47,47,34,0],"gold":202,"neow_bonus":"RANDOM_COMMON_RELIC","is_prod":false,"is_daily":false,"chose_seed":false,"campfire_upgraded":3,"win_rate":0,"timestamp":1546263209,"path_taken":["M","?","?","M","?","E","R","$","T","M","$","R","E","M","R","BOSS","M","?","?","?","?","R","M","E"],"build_version":"2018-12-20","purchased_purges":0,"victory":false,"max_hp_per_floor":[75,75,75,75,80,80,80,80,80,80,80,80,80,80,80,80,80,80,80,56,56,56,56,56,56],"card_choices":[{"not_picked":["Leap","Sweeping Beam"],"picked":"Hologram","floor":1},{"not_picked":["Stack","Heatsinks"],"picked":"Go for the Eyes","floor":3},{"not_picked":["Barrage","Steam"],"picked":"Conserve Battery","floor":4},{"not_picked":["Hologram","Compile Driver"],"picked":"Doom and Gloom","floor":6},{"not_picked":["Blizzard","Conserve Battery"],"picked":"Rebound","floor":10},{"not_picked":["Darkness","Steam"],"picked":"Reprogram","floor":13},{"not_picked":["Ball Lightning","Capacitor"],"picked":"Self Repair","floor":14},{"not_picked":["All For One","Rainbow"],"picked":"Echo Form","floor":16},{"not_picked":["Go for the Eyes","Consume"],"picked":"Stack","floor":18},{"not_picked":["Cold Snap","Chill"],"picked":"Sunder","floor":22},{"not_picked":["Coolheaded","Conserve Battery"],"picked":"Aggregate+1","floor":24}],"player_experience":371068,"relics_obtained":[{"floor":6,"key":"Darkstone Periapt"},{"floor":9,"key":"Shuriken"},{"floor":13,"key":"Whetstone"}],"event_choices":[{"cards_removed":["Strike_B"],"damage_healed":0,"gold_gain":0,"player_choice":"Took Card","damage_taken":0,"max_hp_gain":0,"max_hp_loss":0,"event_name":"NoteForYourself","floor":2,"gold_loss":0,"cards_obtained":["Strike_B"]},{"damage_healed":0,"gold_gain":0,"player_choice":"Donut","damage_taken":0,"max_hp_gain":5,"max_hp_loss":0,"event_name":"Big Fish","floor":5,"gold_loss":0},{"damage_healed":0,"gold_gain":0,"player_choice":"Read","damage_taken":0,"max_hp_gain":0,"max_hp_loss":0,"event_name":"The Library","floor":19,"gold_loss":0,"cards_obtained":["Sunder"]},{"damage_healed":0,"gold_gain":0,"player_choice":"Became a vampire","damage_taken":0,"max_hp_gain":0,"max_hp_loss":24,"event_name":"Vampires","floor":20,"gold_loss":0,"cards_obtained":["Bite","Bite","Bite","Bite","Bite"]},{"damage_healed":0,"gold_gain":0,"player_choice":"Copied","damage_taken":0,"max_hp_gain":0,"max_hp_loss":0,"event_name":"Duplicator","floor":21,"gold_loss":0,"cards_obtained":["Sunder"]}],"is_beta":false,"boss_relics":[{"not_picked":["Ectoplasm","Cursed Key"],"picked":"Pandora\u0027s Box"}],"items_purged_floors":[],"is_endless":false,"potions_floor_spawned":[3,13,14,16,18,22],"killed_by":"Slavers","ascension_level":0}