{"gold_per_floor":[115,132,142,142,142,142,154,154,154,184,184,204,204,216,216,318,318,335,335,4,4,0],"floor_reached":22,"playtime":1565,"items_purged":["Strike_G"],"score":230,"play_id":"c51d74da-9e7e-4f5b-b471-4149f5c0f8e1","local_time":"20190208183531","is_ascension_mode":true,"campfire_choices":[{"data":"Backflip","floor":6,"key":"SMITH"},{"data":"Neutralize","floor":8,"key":"SMITH"},{"floor":13,"key":"REST"},{"floor":15,"key":"REST"}],"neow_cost":"CURSE","seed_source_timestamp":286470519010665,"circlet_count":0,"master_deck":["Defend_G","Defend_G","Defend_G","Defend_G","Defend_G","Strike_G","Strike_G","Strike_G","Survivor","Neutralize+1","Bandage Up","Dark Shackles","Doubt","Backflip+1","Prepared","Cloak And Dagger","Bane","Cloak And Dagger","Backflip","Leg Sweep","After Image","Poisoned Stab","Necronomicurse","Apotheosis","Noxious Fumes"],"relics":["Ring of the Snake","Shuriken","Pocketwatch","Tough Bandages","WristBlade","Necronomicon"],"potions_floor_usage":[7,21],"damage_taken":[{"damage":3,"enemies":"2 Louse","floor":1,"turns":5},{"damage":3,"enemies":"Small Slimes","floor":2,"turns":6},{"damage":2,"enemies":"Jaw Worm","floor":3,"turns":7},{"damage":0,"enemies":"2 Fungi Beasts","floor":7,"turns":4},{"damage":56,"enemies":"Gremlin Nob","floor":10,"turns":6},{"damage":4,"enemies":"Exordium Wildlife","floor":12,"turns":3},{"damage":1,"enemies":"Blue Slaver","floor":14,"turns":5},{"damage":47,"enemies":"The Guardian","floor":16,"turns":22},{"damage":3,"enemies":"Shell Parasite","floor":18,"turns":13},{"damage":23,"enemies":"Colosseum Slavers","floor":21,"turns":6},{"damage":31,"enemies":"2 Thieves","floor":22,"turns":3}],"seed_played":"425083248968422730","potions_obtained":[{"floor":2,"key":"Fire Potion"},{"floor":12,"key":"SpeedPotion"},{"floor":14,"key":"EssenceOfSteel"},{"floor":16,"key":"Fire Potion"},{"floor":18,"key":"Poison Potion"}],"is_trial":false,"path_per_floor":["M","M","M","?","?","R","M","R","T","E","?","M","R","M","R","B",null,"M","?","$","?","M"],"character_chosen":"THE_SILENT","items_purchased":["Apotheosis","Noxious Fumes"],"campfire_rested":2,"item_purchase_floors":[20,20],"current_hp_per_floor":[70,70,68,68,68,68,68,68,68,16,4,4,25,28,49,6,54,55,39,39,22,0],"gold":0,"neow_bonus":"RANDOM_COLORLESS_2","is_prod":false,"is_daily":false,"chose_seed":false,"campfire_upgraded":2,"win_rate":0,"timestamp":1549622131,"path_taken":["M","M","M","?","?","R","M","R","T","E","?","M","R","M","R","BOSS","M","?","$","?","M"],"build_version":"2019-01-23","purchased_purges":1,"victory":false,"max_hp_per_floor":[70,70,70,70,70,70,70,70,70,70,70,70,70,70,70,70,70,70,70,70,70,70],"card_choices":[{"not_picked":["Outmaneuver","Dagger Spray"],"picked":"Backflip","floor":1},{"not_picked":["Dodge and Roll","Acrobatics"],"picked":"Prepared","floor":2},{"not_picked":["Venomology","Blade Dance"],"picked":"Cloak And Dagger","floor":3},{"not_picked":["Dodge and Roll","Underhanded Strike","PiercingWail"],"picked":"SKIP","floor":7},{"not_picked":["Outmaneuver","Backstab"],"picked":"Cloak And Dagger","floor":10},{"not_picked":["Venomology","Acrobatics"],"picked":"Backflip","floor":12},{"not_picked":["Concentrate","PiercingWail"],"picked":"Leg Sweep","floor":14},{"not_picked":["A Thousand Cuts","Night Terror"],"picked":"After Image","floor":16},{"not_picked":["Bouncing Flask+1","Reflex+1"],"picked":"Poisoned Stab","floor":18}],"player_experience":682525,"relics_obtained":[{"floor":9,"key":"Shuriken"},{"floor":10,"key":"Pocketwatch"},{"floor":19,"key":"Necronomicon"}],"event_choices":[{"damage_healed":0,"gold_gain":0,"player_choice":"Ignored","damage_taken":0,"max_hp_gain":0,"max_hp_loss":0,"event_name":"Shining Light","floor":4,"gold_loss":0},{"damage_healed":0,"gold_gain":0,"cards_transformed":["Strike_G"],"player_choice":"Change","damage_taken":0,"max_hp_gain":0,"max_hp_loss":0,"event_name":"Living Wall","floor":5,"gold_loss":0,"cards_obtained":["Bane"]},{"damage_healed":0,"gold_gain":0,"player_choice":"Success","damage_taken":12,"relics_obtained":["Tough Bandages"],"max_hp_gain":0,"max_hp_loss":0,"event_name":"Scrap Ooze","floor":11,"gold_loss":0},{"damage_healed":0,"gold_gain":0,"player_choice":"Obtained Book","damage_taken":16,"max_hp_gain":0,"max_hp_loss":0,"event_name":"Cursed Tome","floor":19,"gold_loss":0},{"damage_healed":0,"gold_gain":0,"player_choice":"Fight","damage_taken":0,"max_hp_gain":0,"max_hp_loss":0,"event_name":"Colosseum","floor":21,"gold_loss":0},{"damage_healed":0,"gold_gain":0,"player_choice":"Fled From Nobs","damage_taken":0,"max_hp_gain":0,"max_hp_loss":0,"event_name":"Colosseum","floor":21,"gold_loss":0}],"is_beta":false,"boss_relics":[{"not_picked":["Ring of the Serpent","Calling Bell"],"picked":"WristBlade"}],"items_purged_floors":[20],"is_endless":false,"potions_floor_spawned":[2,12,14,16,18],"killed_by":"2 Thieves","ascension_level":5}