{"gold_per_floor":[110,120,120,131,131,131,164,89,89,114,127,137,137,137,137,213,213,230,249,265,265],"floor_reached":21,"playtime":615,"items_purged":[],"score":362,"play_id":"9e14b134-ff4c-4bea-b829-b0537ec3187a","local_time":"20190619133629","is_ascension_mode":true,"campfire_choices":[{"data":"Biased Cognition","floor":6.0,"key":"SMITH"},{"data":"Dualcast","floor":13,"key":"SMITH"},{"data":"Zap","floor":15,"key":"SMITH"}],"neow_cost":"PERCENT_DAMAGE","seed_source_timestamp":94523561849866,"circlet_count":0,"master_deck":["AscendersBane","Strike_B","Strike_B","Defend_B","Defend_B","Defend_B","Defend_B","Zap+1","Dualcast+1","Biased Cognition+1","Streamline+1","Seek","Hologram","Electrodynamics","Seek","Core Surge","Turbo+1"],"special_seed":0,"relics":["Cracked Core","Mango","Bronze Scales","Emotion Chip","Blood Vial","Inserter"],"potions_floor_usage":[],"damage_taken":[{"damage":6.0,"enemies":"2 Louse","floor":1.0,"turns":2.0},{"damage":0.0,"enemies":"Small Slimes","floor":2.0,"turns":2.0},{"damage":1.0,"enemies":"Cultist","floor":4.0,"turns":3.0},{"damage":27.0,"enemies":"3 Sentries","floor":7.0,"turns":6.0},{"damage":0.0,"enemies":"3 Louse","floor":11.0,"turns":1.0},{"damage":0,"enemies":"2 Fungi Beasts","floor":12,"turns":2},{"damage":15,"enemies":"Hexaghost","floor":16,"turns":7},{"damage":39,"enemies":"2 Thieves","floor":18,"turns":3},{"damage":28,"enemies":"Shell Parasite","floor":19,"turns":4},{"damage":14,"enemies":"Centurion and Healer","floor":20,"turns":5},{"damage":10,"enemies":"Snecko","floor":21,"turns":3}],"seed_played":"-3956278218160729418","potions_obtained":[{"floor":1.0,"key":"FocusPotion"},{"floor":7.0,"key":"Explosive Potion"},{"floor":16,"key":"FairyPotion"},{"floor":18,"key":"LiquidBronze"}],"is_trial":false,"path_per_floor":["M","M","?","M","?","R","E","?","T","T","M","M","R","?","R","B",null,"M","M","M","M"],"character_chosen":"DEFECT","items_purchased":[],"campfire_rested":0,"item_purchase_floors":[],"current_hp_per_floor":[40,40,40,39,48,48,21,21,21,21,23,25,25,25,25,12,67,30,4,8,0],"gold":265,"neow_bonus":"THREE_RARE_CARDS","is_prod":false,"is_daily":false,"chose_seed":false,"campfire_upgraded":3,"win_rate":0,"timestamp":1560922589,"path_taken":["M","M","?","M","?","R","E","?","T","?","M","M","R","?","R","BOSS","M","M","?","M"],"build_version":"2019-01-23","purchased_purges":0,"victory":false,"max_hp_per_floor":[71,71,71,71,85,85,85,85,85,85,85,85,85,85,85,85,85,85,85,85,85],"card_choices":[{"not_picked":["Thunder Strike","All For One"],"picked":"Biased Cognition","floor":0.0},{"not_picked":["Hello World","Barrage"],"picked":"Streamline","floor":1.0},{"not_picked":["Reprogram","Melter","Barrage"],"picked":"SKIP","floor":2.0},{"not_picked":["Rebound","Force Field"],"picked":"Hologram","floor":4.0},{"not_picked":["Aggregate","Creative AI"],"picked":"Electrodynamics","floor":7.0},{"not_picked":["Ball Lightning","Beam Cell","Streamline"],"picked":"SKIP","floor":11},{"not_picked":["Streamline","Barrage"],"picked":"Seek","floor":12},{"not_picked":["Echo Form","Biased Cognition"],"picked":"Core Surge","floor":16},{"not_picked":["Sweeping Beam","Redo"],"picked":"Turbo+1","floor":18},{"not_picked":["Stack","Ball Lightning","Barrage"],"picked":"SKIP","floor":19},{"not_picked":["Scrape","Blizzard","Turbo"],"picked":"SKIP","floor":20}],"player_experience":985598,"relics_obtained":[{"floor":7.0,"key":"Bronze Scales"},{"floor":9.0,"key":"Emotion Chip"},{"floor":10.0,"key":"Blood Vial"}],"event_choices":[{"damage_healed":0.0,"max_hp_gain":0.0,"max_hp_loss":0.0,"gold_gain":0.0,"cards_transformed":["Strike_B"],"event_name":"Living Wall","player_choice":"Change","floor":3.0,"gold_loss":0.0,"damage_taken":0.0,"cards_obtained":["Seek"]},{"damage_healed":0.0,"max_hp_gain":0.0,"max_hp_loss":0.0,"gold_gain":0.0,"event_name":"Scrap Ooze","player_choice":"Success","floor":5.0,"gold_loss":0.0,"damage_taken":5.0,"relics_obtained":["Mango"]},{"cards_removed":["Strike_B"],"damage_healed":0.0,"max_hp_gain":0.0,"max_hp_loss":0.0,"gold_gain":0.0,"event_name":"The Cleric","player_choice":"Card Removal","floor":8.0,"gold_loss":75.0,"damage_taken":0.0},{"damage_healed":0,"gold_gain":0,"player_choice":"Forge","damage_taken":0,"max_hp_gain":0,"max_hp_loss":0,"event_name":"Accursed Blacksmith","floor":14,"gold_loss":0,"cards_upgraded":["Streamline"]}],"is_beta":false,"boss_relics":[{"not_picked":["Runic Dome","Runic Pyramid"],"picked":"Inserter"}],"items_purged_floors":[],"is_endless":false,"potions_floor_spawned":[1,7,16,18,19],"killed_by":"Snecko","ascension_level":20}