{"gold_per_floor":[117,137,151,163,238,238,300,319,319,319,47,47,73,103,103,199,199,214,225,225,225,225,225,225,256,256,284,299,299,299,313,313,413,413,432,432,132,132,132],"floor_reached":40,"playtime":2659,"items_purged":["Strike_R","Pain"],"score":952,"play_id":"04ea7b1d-ab86-4f4d-bef4-784e79220a8b","local_time":"20190805234813","is_ascension_mode":true,"campfire_choices":[{"data":"Rampage","floor":6.0,"key":"SMITH"},{"data":"Seeing Red","floor":10.0,"key":"SMITH"},{"data":"Body Slam","floor":12.0,"key":"SMITH"},{"data":"Uppercut","floor":15.0,"key":"SMITH"},{"data":"Entrench","floor":23.0,"key":"SMITH"},{"data":"Double Tap","floor":30.0,"key":"SMITH"},{"data":"Immolate","floor":32.0,"key":"SMITH"}],"neow_cost":"NONE","seed_source_timestamp":2253609801171300,"circlet_count":0,"master_deck":["Strike_R+1","Strike_R","Strike_R","Defend_R","Defend_R","Defend_R","Bash","Shrug It Off","Seeing Red+1","Shrug It Off","Rampage+1","Shrug It Off","Body Slam+1","Shrug It Off","Entrench+1","Uppercut+1","Double Tap+1","Shrug It Off+1","Metallicize","Body Slam+1","Writhe","Writhe","True Grit+1","Immolate+1","Headbutt+1","Evolve+1","Reaper","Wild Strike+1"],"special_seed":0,"relics":["Black Blood","Tiny Chest","Strawberry","Oddly Smooth Stone","Odd Mushroom","Orichalcum","Cursed Key","Letter Opener","Magic Flower","Juzu Bracelet","Whetstone","Frozen Egg 2","Vajra"],"potions_floor_usage":[39,39,39],"damage_taken":[{"damage":11.0,"enemies":"Jaw Worm","floor":1.0,"turns":5.0},{"damage":1.0,"enemies":"Small Slimes","floor":2.0,"turns":5.0},{"damage":7.0,"enemies":"2 Louse","floor":3.0,"turns":3.0},{"damage":0.0,"enemies":"Large Slime","floor":4.0,"turns":5.0},{"damage":17.0,"enemies":"3 Sentries","floor":7.0,"turns":7.0},{"damage":0.0,"enemies":"Exordium Wildlife","floor":8.0,"turns":3.0},{"damage":0.0,"enemies":"The Mushroom Lair","floor":13.0,"turns":5.0},{"damage":14.0,"enemies":"Lagavulin","floor":14.0,"turns":8.0},{"damage":39.0,"enemies":"Hexaghost","floor":16.0,"turns":14.0},{"damage":0.0,"enemies":"3 Byrds","floor":18.0,"turns":6.0},{"damage":6.0,"enemies":"Spheric Guardian","floor":19.0,"turns":6.0},{"damage":45.0,"enemies":"Gremlin Leader","floor":25.0,"turns":11.0},{"damage":1.0,"enemies":"Book of Stabbing","floor":27.0,"turns":5.0},{"damage":0.0,"enemies":"Snake Plant","floor":28.0,"turns":4.0},{"damage":3.0,"enemies":"Chosen and Byrds","floor":31.0,"turns":4.0},{"damage":33.0,"enemies":"Collector","floor":33.0,"turns":9.0},{"damage":6.0,"enemies":"3 Shapes","floor":35.0,"turns":7.0},{"damage":96,"enemies":"Awakened One","floor":39,"turns":24}],"seed_played":"3505693188655209646","potions_obtained":[{"floor":2.0,"key":"SpeedPotion"},{"floor":4.0,"key":"SteroidPotion"},{"floor":7.0,"key":"Swift Potion"},{"floor":14.0,"key":"FearPotion"},{"floor":25.0,"key":"Fire Potion"},{"floor":33.0,"key":"SteroidPotion"}],"is_trial":false,"path_per_floor":["M","M","M","M","?","R","E","M","T","R","$","R","?","E","R","B",null,"M","M","?","?","T","R","?","E","T","E","M","?","R","M","R","B",null,"M","?","$","?","B",null],"character_chosen":"IRONCLAD","items_purchased":["Oddly Smooth Stone","Shrug It Off","Vajra","Block Potion"],"campfire_rested":0,"item_purchase_floors":[11,11,37,37],"current_hp_per_floor":[67,72,71,77,66,66,55,61,68,68,68,68,74,66,66,33,74,80,80,80,80,80,80,80,44,44,52,61,61,61,67,67,43,76,87,87,87,87,21],"gold":132,"neow_bonus":"REMOVE_CARD","is_prod":false,"is_daily":false,"chose_seed":false,"campfire_upgraded":7,"win_rate":0,"timestamp":1565070493,"path_taken":["M","M","M","M","?","R","E","M","T","R","$","R","?","E","R","BOSS","M","M","?","?","?","R","?","E","T","E","M","?","R","M","R","BOSS","M","?","$","?","BOSS"],"build_version":"2019-07-18","purchased_purges":2,"victory":true,"max_hp_per_floor":[80,80,80,80,80,80,80,80,87,87,87,87,87,87,87,87,87,87,87,87,87,87,87,87,87,87,87,87,87,87,87,87,87,87,87,87,87,87,87],"card_choices":[{"not_picked":["Perfected Strike","Sword Boomerang"],"picked":"Shrug It Off","floor":1.0},{"not_picked":["Heavy Blade","True Grit"],"picked":"Seeing Red","floor":2.0},{"not_picked":["Armaments","Wild Strike"],"picked":"Shrug It Off","floor":3.0},{"not_picked":["True Grit","Wild Strike"],"picked":"Rampage","floor":4.0},{"not_picked":["True Grit","Armaments"],"picked":"Shrug It Off","floor":7.0},{"not_picked":["Shrug It Off","Second Wind"],"picked":"Body Slam","floor":8.0},{"not_picked":["Iron Wave","Inflame"],"picked":"Entrench","floor":13.0},{"not_picked":["Flex","Offering"],"picked":"Uppercut","floor":14.0},{"not_picked":["Exhume","Impervious"],"picked":"Double Tap","floor":16.0},{"not_picked":["Wild Strike","Battle Trance"],"picked":"Shrug It Off+1","floor":18.0},{"not_picked":["Evolve","Inflame"],"picked":"Metallicize","floor":19.0},{"not_picked":["Body Slam","Feel No Pain"],"picked":"True Grit+1","floor":25.0},{"not_picked":["Ghostly Armor+1","Rampage"],"picked":"Immolate","floor":27.0},{"not_picked":["Sword Boomerang","Havoc"],"picked":"Headbutt+1","floor":28.0},{"not_picked":["Heavy Blade","Perfected Strike"],"picked":"Evolve+1","floor":31.0},{"not_picked":["Offering","Brutality+1"],"picked":"Reaper","floor":33.0},{"not_picked":["Burning Pact+1","Armaments+1"],"picked":"Wild Strike+1","floor":35.0}],"player_experience":182530,"relics_obtained":[{"floor":7.0,"key":"Tiny Chest"},{"floor":9.0,"key":"Strawberry"},{"floor":13.0,"key":"Odd Mushroom"},{"floor":14.0,"key":"Orichalcum"},{"floor":22.0,"key":"Magic Flower"},{"floor":25.0,"key":"Juzu Bracelet"},{"floor":26.0,"key":"Whetstone"},{"floor":27.0,"key":"Frozen Egg 2"}],"event_choices":[{"damage_healed":0.0,"max_hp_gain":0.0,"max_hp_loss":0.0,"gold_gain":75.0,"event_name":"World of Goop","player_choice":"Gather Gold","floor":5.0,"gold_loss":0.0,"damage_taken":11.0},{"damage_healed":0.0,"max_hp_gain":0.0,"max_hp_loss":0.0,"gold_gain":0.0,"event_name":"Mushrooms","player_choice":"Fought Mushrooms","floor":13.0,"gold_loss":0.0,"damage_taken":0.0},{"damage_healed":0.0,"max_hp_gain":0.0,"max_hp_loss":0.0,"gold_gain":0.0,"event_name":"The Library","player_choice":"Read","floor":20.0,"gold_loss":0.0,"damage_taken":0.0,"cards_obtained":["Body Slam"]},{"damage_healed":0.0,"max_hp_gain":0.0,"max_hp_loss":0.0,"gold_gain":0.0,"event_name":"The Mausoleum","player_choice":"Opened","floor":21.0,"gold_loss":0.0,"damage_taken":0.0,"relics_obtained":["Letter Opener"],"cards_obtained":["Writhe"]},{"damage_healed":0.0,"max_hp_gain":0.0,"max_hp_loss":0.0,"gold_gain":0.0,"event_name":"Ghosts","player_choice":"Ignored","floor":24.0,"gold_loss":0.0,"damage_taken":0.0},{"cards_removed":["Strike_R"],"damage_healed":0.0,"max_hp_gain":0.0,"max_hp_loss":0.0,"gold_gain":0.0,"event_name":"Back to Basics","player_choice":"Elegance","floor":29.0,"gold_loss":0.0,"damage_taken":0.0},{"damage_healed":0.0,"max_hp_gain":0.0,"max_hp_loss":0.0,"gold_gain":0.0,"event_name":"Tomb of Lord Red Mask","player_choice":"Ignored","floor":36.0,"gold_loss":0.0,"damage_taken":0.0},{"damage_healed":0.0,"max_hp_gain":0.0,"max_hp_loss":0.0,"gold_gain":0.0,"event_name":"SecretPortal","player_choice":"Took Portal","floor":38.0,"gold_loss":0.0,"damage_taken":0.0}],"is_beta":true,"boss_relics":[{"not_picked":["Busted Crown","Runic Pyramid"],"picked":"Cursed Key"},{"not_picked":["Mark of Pain","Sozu"],"picked":"Black Blood"}],"items_purged_floors":[11,37],"is_endless":false,"potions_floor_spawned":[2,4,7,14,25,27,33],"ascension_level":9}