{"gold_per_floor":[117,117,129,129,140,175,175,175,175,175,204,204,204,223,223,297,297,310,310,310,328,289,289,304,304,376,376],"floor_reached":27,"playtime":884,"items_purged":[],"score":416,"play_id":"a66b93af-fd96-4ba8-baa2-371ea6052013","local_time":"20190310175939","is_ascension_mode":true,"campfire_choices":[{"floor":8,"key":"REST"},{"floor":10,"key":"REST"},{"floor":15,"key":"REST"},{"floor":23,"key":"REST"},{"floor":25,"key":"REST"}],"neow_cost":"NONE","seed_source_timestamp":184404975799754,"circlet_count":0,"master_deck":["AscendersBane","Strike_R","Strike_R","Strike_R","Strike_R","Defend_R","Defend_R","Defend_R","Defend_R","Bash","Disarm","Anger","Body Slam","Demon Form","Cleave","Uppercut","Impervious","Heavy Blade","Feel No Pain","Rampage","Shrug It Off","Body Slam","Body Slam+1","Headbutt","Whirlwind","Disarm"],"relics":["Burning Blood","NeowsBlessing","Charon\u0027s Ashes","Calipers","Red Skull","Paper Frog","Orrery","Self Forming Clay"],"potions_floor_usage":[6,18,21],"damage_taken":[{"damage":0,"enemies":"Cultist","floor":1,"turns":1},{"damage":0,"enemies":"2 Louse","floor":3,"turns":1},{"damage":0,"enemies":"Small Slimes","floor":5,"turns":1},{"damage":51,"enemies":"Lagavulin","floor":6,"turns":8},{"damage":58,"enemies":"Gremlin Nob","floor":11,"turns":5},{"damage":11,"enemies":"3 Louse","floor":14,"turns":3},{"damage":14,"enemies":"Hexaghost","floor":16,"turns":6},{"damage":30,"enemies":"Spheric Guardian","floor":18,"turns":5},{"damage":19,"enemies":"Shell Parasite","floor":21,"turns":5},{"damage":39,"enemies":"Snake Plant","floor":24,"turns":6},{"damage":43,"enemies":"Centurion and Healer","floor":27,"turns":4}],"seed_played":"-5852920033151807221","potions_obtained":[{"floor":1,"key":"SpeedPotion"},{"floor":5,"key":"Explosive Potion"},{"floor":14,"key":"Block Potion"},{"floor":18,"key":"SkillPotion"}],"is_trial":false,"path_per_floor":["M","$","M","?","M","E","$","R","T","R","E","T","?","M","R","B",null,"M","?","$","M","$","R","M","R","T","M"],"character_chosen":"IRONCLAD","items_purchased":["Whirlwind"],"campfire_rested":5,"item_purchase_floors":[22],"current_hp_per_floor":[74,74,75,75,75,30,30,52,52,74,22,22,22,17,39,31,64,40,40,40,27,27,49,16,38,38,0],"gold":376,"neow_bonus":"THREE_ENEMY_KILL","is_prod":false,"is_daily":false,"chose_seed":false,"campfire_upgraded":0,"win_rate":0,"timestamp":1552201179,"path_taken":["M","$","?","?","?","E","?","R","T","R","E","?","?","M","R","BOSS","M","?","$","M","$","R","M","R","T","M"],"build_version":"2019-01-23","purchased_purges":0,"victory":false,"max_hp_per_floor":[75,75,75,75,75,75,75,75,75,75,75,75,75,75,75,75,75,75,75,75,75,75,75,75,75,75,75],"card_choices":[{"not_picked":["Sword Boomerang","Havoc"],"picked":"Disarm","floor":1},{"not_picked":["Second Wind","Sentinel"],"picked":"Anger","floor":3},{"not_picked":["Dual Wield","Spot Weakness"],"picked":"Body Slam","floor":5},{"not_picked":["Clothesline","Blood for Blood"],"picked":"Demon Form","floor":6},{"not_picked":["Warcry","Combust"],"picked":"Cleave","floor":11},{"not_picked":["Searing Blow","Disarm"],"picked":"Uppercut","floor":14},{"not_picked":["Double Tap","Reaper"],"picked":"Impervious","floor":16},{"not_picked":["Battle Trance","Flex"],"picked":"Heavy Blade","floor":17},{"not_picked":["Power Through","Clash"],"picked":"Feel No Pain","floor":17},{"not_picked":["Warcry","Carnage"],"picked":"Rampage","floor":17},{"not_picked":["Anger","Clothesline"],"picked":"Shrug It Off","floor":17},{"not_picked":["Reckless Charge","Evolve"],"picked":"Body Slam","floor":17},{"not_picked":["Bloodletting","Headbutt"],"picked":"Body Slam+1","floor":18},{"not_picked":["Wild Strike","Cleave"],"picked":"Headbutt","floor":21},{"not_picked":["Pummel","Body Slam"],"picked":"Disarm","floor":24}],"player_experience":827218,"relics_obtained":[{"floor":6,"key":"Charon\u0027s Ashes"},{"floor":9,"key":"Calipers"},{"floor":11,"key":"Red Skull"},{"floor":12,"key":"Paper Frog"},{"floor":26,"key":"Self Forming Clay"}],"event_choices":[{"cards_removed":["Strike_R"],"damage_healed":0,"gold_gain":0,"player_choice":"Offered Basic","damage_taken":0,"max_hp_gain":0,"max_hp_loss":0,"event_name":"Bonfire Elementals","floor":4,"gold_loss":0},{"damage_healed":0,"gold_gain":0,"player_choice":"Ignored","damage_taken":0,"max_hp_gain":0,"max_hp_loss":0,"event_name":"Shining Light","floor":13,"gold_loss":0},{"damage_healed":0,"gold_gain":0,"player_choice":"Ignored","damage_taken":0,"max_hp_gain":0,"max_hp_loss":0,"event_name":"Ghosts","floor":19,"gold_loss":0}],"is_beta":false,"boss_relics":[{"not_picked":["Cursed Key","Velvet Choker"],"picked":"Orrery"}],"items_purged_floors":[],"is_endless":false,"potions_floor_spawned":[1,5,14,18],"killed_by":"Centurion and Healer","ascension_level":18}