{"gold_per_floor":[112,128,128,53,53,53,112,112,112,123,136,86,115,131,131,202,202,218,235,235,249,199,199,92,111,111,111,123,135,135,85,85,163,163,179,90,101,101,119,119,136,136,163,163,179,179,214,224,224,224,224,224,224,24,53,53],"floor_reached":57,"playtime":3830,"items_purged":["Strike_G","Quick Slash","Phantasmal Killer","Bullet Time","Underhanded Strike+1","Neutralize+1"],"score":2688,"play_id":"31c99c4a-4748-417c-9e91-1245aef28daa","local_time":"20190623180758","is_ascension_mode":true,"campfire_choices":[{"data":"Crippling Poison","floor":6.0,"key":"SMITH"},{"data":"Noxious Fumes","floor":8.0,"key":"SMITH"},{"floor":15.0,"key":"RECALL"},{"data":"Tactician","floor":23.0,"key":"SMITH"},{"data":"Acrobatics","floor":27.0,"key":"SMITH"},{"data":"A Thousand Cuts","floor":30.0,"key":"SMITH"},{"floor":32.0,"key":"REST"},{"data":"Calculated Gamble","floor":40.0,"key":"SMITH"},{"data":"Footwork","floor":42.0,"key":"SMITH"},{"data":"Well Laid Plans","floor":46.0,"key":"SMITH"},{"data":"Night Terror","floor":49.0,"key":"SMITH"},{"data":"Escape Plan","floor":53,"key":"SMITH"}],"neow_cost":"NONE","seed_source_timestamp":452733400109681,"circlet_count":0,"master_deck":["AscendersBane","Survivor","Crippling Poison+1","Corpse Explosion","Noxious Fumes+1","PiercingWail","Escape Plan+1","Adrenaline","A Thousand Cuts+1","Well Laid Plans+1","Tactician+1","Acrobatics+1","Adrenaline","Catalyst+1","Night Terror+1","Burst+1","Endless Agony+1","Calculated Gamble+1","Footwork+1","Escape Plan+1","Deep Breath+1"],"special_seed":0,"relics":["Ring of the Snake","Ice Cream","Tiny Chest","Smiling Mask","Bag of Preparation","Pandora\u0027s Box","Astrolabe","Pen Nib","Toxic Egg 2","Nunchaku"],"potions_floor_usage":[51,56],"damage_taken":[{"damage":5.0,"enemies":"Jaw Worm","floor":1.0,"turns":5.0},{"damage":0.0,"enemies":"Cultist","floor":2.0,"turns":5.0},{"damage":2.0,"enemies":"Gremlin Nob","floor":7.0,"turns":5.0},{"damage":3.0,"enemies":"2 Louse","floor":10.0,"turns":4.0},{"damage":8.0,"enemies":"Exordium Thugs","floor":11.0,"turns":3.0},{"damage":8.0,"enemies":"3 Sentries","floor":13.0,"turns":4.0},{"damage":0.0,"enemies":"Gremlin Gang","floor":14.0,"turns":2.0},{"damage":4.0,"enemies":"The Guardian","floor":16.0,"turns":9.0},{"damage":12.0,"enemies":"Chosen","floor":18.0,"turns":4.0},{"damage":0.0,"enemies":"3 Byrds","floor":19.0,"turns":2.0},{"damage":9.0,"enemies":"Centurion and Healer","floor":21.0,"turns":4.0},{"damage":14.0,"enemies":"Sentry and Sphere","floor":25.0,"turns":4.0},{"damage":6.0,"enemies":"Cultist and Chosen","floor":28.0,"turns":3.0},{"damage":0.0,"enemies":"Snake Plant","floor":29.0,"turns":3.0},{"damage":2.0,"enemies":"Champ","floor":33.0,"turns":5.0},{"damage":0.0,"enemies":"Orb Walker","floor":35.0,"turns":2.0},{"damage":0.0,"enemies":"3 Shapes","floor":37.0,"turns":2.0},{"damage":0.0,"enemies":"Writhing Mass","floor":39.0,"turns":2.0},{"damage":0.0,"enemies":"Transient","floor":41.0,"turns":5.0},{"damage":0.0,"enemies":"Maw","floor":45.0,"turns":2.0},{"damage":0.0,"enemies":"Giant Head","floor":47.0,"turns":4.0},{"damage":0.0,"enemies":"Writhing Mass","floor":48.0,"turns":3.0},{"damage":2.0,"enemies":"Awakened One","floor":50.0,"turns":6.0},{"damage":30,"enemies":"Donu and Deca","floor":51,"turns":4},{"damage":0,"enemies":"Shield and Spear","floor":55,"turns":2},{"damage":26,"enemies":"The Heart","floor":56,"turns":7}],"seed_played":"-5709267581431163856","potions_obtained":[{"floor":2.0,"key":"PowerPotion"},{"floor":7.0,"key":"Fire Potion"},{"floor":13.0,"key":"AttackPotion"},{"floor":14.0,"key":"AttackPotion"},{"floor":25.0,"key":"Poison Potion"},{"floor":29.0,"key":"Dexterity Potion"},{"floor":37.0,"key":"Energy Potion"},{"floor":39.0,"key":"GhostInAJar"},{"floor":55,"key":"GhostInAJar"}],"is_trial":false,"path_per_floor":["M","M","?","$","$","R","E","R","T","M","M","$","E","M","R","B",null,"M","M","?","M","$","R","$","M","T","R","M","M","R","$","R","B",null,"M","$","M","?","M","R","M","R","T","?","M","R","E","M","R","B","B",null,"R","$","E","B",null],"character_chosen":"THE_SILENT","items_purchased":["Corpse Explosion","Acrobatics","Calculated Gamble","Deep Breath+1","Swift Potion"],"campfire_rested":1,"item_purchase_floors":[4,24,36,54,54],"current_hp_per_floor":[54,54,54,54,54,54,52,52,52,49,41,41,33,33,33,29,57,45,45,45,36,36,36,36,22,22,22,16,16,16,16,35,33,58,58,58,58,58,58,58,58,58,58,54,54,54,54,54,54,52,22,55,55,55,55,29],"gold":53,"neow_bonus":"UPGRADE_CARD","is_prod":false,"is_daily":false,"chose_seed":false,"campfire_upgraded":10,"win_rate":0,"timestamp":1561284478,"path_taken":["M","M","?","?","$","R","E","R","T","M","M","$","E","?","R","BOSS","M","?","?","M","?","R","$","M","T","R","?","?","R","$","R","BOSS","M","$","M","?","?","R","M","R","T","?","M","R","E","?","R","BOSS","BOSS","R","$","E","BOSS"],"build_version":"2019-01-23","purchased_purges":6,"victory":true,"max_hp_per_floor":[66,66,66,66,66,66,66,66,66,66,66,66,66,66,66,66,66,66,66,66,66,66,66,66,66,66,66,66,66,66,66,66,66,66,66,66,66,66,66,66,66,66,66,66,66,66,66,66,66,66,66,66,66,66,66,66],"card_choices":[{"not_picked":["Sucker Punch","Bane"],"picked":"Crippling Poison","floor":1.0},{"not_picked":["Deflect","Dodge and Roll","Sucker Punch"],"picked":"SKIP","floor":2.0},{"not_picked":["Sucker Punch","Bouncing Flask"],"picked":"Noxious Fumes","floor":7.0},{"not_picked":["Setup","Bane"],"picked":"PiercingWail","floor":10.0},{"not_picked":["Blade Dance","Bouncing Flask","Flying Knee"],"picked":"SKIP","floor":11.0},{"not_picked":["Outmaneuver","Endless Agony"],"picked":"Escape Plan","floor":13.0},{"not_picked":["Flying Knee","Slice"],"picked":"Adrenaline","floor":14.0},{"not_picked":["Well Laid Plans+1","Concentrate+1","Slice"],"picked":"SKIP","floor":18.0},{"not_picked":["Backflip","Bane"],"picked":"Tactician","floor":19.0},{"not_picked":["Outmaneuver","Poisoned Stab+1","Dagger Throw"],"picked":"SKIP","floor":21.0},{"not_picked":["All Out Attack","Backflip","Underhanded Strike"],"picked":"SKIP","floor":25.0},{"not_picked":["Bane","Slice+1"],"picked":"Adrenaline","floor":28.0},{"not_picked":["Distraction+1","Dagger Spray"],"picked":"Catalyst+1","floor":29.0},{"not_picked":["Adrenaline","Bullet Time"],"picked":"Night Terror","floor":33.0},{"not_picked":["Cloak And Dagger","Accuracy","PiercingWail+1"],"picked":"SKIP","floor":35.0},{"not_picked":["Flechettes","Dodge and Roll"],"picked":"Footwork","floor":37.0},{"not_picked":["Catalyst","Corpse Explosion","Underhanded Strike"],"picked":"SKIP","floor":39.0},{"not_picked":["Acrobatics","Bane+1","Poisoned Stab"],"picked":"SKIP","floor":41.0},{"not_picked":["Bane","Crippling Poison+1","Choke"],"picked":"SKIP","floor":45.0},{"not_picked":["Dodge and Roll","Cloak And Dagger","PiercingWail"],"picked":"SKIP","floor":47.0},{"not_picked":["Prepared+1","Riddle With Holes"],"picked":"Escape Plan+1","floor":48.0},{"not_picked":["Flechettes","Quick Slash+1","Tools of the Trade"],"picked":"SKIP","floor":55}],"player_experience":1007334,"relics_obtained":[{"floor":3.0,"key":"Ice Cream"},{"floor":7.0,"key":"Tiny Chest"},{"floor":9.0,"key":"Smiling Mask"},{"floor":13.0,"key":"Bag of Preparation"},{"floor":43.0,"key":"Pen Nib"},{"floor":47.0,"key":"Toxic Egg 2"},{"floor":55,"key":"Nunchaku"}],"event_choices":[{"damage_healed":0.0,"max_hp_gain":0.0,"max_hp_loss":0.0,"gold_gain":0.0,"event_name":"Wheel of Change","player_choice":"Relic","floor":3.0,"gold_loss":0.0,"damage_taken":0.0},{"damage_healed":0.0,"max_hp_gain":0.0,"max_hp_loss":0.0,"gold_gain":0.0,"event_name":"Match and Keep!","player_choice":"0 cards matched","floor":20.0,"gold_loss":0.0,"damage_taken":0.0,"cards_obtained":[]},{"cards_removed":["Deflect"],"damage_healed":0.0,"max_hp_gain":0.0,"max_hp_loss":0.0,"gold_gain":0.0,"event_name":"Purifier","player_choice":"Purged","floor":38.0,"gold_loss":0.0,"damage_taken":0.0},{"damage_healed":0.0,"max_hp_gain":0.0,"max_hp_loss":0.0,"gold_gain":0.0,"event_name":"The Woman in Blue","player_choice":"Bought 0 Potions","floor":44.0,"gold_loss":0.0,"damage_taken":0.0}],"is_beta":false,"boss_relics":[{"not_picked":["Velvet Choker","Ectoplasm"],"picked":"Pandora\u0027s Box"},{"not_picked":["Tiny House","Coffee Dripper"],"picked":"Astrolabe"}],"items_purged_floors":[12,22,24,31,36,54],"is_endless":false,"potions_floor_spawned":[2,7,13,14,25,29,37,39,48,55],"ascension_level":20}