{"gold_per_floor":[119,119,139,16,34,73,73,111,135,135,158,158,174,190,190,319,319,335,359,359],"floor_reached":20,"playtime":2222,"items_purged":["Injury"],"score":205,"play_id":"50faeb6b-aaf8-45e0-86af-d25a76c686b6","local_time":"20190613233121","is_ascension_mode":true,"campfire_choices":[{"data":"Self Repair","floor":7,"key":"SMITH"},{"data":"Rainbow","floor":12,"key":"SMITH"},{"data":"White Noise","floor":15,"key":"SMITH"}],"neow_cost":"NONE","seed_source_timestamp":996373615766300,"circlet_count":0,"master_deck":["Strike_B","Strike_B","Strike_B","Strike_B","Defend_B","Defend_B","Defend_B","Zap","Dualcast","Genetic Algorithm","Rainbow+1","Compile Driver","Go for the Eyes","Self Repair+1","Leap","Capacitor","White Noise+1","Machine Learning","Redo"],"relics":["Cracked Core","Golden Idol","Oddly Smooth Stone","PreservedInsect","Ancient Tea Set","Sozu"],"potions_floor_usage":[5,5,6,8,8],"damage_taken":[{"damage":2,"enemies":"Jaw Worm","floor":1,"turns":3},{"damage":6,"enemies":"2 Louse","floor":3,"turns":3},{"damage":4,"enemies":"Cultist","floor":5,"turns":3},{"damage":23,"enemies":"Lagavulin","floor":6,"turns":9},{"damage":24,"enemies":"3 Sentries","floor":8,"turns":8},{"damage":15,"enemies":"3 Louse","floor":11,"turns":4},{"damage":2,"enemies":"2 Fungi Beasts","floor":13,"turns":4},{"damage":3,"enemies":"Looter","floor":14,"turns":4},{"damage":41,"enemies":"The Guardian","floor":16,"turns":14},{"damage":19,"enemies":"Shell Parasite","floor":18,"turns":8},{"damage":9,"enemies":"Spheric Guardian","floor":19,"turns":4},{"damage":76,"enemies":"3 Cultists","floor":20,"turns":5}],"seed_played":"-162285760103457303","potions_obtained":[{"floor":0,"key":"SkillPotion"},{"floor":0,"key":"Regen Potion"},{"floor":0,"key":"Ancient Potion"},{"floor":3,"key":"Fruit Juice"},{"floor":5,"key":"Regen Potion"},{"floor":6,"key":"PowerPotion"}],"is_trial":false,"path_per_floor":["M","?","M","$","M","E","R","E","T","?","M","R","M","M","R","B",null,"M","M","M"],"character_chosen":"DEFECT","items_purchased":["Compile Driver"],"campfire_rested":0,"item_purchase_floors":[4],"current_hp_per_floor":[73,73,67,67,76,62,62,48,48,48,43,43,51,58,58,27,80,71,72,0],"gold":359,"neow_bonus":"THREE_SMALL_POTIONS","is_prod":false,"is_daily":false,"chose_seed":false,"campfire_upgraded":3,"win_rate":0,"timestamp":1560493881,"path_taken":["M","?","M","$","M","E","R","E","T","?","?","R","M","M","R","BOSS","M","M","M"],"build_version":"2019-01-23","purchased_purges":1,"victory":false,"max_hp_per_floor":[75,75,75,75,80,80,80,80,80,80,80,80,80,80,80,80,80,80,80,80],"card_choices":[{"not_picked":["Chill","Sweeping Beam"],"picked":"Genetic Algorithm","floor":1},{"not_picked":["Consume","Go for the Eyes"],"picked":"Rainbow","floor":3},{"not_picked":["Compile Driver","Storm"],"picked":"Go for the Eyes","floor":5},{"not_picked":["Gash","Steam"],"picked":"Self Repair","floor":6},{"not_picked":["Steam Power","Steam"],"picked":"Leap","floor":8},{"not_picked":["Conserve Battery","BootSequence"],"picked":"Capacitor","floor":11},{"not_picked":["Streamline","Go for the Eyes","Aggregate"],"picked":"SKIP","floor":13},{"not_picked":["Compile Driver","Stack"],"picked":"White Noise","floor":14},{"not_picked":["Creative AI","All For One"],"picked":"Machine Learning","floor":16},{"not_picked":["Sweeping Beam+1","Conserve Battery"],"picked":"Redo","floor":18},{"not_picked":["Leap","Compile Driver","Recycle"],"picked":"SKIP","floor":19}],"player_experience":576770,"relics_obtained":[{"floor":6,"key":"Oddly Smooth Stone"},{"floor":8,"key":"PreservedInsect"},{"floor":9,"key":"Ancient Tea Set"}],"event_choices":[{"damage_healed":0,"gold_gain":0,"player_choice":"Take Wound","damage_taken":0,"relics_obtained":["Golden Idol"],"max_hp_gain":0,"max_hp_loss":0,"event_name":"Golden Idol","floor":2,"gold_loss":0,"cards_obtained":["Injury"]},{"cards_removed":["Defend_B"],"damage_healed":0,"gold_gain":0,"player_choice":"Purged","damage_taken":0,"max_hp_gain":0,"max_hp_loss":0,"event_name":"Purifier","floor":10,"gold_loss":0}],"is_beta":false,"boss_relics":[{"not_picked":["White Beast Statue","Black Star"],"picked":"Sozu"}],"items_purged_floors":[4],"is_endless":false,"potions_floor_spawned":[1,3,5,6,19],"killed_by":"3 Cultists","ascension_level":2}