{"gold_per_floor":[111,27,27,45,45,45,45,58,58,97,97,122,138,171,171,264,264,284,304,58,58,83,83],"floor_reached":23,"playtime":732,"items_purged":["Strike_R"],"score":452,"play_id":"5bdd91f7-74c4-44ec-aded-da7be460dd37","local_time":"20190516130837","is_ascension_mode":true,"campfire_choices":[{"data":"Inflame","floor":6.0,"key":"SMITH"},{"floor":11.0,"key":"REST"},{"data":"Armaments","floor":15.0,"key":"SMITH"}],"neow_cost":"NONE","seed_source_timestamp":2086295453450448,"circlet_count":0,"master_deck":["AscendersBane","Strike_R","Strike_R","Strike_R","Defend_R","Defend_R","Defend_R","Defend_R","Bash","Shockwave","Feel No Pain","Inflame+1","Shrug It Off","Immolate","Power Through","Heavy Blade","Armaments+1","Limit Break","Entrench","Demon Form"],"special_seed":0,"relics":["White Beast Statue","Golden Idol","Girya","Mercury Hourglass","Ornamental Fan","Lantern","Snecko Eye","Potion Belt"],"potions_floor_usage":[23,23,23],"damage_taken":[{"damage":2.0,"enemies":"Small Slimes","floor":1.0,"turns":5.0},{"damage":9.0,"enemies":"2 Louse","floor":4.0,"turns":4.0},{"damage":4.0,"enemies":"Jaw Worm","floor":8.0,"turns":3.0},{"damage":29.0,"enemies":"Gremlin Nob","floor":10.0,"turns":4.0},{"damage":1.0,"enemies":"2 Fungi Beasts","floor":12.0,"turns":2.0},{"damage":0.0,"enemies":"Looter","floor":13.0,"turns":2.0},{"damage":6.0,"enemies":"Lagavulin","floor":14.0,"turns":4.0},{"damage":10.0,"enemies":"The Guardian","floor":16.0,"turns":13.0},{"damage":9.0,"enemies":"Chosen","floor":18.0,"turns":5.0},{"damage":1.0,"enemies":"Spheric Guardian","floor":19.0,"turns":3.0},{"damage":0.0,"enemies":"Chosen and Byrds","floor":22.0,"turns":2.0},{"damage":47,"enemies":"Slavers","floor":23,"turns":3}],"seed_played":"5837440550550351770","potions_obtained":[{"floor":1.0,"key":"Fire Potion"},{"floor":4.0,"key":"SteroidPotion"},{"floor":8.0,"key":"PowerPotion"},{"floor":10.0,"key":"Weak Potion"},{"floor":12.0,"key":"FearPotion"},{"floor":13.0,"key":"SkillPotion"},{"floor":14.0,"key":"Block Potion"},{"floor":16.0,"key":"FearPotion"},{"floor":18.0,"key":"Weak Potion"},{"floor":22.0,"key":"Ancient Potion"}],"is_trial":false,"path_per_floor":["M","$","?","M","?","R","T","M","T","E","R","M","M","E","R","B",null,"M","M","$","?","M","E"],"character_chosen":"IRONCLAD","items_purchased":["Feel No Pain","Potion Belt"],"campfire_rested":1,"item_purchase_floors":[2,20],"current_hp_per_floor":[66,66,66,57,50,50,50,46,46,17,37,36,36,30,30,20,56,47,46,46,46,46,0],"gold":83,"neow_bonus":"BOSS_RELIC","is_prod":false,"is_daily":false,"chose_seed":false,"campfire_upgraded":2,"win_rate":0,"timestamp":1557983317,"path_taken":["M","$","?","M","?","R","?","M","T","E","R","M","M","E","R","BOSS","M","M","$","?","M","E"],"build_version":"2019-01-23","purchased_purges":1,"victory":false,"max_hp_per_floor":[75,75,68,68,68,68,68,68,68,68,68,68,68,68,68,68,68,68,68,68,68,68,68],"card_choices":[{"not_picked":["True Grit","Burning Pact"],"picked":"Shockwave","floor":1.0},{"not_picked":["Cleave","Anger"],"picked":"Inflame","floor":4.0},{"not_picked":["Bludgeon","Blood for Blood"],"picked":"Shrug It Off","floor":8.0},{"not_picked":["Combust","Cleave"],"picked":"Immolate","floor":10.0},{"not_picked":["Inflame","Pummel"],"picked":"Power Through","floor":12.0},{"not_picked":["Body Slam","Clothesline"],"picked":"Heavy Blade","floor":13.0},{"not_picked":["Clothesline","Inflame"],"picked":"Armaments","floor":14.0},{"not_picked":["Immolate","Offering"],"picked":"Limit Break","floor":16.0},{"not_picked":["Cleave","Armaments"],"picked":"Entrench","floor":18.0},{"not_picked":["True Grit","Wild Strike","Anger"],"picked":"SKIP","floor":19.0},{"not_picked":["Shrug It Off+1","Warcry"],"picked":"Demon Form","floor":22.0}],"player_experience":843300,"relics_obtained":[{"floor":7.0,"key":"Girya"},{"floor":9.0,"key":"Mercury Hourglass"},{"floor":10.0,"key":"Ornamental Fan"},{"floor":14.0,"key":"Lantern"}],"event_choices":[{"damage_healed":0.0,"max_hp_gain":0.0,"max_hp_loss":7.0,"gold_gain":0.0,"event_name":"Golden Idol","player_choice":"Lose Max HP","floor":3.0,"gold_loss":0.0,"damage_taken":0.0,"relics_obtained":["Golden Idol"]},{"cards_removed":["Strike_R"],"damage_healed":0.0,"max_hp_gain":0.0,"max_hp_loss":0.0,"gold_gain":0.0,"event_name":"Golden Wing","player_choice":"Card Removal","floor":5.0,"gold_loss":0.0,"damage_taken":7.0},{"damage_healed":0.0,"max_hp_gain":0.0,"max_hp_loss":0.0,"gold_gain":0.0,"event_name":"Beggar","player_choice":"Ignored","floor":21.0,"gold_loss":0.0,"damage_taken":0.0}],"is_beta":false,"boss_relics":[{"not_picked":["Tiny House","Runic Pyramid"],"picked":"Snecko Eye"}],"items_purged_floors":[20],"is_endless":false,"potions_floor_spawned":[1,4,8,10,12,13,14,16,18,19,22],"killed_by":"Slavers","ascension_level":20}