{"gold_per_floor":[112,112,112,126,144,144,73,73,100,100,114,166,198,212,212,307,307,322,322,421,421,396,396,0,0],"floor_reached":25,"playtime":1025,"items_purged":[],"score":236,"play_id":"8c3ace80-329a-43f8-ab05-0b2634a7cd35","local_time":"20190725210046","is_ascension_mode":true,"campfire_choices":[{"data":"Envenom","floor":6,"key":"SMITH"},{"data":"Dodge and Roll","floor":8,"key":"SMITH"},{"data":"Neutralize","floor":10,"key":"SMITH"},{"floor":15,"key":"REST"},{"floor":23,"key":"REST"}],"neow_cost":"CURSE","seed_source_timestamp":521051541249300,"circlet_count":0,"master_deck":["Strike_G","Strike_G","Strike_G","Strike_G","Strike_G","Defend_G","Defend_G","Defend_G","Defend_G","Survivor","Neutralize+1","Envenom+1","Dodge and Roll+1","Riddle With Holes","Heel Hook","Well Laid Plans","Masterful Stab","Caltrops","A Thousand Cuts","Masterful Stab","Blade Dance"],"relics":["Ring of the Snake","Smiling Mask","Bronze Scales","Black Star","SsserpentHead"],"potions_floor_usage":[11,13],"damage_taken":[{"damage":1,"enemies":"Small Slimes","floor":1,"turns":4},{"damage":0,"enemies":"Cultist","floor":4,"turns":4},{"damage":3,"enemies":"2 Louse","floor":5,"turns":3},{"damage":12,"enemies":"Exordium Thugs","floor":11,"turns":4},{"damage":10,"enemies":"Gremlin Nob","floor":13,"turns":3},{"damage":7,"enemies":"2 Fungi Beasts","floor":14,"turns":3},{"damage":5,"enemies":"The Guardian","floor":16,"turns":9},{"damage":10,"enemies":"Chosen","floor":18,"turns":6},{"damage":38,"enemies":"2 Thieves","floor":22,"turns":5},{"damage":32,"enemies":"Book of Stabbing","floor":25,"turns":4}],"seed_played":"244349941754975872","potions_obtained":[{"floor":5,"key":"SteroidPotion"},{"floor":11,"key":"Fire Potion"},{"floor":18,"key":"SpeedPotion"}],"is_trial":false,"path_per_floor":["M","?","?","M","M","R","$","R","T","R","M","?","E","M","R","B",null,"M","?","?","?","M","R","?","E"],"character_chosen":"THE_SILENT","items_purchased":["Well Laid Plans"],"campfire_rested":2,"item_purchase_floors":[7],"current_hp_per_floor":[69,69,69,69,66,66,66,66,66,66,54,54,44,37,58,53,70,60,47,47,47,9,31,31,0],"gold":0,"neow_bonus":"THREE_RARE_CARDS","is_prod":false,"is_daily":false,"chose_seed":false,"campfire_upgraded":3,"win_rate":0,"timestamp":1564113646,"path_taken":["M","?","?","M","M","R","$","R","T","R","?","?","E","M","R","BOSS","M","?","?","?","?","R","?","E"],"build_version":"2019-07-17","purchased_purges":0,"victory":false,"max_hp_per_floor":[70,70,70,70,70,70,70,70,70,70,70,70,70,70,70,70,70,70,75,75,75,75,75,75,75],"card_choices":[{"not_picked":["Bullet Time","Glass Knife"],"picked":"Envenom","floor":0},{"not_picked":["Underhanded Strike","Flechettes"],"picked":"Dodge and Roll","floor":1},{"not_picked":["Noxious Fumes","Predator"],"picked":"Riddle With Holes","floor":4},{"not_picked":["Reflex","Flechettes"],"picked":"Heel Hook","floor":5},{"not_picked":["Prepared","Poisoned Stab"],"picked":"Masterful Stab","floor":11},{"not_picked":["Heel Hook","Underhanded Strike","Flying Knee"],"picked":"SKIP","floor":13},{"not_picked":["Accuracy","Sucker Punch"],"picked":"Caltrops","floor":14},{"not_picked":["Glass Knife","Envenom"],"picked":"A Thousand Cuts","floor":16},{"not_picked":["Deadly Poison","Leg Sweep"],"picked":"Masterful Stab","floor":18},{"not_picked":["Well Laid Plans","Distraction"],"picked":"Blade Dance","floor":22}],"player_experience":694462,"relics_obtained":[{"floor":9,"key":"Smiling Mask"},{"floor":13,"key":"Bronze Scales"}],"event_choices":[{"cards_removed":["Writhe"],"damage_healed":0,"gold_gain":0,"player_choice":"Forget","damage_taken":0,"max_hp_gain":0,"max_hp_loss":0,"event_name":"Living Wall","floor":2,"gold_loss":0},{"cards_removed":["Defend_G"],"damage_healed":0,"gold_gain":0,"player_choice":"Offered Basic","damage_taken":0,"max_hp_gain":0,"max_hp_loss":0,"event_name":"Bonfire Elementals","floor":3,"gold_loss":0},{"damage_healed":0,"gold_gain":52,"player_choice":"Gained Gold","damage_taken":0,"max_hp_gain":0,"max_hp_loss":0,"event_name":"Golden Wing","floor":12,"gold_loss":0},{"damage_healed":0,"gold_gain":0,"player_choice":"Shed Blood","damage_taken":18,"max_hp_gain":5,"max_hp_loss":0,"event_name":"Forgotten Altar","floor":19,"gold_loss":0},{"damage_healed":0,"gold_gain":99,"player_choice":"Stole From Cult","damage_taken":0,"max_hp_gain":0,"max_hp_loss":0,"event_name":"Nest","floor":20,"gold_loss":0},{"damage_healed":0,"gold_gain":0,"player_choice":"Trade","damage_taken":0,"relics_obtained":["SsserpentHead"],"max_hp_gain":0,"max_hp_loss":0,"event_name":"FaceTrader","floor":21,"gold_loss":0},{"damage_healed":0,"gold_gain":0,"player_choice":"Paid Fearfully","damage_taken":0,"max_hp_gain":0,"max_hp_loss":0,"event_name":"Masked Bandits","floor":24,"gold_loss":446}],"is_beta":false,"boss_relics":[{"not_picked":["Calling Bell","Fusion Hammer"],"picked":"Black Star"}],"items_purged_floors":[],"is_endless":false,"potions_floor_spawned":[5,11,18],"killed_by":"Book of Stabbing","ascension_level":4}