{"gold_per_floor":[110,35,35,35,35,66,66,66,117,57,75,108,121,134,134,233,296,316,23,23,44,44,44,62,95,95,95,118,154,177,177,177,276,276,299,317,342,342,154,154,192,192,192,215,236,277,296,421,421,421,421,421,421,12,56,56],"floor_reached":57,"playtime":4640,"items_purged":["Strike_G","Strike_G","Defend_G","Defend_G"],"score":3095,"play_id":"42bc33f6-2315-434e-9120-bc0ddd87b62b","local_time":"20190710172620","is_ascension_mode":true,"campfire_choices":[{"data":"Well Laid Plans","floor":7.0,"key":"SMITH"},{"data":"Prepared","floor":15.0,"key":"SMITH"},{"data":"Acrobatics","floor":23.0,"key":"SMITH"},{"data":"Tactician","floor":27.0,"key":"SMITH"},{"data":"Ghostly","floor":32.0,"key":"SMITH"},{"data":"Ghostly","floor":40.0,"key":"SMITH"},{"floor":42.0,"key":"RECALL"},{"data":"Wraith Form v2","floor":49.0,"key":"SMITH"},{"data":"Ghostly","floor":53.0,"key":"SMITH"}],"neow_cost":"NONE","seed_source_timestamp":173191781384844,"circlet_count":0,"master_deck":["AscendersBane","Defend_G+1","Defend_G","Survivor","Neutralize+1","Well Laid Plans+1","Grand Finale","Tactician+1","Prepared+1","Heel Hook","Malaise","Grand Finale","Acrobatics+1","After Image","Ghostly+1","Ghostly+1","Ghostly+1","Adrenaline+1","Backflip+1","Footwork","Reflex+1","Wraith Form v2+1","Flash of Steel+1","After Image"],"special_seed":0,"relics":["Ring of the Snake","NeowsBlessing","Golden Idol","The Courier","PreservedInsect","Orichalcum","Tiny House","TheAbacus","Toxic Egg 2","Ornamental Fan","Singing Bowl","Empty Cage","Strawberry","Sundial","Molten Egg 2","The Specimen","Letter Opener","Calipers"],"potions_floor_usage":[56],"damage_taken":[{"damage":0.0,"enemies":"Jaw Worm","floor":1.0,"turns":1.0},{"damage":0.0,"enemies":"Lagavulin","floor":6.0,"turns":1.0},{"damage":0.0,"enemies":"2 Louse","floor":11.0,"turns":1.0},{"damage":13.0,"enemies":"Gremlin Nob","floor":12.0,"turns":4.0},{"damage":1.0,"enemies":"Small Slimes","floor":13.0,"turns":8.0},{"damage":3.0,"enemies":"Red Slaver","floor":14.0,"turns":4.0},{"damage":2.0,"enemies":"The Guardian","floor":16.0,"turns":11.0},{"damage":17.0,"enemies":"2 Thieves","floor":18.0,"turns":3.0},{"damage":0.0,"enemies":"Shell Parasite","floor":21.0,"turns":2.0},{"damage":0.0,"enemies":"3 Cultists","floor":24.0,"turns":4.0},{"damage":0.0,"enemies":"Book of Stabbing","floor":25.0,"turns":6.0},{"damage":0.0,"enemies":"Cultist and Chosen","floor":28.0,"turns":6.0},{"damage":13.0,"enemies":"Slavers","floor":29.0,"turns":6.0},{"damage":0.0,"enemies":"Centurion and Healer","floor":30.0,"turns":4.0},{"damage":1.0,"enemies":"Automaton","floor":33.0,"turns":10.0},{"damage":0.0,"enemies":"3 Darklings","floor":35.0,"turns":2.0},{"damage":0.0,"enemies":"3 Shapes","floor":36.0,"turns":5.0},{"damage":0.0,"enemies":"Writhing Mass","floor":37.0,"turns":6.0},{"damage":1.0,"enemies":"Reptomancer","floor":41.0,"turns":7.0},{"damage":0.0,"enemies":"Transient","floor":44.0,"turns":6.0},{"damage":0.0,"enemies":"Maw","floor":45.0,"turns":7.0},{"damage":0.0,"enemies":"Giant Head","floor":46.0,"turns":5.0},{"damage":1.0,"enemies":"3 Darklings","floor":47.0,"turns":3.0},{"damage":0.0,"enemies":"Mind Bloom Boss Battle","floor":48.0,"turns":6.0},{"damage":0.0,"enemies":"Donu and Deca","floor":50.0,"turns":6.0},{"damage":0.0,"enemies":"Time Eater","floor":51.0,"turns":15.0},{"damage":0,"enemies":"Shield and Spear","floor":55,"turns":4},{"damage":12,"enemies":"The Heart","floor":56,"turns":11}],"seed_played":"3782949098778984942","potions_obtained":[{"floor":1.0,"key":"Fire Potion"},{"floor":11.0,"key":"Ancient Potion"},{"floor":13.0,"key":"Energy Potion"},{"floor":17.0,"key":"Fruit Juice"},{"floor":24.0,"key":"Ancient Potion"},{"floor":29.0,"key":"Poison Potion"},{"floor":30.0,"key":"Poison Potion"},{"floor":44.0,"key":"Poison Potion"},{"floor":45.0,"key":"SpeedPotion"}],"is_trial":false,"path_per_floor":["M","?","$","?","?","E","R","?","T","$","M","E","M","M","R","B",null,"M","$","?","M","?","R","M","E","T","R","M","E","M","T","R","B",null,"M","M","M","T","$","R","E","R","T","M","M","E","M","?","R","B","B",null,"R","$","E","B",null],"character_chosen":"THE_SILENT","items_purchased":["TheAbacus","Acrobatics","Backflip+1","Footwork","Flash of Steel+1","Letter Opener"],"campfire_rested":0,"item_purchase_floors":[19,19,39,39,54,54],"current_hp_per_floor":[59,59,59,39,39,39,39,32,32,32,32,19,18,15,15,13,53,36,36,36,36,37,37,37,37,37,37,37,24,24,24,24,23,34,36,38,40,47,47,47,48,48,48,48,50,52,51,53,53,53,53,57,57,57,57,45],"gold":56,"neow_bonus":"THREE_ENEMY_KILL","is_prod":false,"is_daily":false,"chose_seed":false,"campfire_upgraded":8,"win_rate":0,"timestamp":1562750780,"path_taken":["M","?","$","?","?","E","R","?","T","?","M","E","M","?","R","BOSS","M","$","?","M","?","R","M","E","T","R","M","E","M","?","R","BOSS","M","M","M","?","$","R","E","R","T","?","M","E","M","?","R","BOSS","BOSS","R","$","E","BOSS"],"build_version":"2019-07-05","purchased_purges":4,"victory":true,"max_hp_per_floor":[66,66,66,66,60,60,60,60,60,60,60,60,60,60,60,60,65,65,65,65,65,37,37,37,37,37,37,37,37,37,37,37,37,37,39,41,43,50,50,50,52,52,52,52,54,56,56,58,58,58,58,58,58,58,58,58],"card_choices":[{"not_picked":["Crippling Poison","Poisoned Stab"],"picked":"Well Laid Plans","floor":1.0},{"not_picked":["Acrobatics","Dash"],"picked":"Grand Finale","floor":6.0},{"not_picked":["Poisoned Stab","All Out Attack"],"picked":"Tactician","floor":11.0},{"not_picked":["Underhanded Strike","Cloak And Dagger"],"picked":"Prepared","floor":12.0},{"not_picked":["Dodge and Roll","Masterful Stab"],"picked":"Heel Hook","floor":13.0},{"not_picked":["Choke","Backflip"],"picked":"Malaise","floor":14.0},{"not_picked":["Burst","Malaise"],"picked":"Grand Finale","floor":16.0},{"not_picked":["Dagger Throw","Noxious Fumes","Leg Sweep"],"picked":"SKIP","floor":18.0},{"not_picked":["Backflip","Prepared"],"picked":"After Image","floor":21.0},{"not_picked":["Bane","Deflect+1","Prepared"],"picked":"SKIP","floor":24.0},{"not_picked":["Catalyst","Predator","Noxious Fumes"],"picked":"SKIP","floor":25.0},{"not_picked":["Deadly Poison+1","Leg Sweep+1","Acrobatics+1"],"picked":"SKIP","floor":28.0},{"not_picked":["Deadly Poison+1","Leg Sweep+1","Acrobatics+1"],"picked":"SKIP","floor":28.0},{"not_picked":["Deadly Poison+1","Leg Sweep+1","Acrobatics+1"],"picked":"SKIP","floor":28.0},{"not_picked":["Sucker Punch","Predator","Slice"],"picked":"SKIP","floor":29.0},{"not_picked":["Acrobatics+1","Well Laid Plans+1","Bane"],"picked":"SKIP","floor":30.0},{"not_picked":["Night Terror+1","Corpse Explosion+1"],"picked":"Adrenaline+1","floor":33.0},{"not_picked":["Slice","PiercingWail+1","Cloak And Dagger+1"],"picked":"Singing Bowl","floor":35.0},{"not_picked":["All Out Attack","Quick Slash","Setup+1"],"picked":"Singing Bowl","floor":36.0},{"not_picked":["Dagger Throw+1","Leg Sweep+1","Eviscerate+1"],"picked":"Singing Bowl","floor":37.0},{"not_picked":["Bouncing Flask+1","Distraction+1","Flechettes"],"picked":"Singing Bowl","floor":41.0},{"not_picked":["Crippling Poison+1","Underhanded Strike+1"],"picked":"Reflex+1","floor":44.0},{"not_picked":["Accuracy+1","Blur+1","Predator+1"],"picked":"Singing Bowl","floor":45.0},{"not_picked":["Caltrops","Infinite Blades","Outmaneuver+1"],"picked":"Singing Bowl","floor":46.0},{"not_picked":["Prepared+1","Deflect+1"],"picked":"Wraith Form v2","floor":47.0},{"not_picked":["Endless Agony+1","Cloak And Dagger+1","Crippling Poison+1"],"picked":"Singing Bowl","floor":48.0},{"not_picked":["Dodge and Roll+1","Sucker Punch+1"],"picked":"After Image","floor":55}],"player_experience":1088127,"relics_obtained":[{"floor":6.0,"key":"The Courier"},{"floor":9.0,"key":"PreservedInsect"},{"floor":12.0,"key":"Orichalcum"},{"floor":25.0,"key":"Toxic Egg 2"},{"floor":29.0,"key":"Ornamental Fan"},{"floor":31.0,"key":"Singing Bowl"},{"floor":38.0,"key":"Strawberry"},{"floor":41.0,"key":"Sundial"},{"floor":43.0,"key":"Molten Egg 2"},{"floor":48.0,"key":"The Specimen"},{"floor":55,"key":"Calipers"}],"event_choices":[{"cards_removed":["Strike_G"],"damage_healed":0.0,"max_hp_gain":0.0,"max_hp_loss":0.0,"gold_gain":0.0,"event_name":"The Cleric","player_choice":"Card Removal","floor":2.0,"gold_loss":75.0,"damage_taken":0.0},{"damage_healed":0.0,"max_hp_gain":0.0,"max_hp_loss":0.0,"gold_gain":0.0,"event_name":"Shining Light","player_choice":"Entered Light","floor":4.0,"gold_loss":0.0,"damage_taken":20.0,"cards_upgraded":["Neutralize","Defend_G"]},{"damage_healed":0.0,"max_hp_gain":0.0,"max_hp_loss":6.0,"gold_gain":0.0,"event_name":"Golden Idol","player_choice":"Lose Max HP","floor":5.0,"gold_loss":0.0,"damage_taken":0.0,"relics_obtained":["Golden Idol"]},{"cards_removed":["Strike_G"],"damage_healed":0.0,"max_hp_gain":0.0,"max_hp_loss":0.0,"gold_gain":0.0,"event_name":"Golden Wing","player_choice":"Card Removal","floor":8.0,"gold_loss":0.0,"damage_taken":7.0},{"damage_healed":0.0,"max_hp_gain":0.0,"max_hp_loss":33.0,"gold_gain":0.0,"event_name":"Ghosts","player_choice":"Became a Ghost","floor":22.0,"gold_loss":0.0,"damage_taken":0.0,"cards_obtained":["Ghostly","Ghostly","Ghostly"]},{"damage_healed":0.0,"max_hp_gain":0.0,"max_hp_loss":0.0,"gold_gain":0.0,"event_name":"MindBloom","player_choice":"Fight","floor":48.0,"gold_loss":0.0,"damage_taken":0.0}],"is_beta":false,"boss_relics":[{"not_picked":["Runic Dome","Velvet Choker"],"picked":"Tiny House"},{"not_picked":["WristBlade","Philosopher\u0027s Stone"],"picked":"Empty Cage"}],"items_purged_floors":[10,19,39,54],"is_endless":false,"potions_floor_spawned":[1,11,13,14,24,25,29,30,44,45,46,55],"ascension_level":20}