{"gold_per_floor":[111,111,126,126,139,174,174,174,200,200,270,270,314,314,314,314],"floor_reached":16,"playtime":382,"items_purged":[],"score":212,"play_id":"f780baf5-b06c-47b5-a999-fc2f807e3e76","local_time":"20190516163704","is_ascension_mode":true,"campfire_choices":[{"data":"Bludgeon","floor":8.0,"key":"SMITH"},{"data":"Disarm","floor":10.0,"key":"SMITH"},{"data":"Pommel Strike","floor":12.0,"key":"SMITH"},{"floor":15.0,"key":"RECALL"}],"neow_cost":"NONE","seed_source_timestamp":2099305548769921,"circlet_count":0,"master_deck":["AscendersBane","Strike_R","Strike_R","Strike_R","Strike_R","Strike_R","Defend_R","Defend_R","Defend_R+1","Defend_R+1","Bash","Pommel Strike+1","Disarm+1","Bludgeon+1"],"special_seed":0,"relics":["Burning Blood","Oddly Smooth Stone","War Paint","Pen Nib","Golden Idol","Anchor","Matryoshka","Prayer Wheel"],"potions_floor_usage":[],"damage_taken":[{"damage":6.0,"enemies":"Small Slimes","floor":1.0,"turns":3.0},{"damage":8.0,"enemies":"2 Louse","floor":3.0,"turns":4.0},{"damage":3.0,"enemies":"Jaw Worm","floor":5.0,"turns":3.0},{"damage":34.0,"enemies":"3 Sentries","floor":6.0,"turns":13.0},{"damage":10.0,"enemies":"Lagavulin","floor":13.0,"turns":5.0},{"damage":18,"enemies":"Hexaghost","floor":16,"turns":9}],"seed_played":"1570100445454220201","potions_obtained":[{"floor":6.0,"key":"Poison Potion"},{"floor":13.0,"key":"SpeedPotion"}],"is_trial":false,"path_per_floor":["M","?","M","?","M","E","?","R","T","R","T","R","E","?","R","B"],"character_chosen":"IRONCLAD","items_purchased":[],"campfire_rested":0,"item_purchase_floors":[],"current_hp_per_floor":[68,75,73,47,50,22,22,22,22,22,22,22,18,18,18,0],"gold":314,"neow_bonus":"RANDOM_COMMON_RELIC","is_prod":false,"is_daily":false,"chose_seed":false,"campfire_upgraded":3,"win_rate":0,"timestamp":1557995824,"path_taken":["M","?","M","?","M","E","?","R","T","R","?","R","E","?","R","BOSS"],"build_version":"2019-01-23","purchased_purges":0,"victory":false,"max_hp_per_floor":[75,75,75,75,75,75,68,68,68,68,68,68,68,68,68,68],"card_choices":[{"not_picked":["True Grit","Uppercut"],"picked":"Pommel Strike","floor":1.0},{"not_picked":["Anger","Body Slam"],"picked":"Disarm","floor":3.0},{"not_picked":["Body Slam","Heavy Blade","Wild Strike"],"picked":"SKIP","floor":5.0},{"not_picked":["Headbutt","Dropkick"],"picked":"Bludgeon","floor":6.0},{"not_picked":["Combust","Clash","Perfected Strike"],"picked":"SKIP","floor":13.0}],"player_experience":854202,"relics_obtained":[{"floor":6.0,"key":"Pen Nib"},{"floor":9.0,"key":"Anchor"},{"floor":11.0,"key":"Matryoshka"},{"floor":13.0,"key":"Prayer Wheel"}],"event_choices":[{"damage_healed":25.0,"max_hp_gain":0.0,"max_hp_loss":0.0,"gold_gain":0.0,"event_name":"Big Fish","player_choice":"Banana","floor":2.0,"gold_loss":0.0,"damage_taken":0.0},{"damage_healed":0.0,"max_hp_gain":0.0,"max_hp_loss":0.0,"gold_gain":0.0,"event_name":"Scrap Ooze","player_choice":"Success","floor":4.0,"gold_loss":0.0,"damage_taken":26.0,"relics_obtained":["War Paint"]},{"damage_healed":0.0,"max_hp_gain":0.0,"max_hp_loss":7.0,"gold_gain":0.0,"event_name":"Golden Idol","player_choice":"Lose Max HP","floor":7.0,"gold_loss":0.0,"damage_taken":0.0,"relics_obtained":["Golden Idol"]},{"damage_healed":0.0,"max_hp_gain":0.0,"max_hp_loss":0.0,"gold_gain":0.0,"event_name":"Shining Light","player_choice":"Ignored","floor":14.0,"gold_loss":0.0,"damage_taken":0.0}],"is_beta":false,"boss_relics":[],"items_purged_floors":[],"is_endless":false,"potions_floor_spawned":[6,13],"killed_by":"Hexaghost","ascension_level":20}