{"gold_per_floor":[115,115,128,74,87,103,103,103,126,126,155,155,186,206,206,307,307,325,325,325,505,524,524],"floor_reached":23,"playtime":501,"items_purged":[],"score":199,"play_id":"743ddb0c-2f0b-4b18-a21f-e5d6c7f3eb70","local_time":"20190520135248","is_ascension_mode":false,"campfire_choices":[{"data":"Pommel Strike","floor":7,"key":"SMITH"},{"data":"Pommel Strike","floor":10,"key":"SMITH"},{"data":"Bash","floor":12,"key":"SMITH"},{"data":"Dropkick","floor":15,"key":"SMITH"}],"neow_cost":"NONE","seed_source_timestamp":311776631708055,"circlet_count":0,"master_deck":["Strike_R","Strike_R","Strike_R","Strike_R","Defend_R","Defend_R","Defend_R","Defend_R","Bash+1","Pommel Strike+1","Pommel Strike+1","Dropkick+1"],"special_seed":0,"relics":["Burning Blood","NeowsBlessing","Ancient Tea Set","Happy Flower","Oddly Smooth Stone","Lizard Tail"],"potions_floor_usage":[22],"damage_taken":[{"damage":0.0,"enemies":"Cultist","floor":1.0,"turns":1.0},{"damage":0,"enemies":"Small Slimes","floor":3,"turns":1},{"damage":0,"enemies":"Jaw Worm","floor":5,"turns":1},{"damage":7,"enemies":"2 Fungi Beasts","floor":6,"turns":3},{"damage":31,"enemies":"3 Sentries","floor":11,"turns":9},{"damage":14,"enemies":"Gremlin Nob","floor":13,"turns":3},{"damage":0,"enemies":"Large Slime","floor":14,"turns":4},{"damage":7,"enemies":"Slime Boss","floor":16,"turns":7},{"damage":20,"enemies":"Spheric Guardian","floor":18,"turns":4},{"damage":16,"enemies":"3 Byrds","floor":22,"turns":4},{"damage":12,"enemies":"Shelled Parasite and Fungi","floor":23,"turns":2}],"seed_played":"-1379077709168922875","potions_obtained":[{"floor":3,"key":"Explosive Potion"},{"floor":6,"key":"Block Potion"},{"floor":14,"key":"SteroidPotion"}],"is_trial":false,"path_per_floor":["M","?","M","$","M","M","R","?","T","R","E","R","E","M","R","B",null,"M","?","?","?","M","M"],"character_chosen":"IRONCLAD","items_purchased":["Pommel Strike"],"campfire_rested":0,"item_purchase_floors":[4],"current_hp_per_floor":[80,80,80,80,80,79,79,79,79,79,54,54,46,52,52,51,80,66,66,51,27,17,5],"gold":524,"neow_bonus":"THREE_ENEMY_KILL","is_prod":false,"is_daily":false,"chose_seed":false,"campfire_upgraded":4,"win_rate":0,"timestamp":1558331568,"path_taken":["M","?","M","$","M","M","R","?","T","R","E","R","E","M","R","BOSS","M","?","?","?","?","?"],"build_version":"2019-01-23","purchased_purges":0,"victory":false,"max_hp_per_floor":[80,80,80,80,80,80,80,80,80,80,80,80,80,80,80,80,80,80,80,85,85,85,85],"card_choices":[{"not_picked":["Clothesline","Metallicize","Seeing Red"],"picked":"SKIP","floor":1.0},{"not_picked":["Headbutt","Body Slam"],"picked":"Pommel Strike","floor":3},{"not_picked":["Thunderclap","Sword Boomerang","Metallicize"],"picked":"SKIP","floor":5},{"not_picked":["Sword Boomerang","Uppercut","True Grit"],"picked":"SKIP","floor":6},{"not_picked":["Hemokinesis","Power Through","Twin Strike"],"picked":"SKIP","floor":11},{"not_picked":["Thunderclap","Intimidate","Second Wind"],"picked":"SKIP","floor":13},{"not_picked":["Hemokinesis","Intimidate"],"picked":"Dropkick","floor":14},{"not_picked":["Shockwave","Rampage","Heavy Blade+1"],"picked":"SKIP","floor":18},{"not_picked":["Carnage+1","True Grit+1","Seeing Red+1"],"picked":"SKIP","floor":22}],"player_experience":892062,"relics_obtained":[{"floor":9,"key":"Ancient Tea Set"},{"floor":11,"key":"Happy Flower"},{"floor":13,"key":"Oddly Smooth Stone"}],"event_choices":[{"cards_removed":["Strike_R"],"damage_healed":0,"gold_gain":0,"player_choice":"Forget","damage_taken":0,"max_hp_gain":0,"max_hp_loss":0,"event_name":"Living Wall","floor":2,"gold_loss":0},{"damage_healed":0,"gold_gain":0,"player_choice":"Ignored","damage_taken":0,"max_hp_gain":0,"max_hp_loss":0,"event_name":"Liars Game","floor":8,"gold_loss":0},{"damage_healed":0,"gold_gain":0,"player_choice":"Ignored","damage_taken":0,"max_hp_gain":0,"max_hp_loss":0,"event_name":"Vampires","floor":19,"gold_loss":0},{"damage_healed":0,"gold_gain":0,"player_choice":"Shed Blood","damage_taken":20,"max_hp_gain":5,"max_hp_loss":0,"event_name":"Forgotten Altar","floor":20,"gold_loss":0},{"damage_healed":0,"gold_gain":180,"player_choice":"GOLD GOLD ","damage_taken":24,"max_hp_gain":0,"max_hp_loss":0,"event_name":"Knowing Skull","floor":21,"potions_obtained":[],"gold_loss":0,"cards_obtained":[]}],"is_beta":false,"boss_relics":[{"not_picked":["Fusion Hammer","White Beast Statue"],"picked":"Lizard Tail"}],"items_purged_floors":[],"is_endless":false,"potions_floor_spawned":[3,6,14],"killed_by":"Shelled Parasite and Fungi","ascension_level":0}