{"gold_per_floor":[116,128,57,57,75,106,116,116,116,116,129,94,94,94,94,196,196,206,206,216,216],"floor_reached":21,"playtime":3146,"items_purged":[],"score":215,"play_id":"869a8b93-c399-4cef-97a5-011ce4eb189e","local_time":"20190724130050","is_ascension_mode":true,"campfire_choices":[{"floor":8,"key":"REST"},{"floor":10,"key":"REST"},{"data":"Bandage Up","floor":13,"key":"SMITH"},{"data":"Survivor","floor":15,"key":"SMITH"}],"neow_cost":"TEN_PERCENT_HP_LOSS","seed_source_timestamp":403731972566300,"circlet_count":0,"master_deck":["Strike_G","Strike_G","Strike_G","Strike_G","Defend_G","Defend_G","Defend_G","Survivor+1","Neutralize","Bandage Up+1","Impatience","Crippling Poison","Flying Knee","Infinite Blades","Well Laid Plans","Accuracy","A Thousand Cuts","Acrobatics+1","Tools of the Trade+1","Deflect+1","Distraction+1","Underhanded Strike+1"],"relics":["Ring of the Snake","Gremlin Horn","StoneCalendar","Ice Cream","Astrolabe","Enchiridion"],"potions_floor_usage":[16,16,16,21],"damage_taken":[{"damage":8,"enemies":"Jaw Worm","floor":1,"turns":5},{"damage":9,"enemies":"Small Slimes","floor":2,"turns":3},{"damage":5,"enemies":"2 Louse","floor":5,"turns":4},{"damage":27,"enemies":"3 Sentries","floor":6,"turns":10},{"damage":24,"enemies":"Exordium Thugs","floor":7,"turns":6},{"damage":9,"enemies":"Large Slime","floor":11,"turns":5},{"damage":12,"enemies":"Slime Boss","floor":16,"turns":7},{"damage":26,"enemies":"Shell Parasite","floor":18,"turns":7},{"damage":27,"enemies":"Spheric Guardian","floor":20,"turns":6},{"damage":16,"enemies":"Centurion and Healer","floor":21,"turns":4}],"seed_played":"-9211525315867687094","potions_obtained":[{"floor":1,"key":"FearPotion"},{"floor":7,"key":"Poison Potion"},{"floor":11,"key":"Strength Potion"},{"floor":18,"key":"SkillPotion"}],"is_trial":false,"path_per_floor":["M","M","$","?","M","E","M","R","T","R","M","?","R","?","R","B",null,"M","?","M","M"],"character_chosen":"THE_SILENT","items_purchased":["Infinite Blades"],"campfire_rested":2,"item_purchase_floors":[3],"current_hp_per_floor":[59,54,54,54,53,30,10,28,28,46,41,56,56,49,49,43,63,43,27,6,0],"gold":216,"neow_bonus":"RANDOM_COLORLESS_2","is_prod":false,"is_daily":false,"chose_seed":false,"campfire_upgraded":2,"win_rate":0,"timestamp":1563998450,"path_taken":["M","M","$","?","M","E","M","R","T","R","M","?","R","?","R","BOSS","M","?","M","M"],"build_version":"2019-07-17","purchased_purges":0,"victory":false,"max_hp_per_floor":[63,63,63,63,63,63,63,63,63,63,63,63,63,63,63,63,63,63,63,63,63],"card_choices":[{"not_picked":["Eviscerate","Acrobatics"],"picked":"Crippling Poison","floor":1},{"not_picked":["Backflip","Slice"],"picked":"Flying Knee","floor":2},{"not_picked":["Slice","Blade Dance","Deadly Poison"],"picked":"SKIP","floor":5},{"not_picked":["After Image","A Thousand Cuts"],"picked":"Well Laid Plans","floor":6},{"not_picked":["Calculated Gamble","Bane"],"picked":"Accuracy","floor":7},{"not_picked":["Flying Knee","Skewer","Sucker Punch"],"picked":"SKIP","floor":11},{"not_picked":["Storm of Steel","Die Die Die"],"picked":"A Thousand Cuts","floor":16},{"not_picked":["Poisoned Stab+1","Eviscerate"],"picked":"Distraction+1","floor":18},{"not_picked":["Dagger Throw","Accuracy"],"picked":"Underhanded Strike+1","floor":20}],"player_experience":686834,"relics_obtained":[{"floor":6,"key":"Gremlin Horn"},{"floor":9,"key":"StoneCalendar"},{"floor":19,"key":"Enchiridion"}],"event_choices":[{"damage_healed":0,"gold_gain":0,"player_choice":"Ignored","damage_taken":0,"max_hp_gain":0,"max_hp_loss":0,"event_name":"Golden Wing","floor":4,"gold_loss":0},{"damage_healed":15,"gold_gain":0,"player_choice":"Healed","damage_taken":0,"max_hp_gain":0,"max_hp_loss":0,"event_name":"The Cleric","floor":12,"gold_loss":35},{"damage_healed":0,"gold_gain":0,"player_choice":"Success","damage_taken":7,"relics_obtained":["Ice Cream"],"max_hp_gain":0,"max_hp_loss":0,"event_name":"Scrap Ooze","floor":14,"gold_loss":0},{"damage_healed":0,"gold_gain":0,"player_choice":"Obtained Book","damage_taken":16,"max_hp_gain":0,"max_hp_loss":0,"event_name":"Cursed Tome","floor":19,"gold_loss":0}],"is_beta":false,"boss_relics":[{"not_picked":["Ectoplasm","Velvet Choker"],"picked":"Astrolabe"}],"items_purged_floors":[],"is_endless":false,"potions_floor_spawned":[1,7,11,18],"killed_by":"Centurion and Healer","ascension_level":4}