{"gold_per_floor":[111,111,123,134,149,149,159,159,159,174,174,174,32,32,32,130,130,146,146,146,126,226,226,242,262,330,343,343,355,365,380,380,484,484,500,182,182,201,220,220,255,255,279,299,25,41,56,56,56,56],"floor_reached":50,"playtime":4669,"items_purged":["Blade Dance"],"score":495,"play_id":"68586bcb-3b0c-4489-954c-866df1439a9b","local_time":"20190807230727","is_ascension_mode":false,"campfire_choices":[{"floor":6,"key":"RECALL"},{"data":"Neutralize","floor":8,"key":"SMITH"},{"floor":12,"key":"REST"},{"data":"Malaise","floor":15,"key":"SMITH"},{"data":"After Image","floor":23,"key":"SMITH"},{"floor":28,"key":"REST"},{"floor":32,"key":"REST"},{"floor":40,"key":"REST"},{"data":"Noxious Fumes","floor":49,"key":"SMITH"}],"neow_cost":"NONE","seed_source_timestamp":162380475796908,"circlet_count":0,"master_deck":["Strike_G","Defend_G","Defend_G","Defend_G","Defend_G","Survivor","Neutralize+1","Footwork","Quick Slash","Terror","Malaise+1","After Image+1","Backflip","Die Die Die","Well Laid Plans","Well Laid Plans","Noxious Fumes+1","Slice","Adrenaline","Finisher","Adrenaline","Catalyst","Metamorphosis","Slice","Footwork","Deflect","Infinite Blades+1","Endless Agony+1","Expertise+1","Accuracy","Endless Agony","Noxious Fumes+1","Catalyst","Blur+1","Well Laid Plans","Doubt"],"relics":["Empty Cage","Philosopher\u0027s Stone","Letter Opener","Black Star","Prayer Wheel","Pantograph","Potion Belt","Lee\u0027s Waffle"],"potions_floor_usage":[16,24,25,30,33,33,41,44,46],"damage_taken":[{"damage":3,"enemies":"Small Slimes","floor":1,"turns":6},{"damage":4,"enemies":"Cultist","floor":3,"turns":5},{"damage":0,"enemies":"2 Louse","floor":4,"turns":4},{"damage":19,"enemies":"Exordium Thugs","floor":5,"turns":10},{"damage":2,"enemies":"Blue Slaver","floor":7,"turns":5},{"damage":0,"enemies":"Looter","floor":10,"turns":4},{"damage":29,"enemies":"Hexaghost","floor":16,"turns":18},{"damage":23,"enemies":"3 Byrds","floor":18,"turns":11},{"damage":3,"enemies":"2 Thieves","floor":21,"turns":4},{"damage":0,"enemies":"Cultist and Chosen","floor":24,"turns":11},{"damage":8,"enemies":"Sentry and Sphere","floor":25,"turns":10},{"damage":0,"enemies":"Snake Plant","floor":27,"turns":7},{"damage":14,"enemies":"Chosen and Byrds","floor":29,"turns":7},{"damage":0,"enemies":"Centurion and Healer","floor":30,"turns":6},{"damage":6,"enemies":"3 Cultists","floor":31,"turns":5},{"damage":19,"enemies":"Champ","floor":33,"turns":12},{"damage":25,"enemies":"3 Darklings","floor":35,"turns":4},{"damage":20,"enemies":"3 Shapes","floor":38,"turns":3},{"damage":11,"enemies":"Maw","floor":39,"turns":9},{"damage":13,"enemies":"Reptomancer","floor":41,"turns":6},{"damage":15,"enemies":"Transient","floor":44,"turns":5},{"damage":31,"enemies":"Spire Growth","floor":46,"turns":4},{"damage":48,"enemies":"3 Darklings","floor":47,"turns":5},{"damage":82,"enemies":"Awakened One","floor":50,"turns":6}],"seed_played":"-6839069298100892693","potions_obtained":[{"floor":4,"key":"LiquidBronze"},{"floor":10,"key":"Energy Potion"},{"floor":16,"key":"GhostInAJar"},{"floor":18,"key":"Energy Potion"},{"floor":27,"key":"Weak Potion"},{"floor":29,"key":"PowerPotion"},{"floor":31,"key":"Poison Potion"},{"floor":35,"key":"GamblersBrew"},{"floor":39,"key":"SteroidPotion"}],"is_trial":false,"path_per_floor":["M","?","M","M","M","R","M","R","T","M","?","R","$","$","R","B",null,"M","?","?","M","?","R","M","M","T","M","R","M","M","M","R","B",null,"M","$","?","M","M","R","E","?","T","M","$","M","M","?","R","B"],"character_chosen":"THE_SILENT","items_purchased":["Malaise","Metamorphosis","Slice","Footwork","Deflect","Lee\u0027s Waffle","Noxious Fumes"],"campfire_rested":4,"item_purchase_floors":[13,36,36,36,36,45,45],"current_hp_per_floor":[67,67,63,63,44,44,42,42,42,42,42,63,63,63,63,34,70,47,34,34,31,31,31,31,23,23,23,45,31,31,25,47,28,75,50,50,50,30,19,41,28,28,28,13,82,51,3,82,82,0],"gold":56,"neow_bonus":"BOSS_RELIC","is_prod":false,"is_daily":false,"chose_seed":false,"campfire_upgraded":4,"win_rate":0,"timestamp":1565233647,"path_taken":["M","?","M","?","M","R","M","R","T","?","?","R","?","$","R","BOSS","M","?","?","?","?","R","M","M","T","M","R","?","M","M","R","BOSS","M","$","?","M","M","R","E","?","T","M","$","M","M","?","R","BOSS"],"build_version":"2019-07-17","purchased_purges":1,"victory":false,"max_hp_per_floor":[70,70,70,70,70,70,70,70,70,70,70,70,70,70,70,70,70,70,75,75,75,75,75,75,75,75,75,75,75,75,75,75,75,75,75,75,75,75,75,75,75,75,75,75,82,82,82,82,82,82],"card_choices":[{"not_picked":["Dagger Spray","Outmaneuver","Dagger Throw"],"picked":"SKIP","floor":1},{"not_picked":["Outmaneuver","Prepared"],"picked":"Footwork","floor":3},{"not_picked":["Acrobatics","Crippling Poison"],"picked":"Quick Slash","floor":4},{"not_picked":["Dagger Spray","Dash","Deadly Poison"],"picked":"SKIP","floor":5},{"not_picked":["Dodge and Roll","Cloak And Dagger","Bane"],"picked":"SKIP","floor":7},{"not_picked":["Acrobatics","PiercingWail"],"picked":"Terror","floor":10},{"not_picked":["Storm of Steel","Burst"],"picked":"After Image","floor":16},{"not_picked":["PiercingWail","Prepared"],"picked":"Backflip","floor":18},{"not_picked":["Poisoned Stab","Blade Dance+1"],"picked":"Well Laid Plans","floor":21},{"not_picked":["Deflect","Outmaneuver"],"picked":"Well Laid Plans","floor":24},{"not_picked":["Deadly Poison","Outmaneuver","Crippling Poison"],"picked":"SKIP","floor":25},{"not_picked":["Bane+1","Acrobatics"],"picked":"Noxious Fumes+1","floor":27},{"not_picked":["Masterful Stab","Dash"],"picked":"Slice","floor":29},{"not_picked":["Blur","Distraction"],"picked":"Adrenaline","floor":30},{"not_picked":["Dagger Throw+1","Caltrops"],"picked":"Finisher","floor":31},{"not_picked":["A Thousand Cuts","Tools of the Trade"],"picked":"Adrenaline","floor":33},{"not_picked":["Caltrops+1","Dagger Throw+1"],"picked":"Catalyst","floor":35},{"not_picked":["Slice","Bane"],"picked":"Infinite Blades+1","floor":38},{"not_picked":["Backstab+1","Flying Knee+1"],"picked":"Endless Agony+1","floor":39},{"not_picked":["Quick Slash","Predator+1"],"picked":"Expertise+1","floor":41},{"not_picked":["Eviscerate","Dodge and Roll"],"picked":"Accuracy","floor":44},{"not_picked":["Quick Slash+1","Prepared+1"],"picked":"Endless Agony","floor":44},{"not_picked":["Deadly Poison","Bane"],"picked":"Catalyst","floor":46},{"not_picked":["Sucker Punch","Prepared","Tools of the Trade"],"picked":"SKIP","floor":46},{"not_picked":["Bane","Deadly Poison+1"],"picked":"Blur+1","floor":47},{"not_picked":["Bane+1","Skewer"],"picked":"Well Laid Plans","floor":47}],"player_experience":81496,"relics_obtained":[{"floor":26,"key":"Letter Opener"},{"floor":41,"key":"Prayer Wheel"},{"floor":41,"key":"Pantograph"},{"floor":43,"key":"Potion Belt"}],"event_choices":[{"cards_removed":["Defend_G"],"damage_healed":0,"gold_gain":0,"player_choice":"Offered Basic","damage_taken":0,"max_hp_gain":0,"max_hp_loss":0,"event_name":"Bonfire Elementals","floor":2,"gold_loss":0},{"damage_healed":0,"gold_gain":0,"player_choice":"1 cards matched","damage_taken":0,"max_hp_gain":0,"max_hp_loss":0,"event_name":"Match and Keep!","floor":11,"gold_loss":0,"cards_obtained":["Blade Dance"]},{"damage_healed":0,"gold_gain":0,"player_choice":"Shed Blood","damage_taken":18,"max_hp_gain":5,"max_hp_loss":0,"event_name":"Forgotten Altar","floor":19,"gold_loss":0},{"damage_healed":0,"gold_gain":0,"cards_transformed":["Strike_G"],"player_choice":"Transformed","damage_taken":0,"max_hp_gain":0,"max_hp_loss":0,"event_name":"Transmorgrifier","floor":20,"gold_loss":0,"cards_obtained":["Die Die Die"]},{"damage_healed":0,"gold_gain":100,"player_choice":"Pray","damage_taken":0,"max_hp_gain":0,"max_hp_loss":0,"event_name":"Golden Shrine","floor":22,"gold_loss":0},{"damage_healed":0,"gold_gain":0,"player_choice":"Ignored","damage_taken":0,"max_hp_gain":0,"max_hp_loss":0,"event_name":"Tomb of Lord Red Mask","floor":37,"gold_loss":0},{"cards_removed":["Strike_G"],"damage_healed":0,"gold_gain":0,"player_choice":"Removed Attack","damage_taken":0,"max_hp_gain":0,"max_hp_loss":0,"event_name":"Falling","floor":42,"gold_loss":0},{"damage_healed":79,"gold_gain":0,"player_choice":"Heal","damage_taken":0,"max_hp_gain":0,"max_hp_loss":0,"event_name":"MindBloom","floor":48,"gold_loss":0,"cards_obtained":["Doubt"]}],"is_beta":false,"boss_relics":[{"not_picked":["Eternal Feather","Runic Pyramid"],"picked":"Philosopher\u0027s Stone"},{"not_picked":["Snecko Eye","Tiny House"],"picked":"Black Star"}],"items_purged_floors":[13],"is_endless":false,"potions_floor_spawned":[4,10,16,18,27,29,31,35,39],"killed_by":"Awakened One","ascension_level":0}