{"gold_per_floor":[110,125,140,140,42,42,67,67,94,119,119,145,160,174,174,272,272,288,288,10,22,38,65,82,109,134,134,153,172,203,214,214,316,316,327,345,69,85,97,97,126,140,140,150,60,87,104,116,116,116,116,116,41,71,71],"floor_reached":56,"playtime":3956,"items_purged":["Strike_B","Strike_B"],"score":1538,"play_id":"004eeee2-d314-4ab1-adf7-60b50b004701","local_time":"20190803204800","is_ascension_mode":true,"campfire_choices":[{"data":"Zap","floor":6.0,"key":"SMITH"},{"data":"Glacier","floor":8.0,"key":"SMITH"},{"data":"Defragment","floor":15.0,"key":"SMITH"},{"data":"Seek","floor":27.0,"key":"SMITH"},{"data":"Defragment","floor":32.0,"key":"SMITH"},{"floor":40.0,"key":"RECALL"},{"data":"Capacitor","floor":49.0,"key":"SMITH"},{"data":"Heatsinks","floor":52.0,"key":"SMITH"}],"neow_cost":"NONE","seed_source_timestamp":17766374358822,"circlet_count":0,"master_deck":["Defend_B","Defend_B","Defend_B+1","Zap+1","Dualcast+1","Melter","BootSequence","Glacier+1","Beam Cell","Gash","Defragment+1","Cold Snap","Self Repair","Seek+1","Multi-Cast+1","Self Repair","Coolheaded","Storm+1","Coolheaded+1","Rebound+1","Go for the Eyes","Defragment+1","Heatsinks+1","Machine Learning","Leap+1","Coolheaded+1","Coolheaded+1","Ball Lightning","Rebound","Defragment+1","Capacitor+1","Steam Power+1","Defragment+1","Defragment+1","Seek","Glacier+1"],"special_seed":0,"relics":["Cracked Core","DataDisk","Anchor","Centennial Puzzle","Symbiotic Virus","Coffee Dripper","ClockworkSouvenir","Shuriken","Bird Faced Urn","Smiling Mask","Cables","Orrery","War Paint","StoneCalendar","Emotion Chip","Bronze Scales"],"potions_floor_usage":[55,55,55],"damage_taken":[{"damage":0.0,"enemies":"Cultist","floor":1.0,"turns":4.0},{"damage":8.0,"enemies":"2 Louse","floor":2.0,"turns":2.0},{"damage":3.0,"enemies":"Small Slimes","floor":3.0,"turns":3.0},{"damage":12.0,"enemies":"Gremlin Nob","floor":7.0,"turns":3.0},{"damage":13.0,"enemies":"3 Sentries","floor":10.0,"turns":8.0},{"damage":18.0,"enemies":"Gremlin Nob","floor":12.0,"turns":5.0},{"damage":0.0,"enemies":"Red Slaver","floor":13.0,"turns":3.0},{"damage":0.0,"enemies":"2 Fungi Beasts","floor":14.0,"turns":4.0},{"damage":10.0,"enemies":"Hexaghost","floor":16.0,"turns":15.0},{"damage":3.0,"enemies":"2 Thieves","floor":18.0,"turns":4.0},{"damage":0.0,"enemies":"Spheric Guardian","floor":21.0,"turns":4.0},{"damage":0.0,"enemies":"Centurion and Healer","floor":22.0,"turns":10.0},{"damage":1.0,"enemies":"Book of Stabbing","floor":23.0,"turns":5.0},{"damage":0.0,"enemies":"Snake Plant","floor":24.0,"turns":6.0},{"damage":48.0,"enemies":"Gremlin Leader","floor":25.0,"turns":7.0},{"damage":0.0,"enemies":"Snecko","floor":28.0,"turns":4.0},{"damage":0.0,"enemies":"Centurion and Healer","floor":29.0,"turns":6.0},{"damage":6.0,"enemies":"Slavers","floor":30.0,"turns":8.0},{"damage":0.0,"enemies":"Snake Plant","floor":31.0,"turns":5.0},{"damage":18.0,"enemies":"Collector","floor":33.0,"turns":9.0},{"damage":1.0,"enemies":"3 Darklings","floor":35.0,"turns":5.0},{"damage":0.0,"enemies":"3 Shapes","floor":36.0,"turns":3.0},{"damage":7.0,"enemies":"Writhing Mass","floor":38.0,"turns":3.0},{"damage":2.0,"enemies":"Jaw Worm Horde","floor":39.0,"turns":3.0},{"damage":9.0,"enemies":"Nemesis","floor":41.0,"turns":6.0},{"damage":30.0,"enemies":"3 Darklings","floor":42.0,"turns":4.0},{"damage":0.0,"enemies":"Spire Growth","floor":44.0,"turns":3.0},{"damage":6.0,"enemies":"Giant Head","floor":46.0,"turns":6.0},{"damage":0.0,"enemies":"4 Shapes","floor":47.0,"turns":4.0},{"damage":3.0,"enemies":"3 Darklings","floor":48.0,"turns":4.0},{"damage":8.0,"enemies":"Donu and Deca","floor":50.0,"turns":7.0},{"damage":9,"enemies":"Shield and Spear","floor":54,"turns":5},{"damage":18,"enemies":"The Heart","floor":55,"turns":7}],"seed_played":"1033696825483344899","potions_obtained":[{"floor":2.0,"key":"Swift Potion"},{"floor":3.0,"key":"Poison Potion"},{"floor":12.0,"key":"Ancient Potion"},{"floor":13.0,"key":"Block Potion"},{"floor":16.0,"key":"AttackPotion"},{"floor":23.0,"key":"PowerPotion"},{"floor":24.0,"key":"SkillPotion"},{"floor":28.0,"key":"EssenceOfSteel"},{"floor":30.0,"key":"Fire Potion"},{"floor":33.0,"key":"Poison Potion"},{"floor":36.0,"key":"Block Potion"},{"floor":41.0,"key":"SpeedPotion"},{"floor":44.0,"key":"Energy Potion"},{"floor":48.0,"key":"Block Potion"}],"is_trial":false,"path_per_floor":["M","M","M","?","$","R","E","R","T","E","?","E","M","M","R","B",null,"M","?","$","M","M","E","M","E","T","R","M","M","E","M","R","B",null,"M","M","$","M","M","R","E","M","T","M","?","E","M","M","R","B",null,"R","$","E","B",null],"character_chosen":"DEFECT","items_purchased":["Beam Cell","ClockworkSouvenir","Self Repair","Capacitor","War Paint","FocusPotion"],"campfire_rested":0,"item_purchase_floors":[5,20,20,37,37,53],"current_hp_per_floor":[82,74,71,71,71,71,59,59,59,46,46,28,35,42,42,39,71,75,75,75,82,82,82,82,48,48,48,61,82,82,82,82,82,82,82,82,82,81,82,82,82,65,65,82,82,82,82,82,82,82,82,82,82,82,82],"gold":71,"neow_bonus":"TEN_PERCENT_HP_BONUS","is_prod":false,"is_daily":false,"chose_seed":false,"campfire_upgraded":7,"win_rate":0,"timestamp":1564883280,"path_taken":["M","M","M","?","?","R","E","R","T","E","?","E","?","M","R","BOSS","M","?","$","M","M","E","M","E","T","R","M","M","E","?","R","BOSS","M","M","$","M","M","R","E","M","T","M","?","E","?","M","R","BOSS","R","$","E","BOSS"],"build_version":"2019-07-17","purchased_purges":2,"victory":true,"max_hp_per_floor":[82,82,82,82,82,82,82,82,82,82,82,82,82,82,82,82,82,82,82,82,82,82,82,82,82,82,82,82,82,82,82,82,82,82,82,82,82,82,82,82,82,82,82,82,82,82,82,82,82,82,82,82,82,82,82],"card_choices":[{"not_picked":["Streamline","Genetic Algorithm"],"picked":"Melter","floor":1.0},{"not_picked":["Steam","Turbo"],"picked":"BootSequence","floor":2.0},{"not_picked":["Coolheaded","Leap"],"picked":"Glacier","floor":3.0},{"not_picked":["Redo","Sweeping Beam"],"picked":"Gash","floor":7.0},{"not_picked":["Heatsinks","Gash"],"picked":"Defragment","floor":10.0},{"not_picked":["Recycle","Reprogram"],"picked":"Self Repair","floor":12.0},{"not_picked":["Leap","Genetic Algorithm","Scrape"],"picked":"SKIP","floor":13.0},{"not_picked":["Stack","Compile Driver"],"picked":"Seek","floor":14.0},{"not_picked":["Buffer","Thunder Strike"],"picked":"Multi-Cast","floor":16.0},{"not_picked":["Turbo","Stack","Beam Cell"],"picked":"SKIP","floor":18.0},{"not_picked":["Stack","BootSequence"],"picked":"Coolheaded","floor":21.0},{"not_picked":["Chill","Beam Cell"],"picked":"Storm+1","floor":22.0},{"not_picked":["Gash","Conserve Battery"],"picked":"Coolheaded+1","floor":23.0},{"not_picked":["Undo+1","Hyperbeam"],"picked":"Rebound+1","floor":24.0},{"not_picked":["Sweeping Beam+1","Cold Snap","Reinforced Body"],"picked":"SKIP","floor":25.0},{"not_picked":["Reinforced Body+1","Leap"],"picked":"Go for the Eyes","floor":28.0},{"not_picked":["Storm","Auto Shields"],"picked":"Defragment","floor":29.0},{"not_picked":["Turbo","Buffer"],"picked":"Heatsinks","floor":30.0},{"not_picked":["Coolheaded","Sunder","Aggregate"],"picked":"SKIP","floor":31.0},{"not_picked":["Hyperbeam","Meteor Strike"],"picked":"Machine Learning","floor":33.0},{"not_picked":["Storm","Compile Driver+1"],"picked":"Leap+1","floor":34.0},{"not_picked":["Tempest","Cold Snap"],"picked":"Coolheaded+1","floor":34.0},{"not_picked":["Cold Snap","Redo+1"],"picked":"Coolheaded+1","floor":34.0},{"not_picked":["Hello World+1","Compile Driver"],"picked":"Ball Lightning","floor":34.0},{"not_picked":["Coolheaded","Turbo"],"picked":"Rebound","floor":34.0},{"not_picked":["Rip and Tear","Ball Lightning"],"picked":"Defragment+1","floor":35.0},{"not_picked":["Gash","Hyperbeam","Barrage"],"picked":"SKIP","floor":36.0},{"not_picked":["Leap","Gash+1"],"picked":"Steam Power+1","floor":38.0},{"not_picked":["BootSequence+1","Conserve Battery","Rebound"],"picked":"SKIP","floor":39.0},{"not_picked":["Stack+1","Coolheaded","Rebound+1"],"picked":"SKIP","floor":41.0},{"not_picked":["Reprogram+1","FTL"],"picked":"Defragment+1","floor":42.0},{"not_picked":["Coolheaded+1","Steam+1"],"picked":"Defragment","floor":44.0},{"not_picked":["Conserve Battery+1","Stack"],"picked":"Seek","floor":46.0},{"not_picked":["Leap","Darkness"],"picked":"Glacier+1","floor":47.0},{"not_picked":["Gash","Consume+1","Ball Lightning"],"picked":"SKIP","floor":48.0},{"not_picked":["Consume","Sweeping Beam+1","Streamline"],"picked":"SKIP","floor":54}],"player_experience":235683,"relics_obtained":[{"floor":7.0,"key":"DataDisk"},{"floor":9.0,"key":"Anchor"},{"floor":10.0,"key":"Centennial Puzzle"},{"floor":12.0,"key":"Symbiotic Virus"},{"floor":23.0,"key":"Shuriken"},{"floor":25.0,"key":"Bird Faced Urn"},{"floor":26.0,"key":"Smiling Mask"},{"floor":30.0,"key":"Cables"},{"floor":41.0,"key":"StoneCalendar"},{"floor":46.0,"key":"Emotion Chip"},{"floor":54,"key":"Bronze Scales"}],"event_choices":[{"cards_removed":["Strike_B"],"damage_healed":0.0,"max_hp_gain":0.0,"max_hp_loss":0.0,"gold_gain":0.0,"event_name":"Bonfire Elementals","player_choice":"Offered Basic","floor":4.0,"gold_loss":0.0,"damage_taken":0.0},{"damage_healed":0.0,"max_hp_gain":0.0,"max_hp_loss":0.0,"gold_gain":0.0,"cards_transformed":["Strike_B"],"event_name":"Transmorgrifier","player_choice":"Transformed","floor":11.0,"gold_loss":0.0,"damage_taken":0.0,"cards_obtained":["Cold Snap"]},{"damage_healed":0.0,"max_hp_gain":0.0,"max_hp_loss":0.0,"gold_gain":0.0,"event_name":"Accursed Blacksmith","player_choice":"Forge","floor":19.0,"gold_loss":0.0,"damage_taken":0.0,"cards_upgraded":["Multi-Cast"]},{"cards_removed":["Defend_B"],"damage_healed":0.0,"max_hp_gain":0.0,"max_hp_loss":0.0,"gold_gain":0.0,"event_name":"Designer","player_choice":"Upgrade and Remove","floor":45.0,"gold_loss":90.0,"damage_taken":0.0,"cards_upgraded":["Defragment"]}],"is_beta":false,"boss_relics":[{"not_picked":["Astrolabe","Snecko Eye"],"picked":"Coffee Dripper"},{"not_picked":["Lizard Tail","White Beast Statue"],"picked":"Orrery"}],"items_purged_floors":[5,37],"is_endless":false,"potions_floor_spawned":[2,3,12,13,16,23,24,28,30,33,36,41,44,48],"ascension_level":5}