{"gold_per_floor":[114,114,114,114,138,172,172,197,197,197,230,230,25,39,39,159,159,179,179,78,78,92,131,131,150,150,51,51,90,90,90,90,215,215,240,265,265,265,281,281,281,281,304,230,10,35,53,68,68,68],"floor_reached":51,"playtime":4119,"items_purged":["Strike_B","Defend_B"],"score":723,"play_id":"7e40f91a-014b-48e4-8b76-af3606ab7f3a","local_time":"20190108132742","is_ascension_mode":true,"campfire_choices":[{"floor":7,"key":"REST"},{"floor":10,"key":"REST"},{"floor":15,"key":"REST"},{"data":"Echo Form","floor":24,"key":"SMITH"},{"floor":28,"key":"REST"},{"data":"Conserve Battery","floor":30,"key":"SMITH"},{"floor":32,"key":"REST"},{"data":"Apotheosis","floor":40,"key":"SMITH"},{"floor":42,"key":"REST"},{"data":"Hologram","floor":49,"key":"SMITH"}],"neow_cost":"NONE","seed_source_timestamp":301860091397455,"circlet_count":0,"master_deck":["Defend_B","Defend_B","Zap","Dualcast","Hologram+1","Undo","Auto Shields","Storm+1","Heatsinks","Genetic Algorithm","Turbo","Echo Form+1","White Noise","Static Discharge","Leap","Double Energy","Cold Snap+1","Rebound","Conserve Battery+1","Gash","Electrodynamics","Stack+1","Apotheosis+1","Blind","Forethought","Barrage+1","Madness","Madness","Loop","Ball Lightning","FTL","Beam Cell","Melter","Glacier"],"relics":["Cracked Core","Pen Nib","Golden Idol","Matryoshka","Mercury Hourglass","Pantograph","Bag of Marbles","Runic Capacitor","Runic Pyramid","FaceOfCleric","Singing Bowl","Smiling Mask","Ginger","Potion Belt","Empty Cage","Happy Flower","Dodecahedron"],"potions_floor_usage":[14,14,22,23,29,33,39,50],"damage_taken":[{"damage":11,"enemies":"Jaw Worm","floor":1,"turns":3},{"damage":8,"enemies":"2 Louse","floor":5,"turns":3},{"damage":24,"enemies":"3 Sentries","floor":6,"turns":9},{"damage":2,"enemies":"Small Slimes","floor":8,"turns":3},{"damage":23,"enemies":"Lagavulin","floor":11,"turns":8},{"damage":8,"enemies":"Exordium Wildlife","floor":14,"turns":4},{"damage":65,"enemies":"The Guardian","floor":16,"turns":13},{"damage":5,"enemies":"Shell Parasite","floor":18,"turns":8},{"damage":2,"enemies":"Spheric Guardian","floor":22,"turns":5},{"damage":32,"enemies":"Slavers","floor":23,"turns":6},{"damage":0,"enemies":"Snecko","floor":25,"turns":6},{"damage":11,"enemies":"Book of Stabbing","floor":29,"turns":6},{"damage":23,"enemies":"Automaton","floor":33,"turns":11},{"damage":3,"enemies":"Orb Walker","floor":35,"turns":6},{"damage":0,"enemies":"3 Shapes","floor":36,"turns":5},{"damage":6,"enemies":"Sphere and 2 Shapes","floor":39,"turns":4},{"damage":6,"enemies":"3 Darklings","floor":46,"turns":4},{"damage":1,"enemies":"Maw","floor":47,"turns":7},{"damage":11,"enemies":"Sphere and 2 Shapes","floor":48,"turns":3},{"damage":15,"enemies":"Donu and Deca","floor":50,"turns":9}],"seed_played":"-8491970451046251161","potions_obtained":[{"floor":6,"key":"EssenceOfSteel"},{"floor":8,"key":"SpeedPotion"},{"floor":11,"key":"LiquidBronze"},{"floor":18,"key":"AttackPotion"},{"floor":22,"key":"Weak Potion"},{"floor":25,"key":"Dexterity Potion"},{"floor":36,"key":"AttackPotion"},{"floor":47,"key":"Dexterity Potion"}],"is_trial":false,"path_per_floor":["M","?","?","?","M","E","R","M","T","R","E","?","$","M","R","B",null,"M","?","$","?","M","E","R","M","T","$","R","E","R","?","R","B",null,"M","M","?","?","M","R","?","R","T","?","$","M","M","M","R","B",null],"character_chosen":"DEFECT","items_purchased":["Runic Capacitor","Static Discharge","Leap","Conserve Battery","Loop","Ball Lightning","FTL"],"campfire_rested":6,"item_purchase_floors":[13,20,20,27,45,45,45],"current_hp_per_floor":[64,64,46,46,38,14,36,34,34,56,33,38,38,30,54,14,80,75,75,75,75,74,43,43,44,44,44,68,58,58,58,83,62,85,85,86,76,76,71,71,60,87,87,87,87,82,82,72,72,79],"gold":68,"neow_bonus":"RANDOM_COMMON_RELIC","is_prod":false,"is_daily":false,"chose_seed":false,"campfire_upgraded":4,"win_rate":0,"timestamp":1546914462,"path_taken":["M","?","?","?","?","E","R","M","T","R","E","?","?","M","R","BOSS","M","?","$","?","?","E","R","M","T","$","R","E","R","?","R","BOSS","M","?","?","?","M","R","?","R","T","?","$","M","?","M","R","BOSS"],"build_version":"2019-01-03v4","purchased_purges":2,"victory":true,"max_hp_per_floor":[75,75,75,75,75,75,75,75,75,75,75,80,80,80,80,80,80,80,80,80,80,81,82,82,83,83,83,83,84,84,84,84,85,85,88,89,89,89,90,90,90,90,90,90,90,91,92,93,93,94],"card_choices":[{"not_picked":["Steam Power","Compile Driver"],"picked":"Hologram","floor":1},{"not_picked":["Sweeping Beam","Turbo"],"picked":"Auto Shields","floor":5},{"not_picked":["Hologram","Barrage"],"picked":"Storm","floor":6},{"not_picked":["Scrape","Doom and Gloom"],"picked":"Heatsinks","floor":8},{"not_picked":["Steam Power","Hello World"],"picked":"Genetic Algorithm","floor":11},{"not_picked":["Rebound","Self Repair"],"picked":"Turbo","floor":14},{"not_picked":["Thunder Strike","Reboot"],"picked":"Echo Form","floor":16},{"not_picked":["Hello World","Conserve Battery"],"picked":"White Noise","floor":18},{"not_picked":["Ball Lightning","Go for the Eyes+1"],"picked":"Double Energy","floor":22},{"not_picked":["Genetic Algorithm","Multi-Cast"],"picked":"Cold Snap+1","floor":23},{"not_picked":["Barrage+1","Beam Cell"],"picked":"Rebound","floor":25},{"not_picked":["Steam Power","Turbo"],"picked":"Gash","floor":29},{"not_picked":["Multi-Cast","Fission"],"picked":"Electrodynamics","floor":33},{"not_picked":["Heatsinks","Leap","Steam"],"picked":"Singing Bowl","floor":35},{"not_picked":["Glacier","Rebound+1"],"picked":"Stack+1","floor":36},{"not_picked":["Chrysalis","Sadistic Nature"],"picked":"Apotheosis","floor":37},{"not_picked":["Thinking Ahead","Mayhem"],"picked":"Blind","floor":37},{"not_picked":["HandOfGreed","Master of Strategy"],"picked":"Forethought","floor":37},{"not_picked":["Streamline","Chaos+1"],"picked":"Barrage+1","floor":39},{"not_picked":["Storm+1","Cold Snap"],"picked":"Beam Cell","floor":46},{"not_picked":["Turbo","Redo"],"picked":"Melter","floor":47},{"not_picked":["Steam+1","Ball Lightning"],"picked":"Glacier","floor":48}],"player_experience":403436,"relics_obtained":[{"floor":6,"key":"Matryoshka"},{"floor":9,"key":"Mercury Hourglass"},{"floor":9,"key":"Pantograph"},{"floor":11,"key":"Bag of Marbles"},{"floor":23,"key":"Singing Bowl"},{"floor":26,"key":"Smiling Mask"},{"floor":26,"key":"Ginger"},{"floor":29,"key":"Potion Belt"},{"floor":43,"key":"Happy Flower"}],"event_choices":[{"damage_healed":0,"gold_gain":0,"cards_transformed":["Strike_B"],"player_choice":"Change","damage_taken":0,"max_hp_gain":0,"max_hp_loss":0,"event_name":"Living Wall","floor":2,"gold_loss":0,"cards_obtained":["Undo"]},{"damage_healed":0,"gold_gain":0,"player_choice":"Take Damage","damage_taken":18,"relics_obtained":["Golden Idol"],"max_hp_gain":0,"max_hp_loss":0,"event_name":"Golden Idol","floor":3,"gold_loss":0},{"damage_healed":0,"gold_gain":0,"player_choice":"Ignored","damage_taken":0,"max_hp_gain":0,"max_hp_loss":0,"event_name":"Shining Light","floor":4,"gold_loss":0},{"damage_healed":0,"gold_gain":0,"player_choice":"Donut","damage_taken":0,"max_hp_gain":5,"max_hp_loss":0,"event_name":"Big Fish","floor":12,"gold_loss":0},{"cards_removed":["Strike_B"],"damage_healed":0,"gold_gain":0,"player_choice":"Elegance","damage_taken":0,"max_hp_gain":0,"max_hp_loss":0,"event_name":"Back to Basics","floor":19,"gold_loss":0},{"damage_healed":0,"gold_gain":0,"player_choice":"Trade","damage_taken":0,"relics_obtained":["FaceOfCleric"],"max_hp_gain":0,"max_hp_loss":0,"event_name":"FaceTrader","floor":21,"gold_loss":0},{"damage_healed":0,"gold_gain":0,"player_choice":"Upgraded","damage_taken":0,"max_hp_gain":0,"max_hp_loss":0,"event_name":"Upgrade Shrine","floor":31,"gold_loss":0,"cards_upgraded":["Storm"]},{"damage_healed":0,"gold_gain":0,"player_choice":"Memory 3","damage_taken":10,"max_hp_gain":0,"max_hp_loss":0,"event_name":"SensoryStone","floor":37,"gold_loss":0},{"damage_healed":0,"gold_gain":0,"player_choice":"Ignored","damage_taken":0,"max_hp_gain":0,"max_hp_loss":0,"event_name":"Tomb of Lord Red Mask","floor":38,"gold_loss":0},{"damage_healed":0,"gold_gain":0,"player_choice":"Embrace Madness","damage_taken":11,"max_hp_gain":0,"max_hp_loss":0,"event_name":"Winding Halls","floor":41,"gold_loss":0,"cards_obtained":["Madness","Madness"]},{"damage_healed":0,"gold_gain":0,"player_choice":"Paid Gold","damage_taken":0,"relics_obtained":["Dodecahedron"],"max_hp_gain":0,"max_hp_loss":0,"event_name":"WeMeetAgain","floor":44,"gold_loss":74}],"is_beta":false,"boss_relics":[{"not_picked":["Velvet Choker","Sozu"],"picked":"Runic Pyramid"},{"not_picked":["Cursed Key","Snecko Eye"],"picked":"Empty Cage"}],"items_purged_floors":[27,45],"is_endless":false,"potions_floor_spawned":[6,8,11,18,22,25,36,47],"ascension_level":1}