{"gold_per_floor":[109,129,129,147,147,147,163,163,163,193,211,211,237,237],"floor_reached":14,"playtime":657,"items_purged":[],"score":90,"play_id":"96936df6-af1b-41a8-b017-3b611ba96298","local_time":"20190728233930","is_ascension_mode":false,"campfire_choices":[{"data":"Pommel Strike","floor":6,"key":"SMITH"},{"data":"Strike_R","floor":8,"key":"SMITH"},{"data":"Infernal Blade","floor":12,"key":"SMITH"}],"neow_cost":"NONE","seed_source_timestamp":1468516513030451,"circlet_count":0,"master_deck":["Strike_R","Strike_R","Strike_R","Strike_R+1","Defend_R","Defend_R","Defend_R","Defend_R","Bash","Pommel Strike+1","Burning Pact","Bash","Infernal Blade+1","Iron Wave","Iron Wave","Thunderclap","True Grit"],"relics":["Burning Blood","Oddly Smooth Stone","Odd Mushroom","Paper Frog"],"potions_floor_usage":[],"damage_taken":[{"damage":1,"enemies":"2 Louse","floor":1,"turns":4},{"damage":1,"enemies":"Cultist","floor":2,"turns":3},{"damage":11,"enemies":"Jaw Worm","floor":4,"turns":3},{"damage":26,"enemies":"Lots of Slimes","floor":7,"turns":5},{"damage":11,"enemies":"The Mushroom Lair","floor":10,"turns":6},{"damage":4,"enemies":"Looter","floor":11,"turns":3},{"damage":51,"enemies":"Lagavulin","floor":13,"turns":9},{"damage":0,"enemies":"3 Louse","floor":14,"turns":1}],"seed_played":"8822361153813474119","potions_obtained":[{"floor":4,"key":"SpeedPotion"},{"floor":7,"key":"Ancient Potion"},{"floor":13,"key":"Explosive Potion"}],"is_trial":false,"path_per_floor":["M","M","?","M","?","R","M","R","T","?","M","R","E","M"],"character_chosen":"IRONCLAD","items_purchased":[],"campfire_rested":0,"item_purchase_floors":[],"current_hp_per_floor":[88,88,88,83,83,83,63,63,63,58,60,60,15,15],"gold":237,"neow_bonus":"TEN_PERCENT_HP_BONUS","is_prod":false,"is_daily":false,"chose_seed":false,"campfire_upgraded":3,"win_rate":0.0,"timestamp":1564328370,"path_taken":["M","M","?","?","?","R","?","R","T","?","M","R","E","M"],"build_version":"2019-07-17","purchased_purges":0,"victory":false,"max_hp_per_floor":[88,88,88,88,88,88,88,88,88,88,88,88,88,88],"card_choices":[{"not_picked":["Combust","Armaments"],"picked":"Pommel Strike","floor":1},{"not_picked":["True Grit","Spot Weakness"],"picked":"Burning Pact","floor":2},{"not_picked":["Flex","Inflame"],"picked":"Infernal Blade","floor":4},{"not_picked":["Sword Boomerang","Heavy Blade"],"picked":"Iron Wave","floor":7},{"not_picked":["Body Slam","Rupture"],"picked":"Thunderclap","floor":10},{"not_picked":["Anger","Warcry","Thunderclap"],"picked":"SKIP","floor":11},{"not_picked":["Anger","Fire Breathing"],"picked":"True Grit","floor":13}],"player_experience":32633,"relics_obtained":[{"floor":9,"key":"Oddly Smooth Stone"},{"floor":10,"key":"Odd Mushroom"},{"floor":13,"key":"Paper Frog"}],"event_choices":[{"damage_healed":0,"gold_gain":0,"player_choice":"1 cards matched","damage_taken":0,"max_hp_gain":0,"max_hp_loss":0,"event_name":"Match and Keep!","floor":3,"gold_loss":0,"cards_obtained":["Bash"]},{"cards_removed":["Strike_R"],"damage_healed":0,"gold_gain":0,"player_choice":"Took Card","damage_taken":0,"max_hp_gain":0,"max_hp_loss":0,"event_name":"NoteForYourself","floor":5,"gold_loss":0,"cards_obtained":["Iron Wave"]},{"damage_healed":0,"gold_gain":0,"player_choice":"Fought Mushrooms","damage_taken":0,"max_hp_gain":0,"max_hp_loss":0,"event_name":"Mushrooms","floor":10,"gold_loss":0}],"is_beta":false,"boss_relics":[],"items_purged_floors":[],"is_endless":false,"potions_floor_spawned":[4,7,13],"killed_by":"3 Louse","ascension_level":0}