{"gold_per_floor":[119,119,119,84,97,140,165,203,203,237,237,237,262,47,47,176,176,196,147,166,166,91,91,68,68,68,88,88,126,126,126,126,126],"floor_reached":33,"playtime":1936,"items_purged":[],"score":456,"play_id":"98fcfb0b-81bc-4762-8fa2-e9c7c82fc1e3","local_time":"20190205232817","is_ascension_mode":true,"campfire_choices":[{"floor":12.0,"key":"REST"},{"floor":15.0,"key":"REST"},{"data":"Streamline","floor":23.0,"key":"SMITH"},{"floor":25.0,"key":"REST"},{"floor":30.0,"key":"REST"},{"floor":32.0,"key":"REST"}],"neow_cost":"NONE","seed_source_timestamp":151590847181680,"circlet_count":0,"master_deck":["AscendersBane","Strike_B","Strike_B","Defend_B","Defend_B","Defend_B","Defend_B","Zap+1","Dualcast+1","Loop","Blizzard","Capacitor","Coolheaded","Consume","Cold Snap","Streamline+1","Amplify+1","Leap+1","White Noise+1","Glacier+1","Thunder Strike","Coolheaded+1","Cold Snap","Conserve Battery+1","Streamline","Ball Lightning","Cold Snap"],"special_seed":0,"relics":["FrozenCore","NeowsBlessing","Golden Idol","PreservedInsect","Bird Faced Urn","Toxic Egg 2","Boot","Bag of Marbles","Singing Bowl","War Paint"],"potions_floor_usage":[],"damage_taken":[{"damage":0.0,"enemies":"2 Louse","floor":1.0,"turns":1.0},{"damage":0.0,"enemies":"Cultist","floor":5.0,"turns":1.0},{"damage":0.0,"enemies":"Lagavulin","floor":6.0,"turns":1.0},{"damage":5.0,"enemies":"Jaw Worm","floor":7.0,"turns":3.0},{"damage":24.0,"enemies":"Gremlin Nob","floor":8.0,"turns":4.0},{"damage":7.0,"enemies":"Lagavulin","floor":10.0,"turns":6.0},{"damage":14.0,"enemies":"Exordium Thugs","floor":13.0,"turns":6.0},{"damage":25.0,"enemies":"The Guardian","floor":16.0,"turns":15.0},{"damage":6.0,"enemies":"Chosen","floor":18.0,"turns":8.0},{"damage":1.0,"enemies":"3 Byrds","floor":20.0,"turns":6.0},{"damage":35.0,"enemies":"Colosseum Slavers","floor":21.0,"turns":9.0},{"damage":2.0,"enemies":"Snecko","floor":27.0,"turns":8.0},{"damage":39.0,"enemies":"Book of Stabbing","floor":29.0,"turns":8.0},{"damage":75,"enemies":"Automaton","floor":33,"turns":8}],"seed_played":"-7104619669772820820","potions_obtained":[{"floor":6.0,"key":"FocusPotion"},{"floor":8.0,"key":"EssenceOfSteel"},{"floor":13.0,"key":"FearPotion"},{"floor":16.0,"key":"Fire Potion"},{"floor":18.0,"key":"Weak Potion"},{"floor":29.0,"key":"Weak Potion"}],"is_trial":false,"path_per_floor":["M","?","?","$","M","E","M","E","T","E","?","R","M","$","R","B",null,"M","$","M","?","?","R","$","R","T","M","$","E","R","?","R","B"],"character_chosen":"DEFECT","items_purchased":["Capacitor","Glacier+1","Bag of Marbles","Cold Snap","Streamline"],"campfire_rested":5,"item_purchase_floors":[4,14,14,19,24],"current_hp_per_floor":[68,50,50,50,50,50,45,21,21,18,18,40,32,32,54,35,65,65,65,70,43,43,43,43,65,65,67,67,34,56,56,75,0],"gold":126,"neow_bonus":"THREE_ENEMY_KILL","is_prod":false,"is_daily":false,"chose_seed":false,"campfire_upgraded":1,"win_rate":0,"timestamp":1549380497,"path_taken":["M","?","?","$","?","E","M","E","T","E","?","R","M","?","R","BOSS","M","$","M","?","?","R","$","R","T","M","?","E","R","?","R","BOSS"],"build_version":"2019-01-23","purchased_purges":0,"victory":false,"max_hp_per_floor":[75,75,75,75,75,75,75,75,75,75,75,75,75,75,75,75,75,75,75,75,75,75,75,75,75,75,75,75,75,75,75,75,75],"card_choices":[{"not_picked":["Steam","Auto Shields"],"picked":"Loop","floor":1.0},{"not_picked":["Redo","Compile Driver"],"picked":"Coolheaded","floor":5.0},{"not_picked":["Capacitor","Stack"],"picked":"Consume","floor":6.0},{"not_picked":["Compile Driver","BootSequence"],"picked":"Cold Snap","floor":7.0},{"not_picked":["Double Energy","Compile Driver"],"picked":"Streamline","floor":8.0},{"not_picked":["Gash","Doom and Gloom"],"picked":"Amplify+1","floor":10.0},{"not_picked":["Rebound","Stack+1"],"picked":"White Noise+1","floor":13.0},{"not_picked":["Rainbow+1","Meteor Strike"],"picked":"Thunder Strike","floor":16.0},{"not_picked":["Compile Driver","Go for the Eyes+1"],"picked":"Coolheaded+1","floor":18.0},{"not_picked":["Streamline+1","Chaos+1"],"picked":"Conserve Battery+1","floor":20.0},{"not_picked":["Conserve Battery+1","Streamline"],"picked":"Ball Lightning","floor":27.0},{"not_picked":["Thunder Strike","Steam+1"],"picked":"Cold Snap","floor":29.0}],"player_experience":654243,"relics_obtained":[{"floor":6.0,"key":"PreservedInsect"},{"floor":8.0,"key":"Bird Faced Urn"},{"floor":9.0,"key":"Toxic Egg 2"},{"floor":10.0,"key":"Boot"},{"floor":26.0,"key":"Singing Bowl"},{"floor":29.0,"key":"War Paint"}],"event_choices":[{"damage_healed":0.0,"max_hp_gain":0.0,"max_hp_loss":0.0,"gold_gain":0.0,"event_name":"Golden Idol","player_choice":"Take Damage","floor":2.0,"gold_loss":0.0,"damage_taken":18.0,"relics_obtained":["Golden Idol"]},{"damage_healed":0.0,"max_hp_gain":0.0,"max_hp_loss":0.0,"gold_gain":0.0,"cards_transformed":["Strike_B"],"event_name":"Transmorgrifier","player_choice":"Transformed","floor":3.0,"gold_loss":0.0,"damage_taken":0.0,"cards_obtained":["Blizzard"]},{"damage_healed":0.0,"max_hp_gain":0.0,"max_hp_loss":0.0,"gold_gain":0.0,"event_name":"Match and Keep!","player_choice":"1 cards matched","floor":11.0,"gold_loss":0.0,"damage_taken":0.0,"cards_obtained":["Leap"]},{"damage_healed":0.0,"max_hp_gain":0.0,"max_hp_loss":0.0,"gold_gain":0.0,"event_name":"Colosseum","player_choice":"Fight","floor":21.0,"gold_loss":0.0,"damage_taken":0.0},{"damage_healed":0.0,"max_hp_gain":0.0,"max_hp_loss":0.0,"gold_gain":0.0,"event_name":"Colosseum","player_choice":"Fled From Nobs","floor":21.0,"gold_loss":0.0,"damage_taken":0.0},{"cards_removed":["Strike_B"],"damage_healed":0.0,"max_hp_gain":0.0,"max_hp_loss":0.0,"gold_gain":0.0,"event_name":"Beggar","player_choice":"Gave Gold","floor":22.0,"gold_loss":75.0,"damage_taken":0.0},{"damage_healed":0.0,"max_hp_gain":0.0,"max_hp_loss":0.0,"gold_gain":0.0,"event_name":"Ghosts","player_choice":"Ignored","floor":31.0,"gold_loss":0.0,"damage_taken":0.0}],"is_beta":false,"boss_relics":[{"not_picked":["Inserter","Pandora\u0027s Box"],"picked":"FrozenCore"}],"items_purged_floors":[],"is_endless":false,"potions_floor_spawned":[6,8,13,16,18,29],"killed_by":"Automaton","ascension_level":10}