{"gold_per_floor":[111,131,147,147,162,187,187,207,256,86,102,102,102,131,131,234,234,252,252,262,30,104,131,144,144,194,194,209,221,238,238,238,337,337,353,370,32,32,32,32,42,62,86,86,86,141,141,26,26,26],"floor_reached":51,"playtime":4547,"items_purged":["Strike_G","Strike_G","Defend_G"],"score":652,"play_id":"b7d8988a-4b20-4d1e-a722-2116278567da","local_time":"20190730104341","is_ascension_mode":false,"campfire_choices":[{"data":"Flechettes","floor":7.0,"key":"SMITH"},{"data":"Footwork","floor":12.0,"key":"SMITH"},{"data":"Blade Dance","floor":15.0,"key":"SMITH"},{"data":"Reflex","floor":27.0,"key":"SMITH"},{"data":"Footwork","floor":32.0,"key":"SMITH"},{"data":"Terror","floor":40.0,"key":"SMITH"},{"data":"Outmaneuver","floor":45,"key":"SMITH"},{"data":"Expertise","floor":49,"key":"SMITH"}],"neow_cost":"NONE","seed_source_timestamp":1686724662522300,"circlet_count":0,"master_deck":["Defend_G","Defend_G+1","Defend_G+1","Defend_G","Survivor","Neutralize","Terror+1","Blade Dance+1","Flechettes+1","Blur","Footwork+1","Backflip","Caltrops+1","Well Laid Plans","Envenom","Dagger Throw+1","Outmaneuver+1","Infinite Blades","Panacea","Reflex+1","Crippling Poison+1","Writhe","Footwork+1","Dodge and Roll+1","Skewer+1","Calculated Gamble","Calculated Gamble","Tools of the Trade","Blade Dance+1","Expertise+1","Finesse","Magnetism","Finesse","PiercingWail+1","Distraction","Noxious Fumes","Finisher","Expertise"],"special_seed":0,"relics":["Ring of the Snake","Tingsha","Vajra","Pantograph","Eternal Feather","Bottled Lightning","Snake Skull","War Paint","Ancient Tea Set","Sozu","Centennial Puzzle","Bronze Scales","Torii"],"potions_floor_usage":[],"damage_taken":[{"damage":0.0,"enemies":"Cultist","floor":1.0,"turns":5.0},{"damage":5.0,"enemies":"Small Slimes","floor":2.0,"turns":4.0},{"damage":1.0,"enemies":"2 Louse","floor":3.0,"turns":3.0},{"damage":1.0,"enemies":"Red Slaver","floor":5.0,"turns":5.0},{"damage":18.0,"enemies":"Lagavulin","floor":6.0,"turns":9.0},{"damage":2.0,"enemies":"Exordium Thugs","floor":8.0,"turns":4.0},{"damage":0.0,"enemies":"Blue Slaver","floor":11.0,"turns":3.0},{"damage":1.0,"enemies":"3 Sentries","floor":14.0,"turns":6.0},{"damage":27.0,"enemies":"Hexaghost","floor":16.0,"turns":10.0},{"damage":8.0,"enemies":"Spheric Guardian","floor":18.0,"turns":4.0},{"damage":0.0,"enemies":"3 Byrds","floor":20.0,"turns":5.0},{"damage":29.0,"enemies":"Gremlin Leader","floor":23.0,"turns":8.0},{"damage":20.0,"enemies":"Shelled Parasite and Fungi","floor":24.0,"turns":7.0},{"damage":12.0,"enemies":"3 Cultists","floor":28.0,"turns":5.0},{"damage":12.0,"enemies":"Snake Plant","floor":29.0,"turns":7.0},{"damage":22.0,"enemies":"Snecko","floor":30.0,"turns":7.0},{"damage":21.0,"enemies":"Automaton","floor":33.0,"turns":9.0},{"damage":15.0,"enemies":"Orb Walker","floor":35.0,"turns":4.0},{"damage":5.0,"enemies":"3 Shapes","floor":36.0,"turns":6.0},{"damage":2.0,"enemies":"Maw","floor":41.0,"turns":5.0},{"damage":15,"enemies":"Writhing Mass","floor":42,"turns":5},{"damage":38,"enemies":"2 Orb Walkers","floor":46,"turns":5},{"damage":11,"enemies":"Donu and Deca","floor":50,"turns":7}],"seed_played":"-3737761855435551978","potions_obtained":[{"floor":2.0,"key":"Explosive Potion"},{"floor":6.0,"key":"SkillPotion"},{"floor":8.0,"key":"Regen Potion"},{"floor":18.0,"key":"SpeedPotion"},{"floor":20.0,"key":"Weak Potion"},{"floor":29.0,"key":"SteroidPotion"}],"is_trial":false,"path_per_floor":["M","M","M","?","M","E","R","M","T","$","M","R","?","E","R","B",null,"M","?","M","$","T","E","M","?","T","R","M","M","M","?","R","B",null,"M","M","$","?","?","R","M","M","T","$","R","?","?","$","R","B",null],"character_chosen":"THE_SILENT","items_purchased":["Backflip","Caltrops","Infinite Blades","Panacea","Expertise","Centennial Puzzle","Finisher","Expertise"],"campfire_rested":0,"item_purchase_floors":[10,10,21,21,37,37,48,48],"current_hp_per_floor":[77,72,71,71,70,52,52,50,50,50,50,50,50,49,49,47,77,69,69,69,69,69,40,34,34,34,49,37,25,3,3,18,22,77,62,57,57,57,47,65,63,48,48,48,69,31,31,31,52,66],"gold":26,"neow_bonus":"TEN_PERCENT_HP_BONUS","is_prod":false,"is_daily":false,"chose_seed":false,"campfire_upgraded":8,"win_rate":0.0,"timestamp":1564505021,"path_taken":["M","M","?","?","M","E","R","M","T","$","M","R","?","E","R","BOSS","M","?","M","$","?","E","M","?","T","R","M","M","M","?","R","BOSS","M","M","$","?","?","R","M","M","T","?","R","?","?","$","R","BOSS"],"build_version":"2019-07-18","purchased_purges":3,"victory":true,"max_hp_per_floor":[77,77,77,77,77,77,77,77,77,77,77,77,77,77,77,77,77,77,77,77,77,77,77,77,77,77,77,77,77,77,77,77,77,77,77,77,77,77,77,77,77,77,77,77,77,77,77,77,77,77],"card_choices":[{"not_picked":["Sucker Punch","PiercingWail"],"picked":"Terror","floor":1.0},{"not_picked":["Well Laid Plans","Dodge and Roll"],"picked":"Blade Dance","floor":2.0},{"not_picked":["Deadly Poison","Underhanded Strike"],"picked":"Flechettes","floor":3.0},{"not_picked":["Masterful Stab","Backflip"],"picked":"Blur","floor":5.0},{"not_picked":["Quick Slash","PiercingWail"],"picked":"Footwork","floor":6.0},{"not_picked":["Flying Knee","Slice","Finisher"],"picked":"SKIP","floor":8.0},{"not_picked":["Dagger Spray","Expertise"],"picked":"Well Laid Plans","floor":11.0},{"not_picked":["Well Laid Plans","Noxious Fumes","Slice"],"picked":"SKIP","floor":14.0},{"not_picked":["Die Die Die","Doppelganger"],"picked":"Envenom","floor":16.0},{"not_picked":["Tactician","Crippling Poison"],"picked":"Dagger Throw+1","floor":18.0},{"not_picked":["Calculated Gamble","Eviscerate"],"picked":"Outmaneuver","floor":20.0},{"not_picked":["Bullet Time","Deadly Poison"],"picked":"Reflex","floor":23.0},{"not_picked":["All Out Attack","Sucker Punch+1"],"picked":"Crippling Poison+1","floor":24.0},{"not_picked":["Noxious Fumes+1","Underhanded Strike"],"picked":"Footwork","floor":28.0},{"not_picked":["Dagger Spray","Blade Dance+1"],"picked":"Dodge and Roll+1","floor":29.0},{"not_picked":["Quick Slash","Reflex"],"picked":"Skewer+1","floor":30.0},{"not_picked":["Burst","Envenom"],"picked":"Tools of the Trade","floor":33.0},{"not_picked":["Backflip+1","Outmaneuver+1"],"picked":"Blade Dance+1","floor":35.0},{"not_picked":["Blade Dance","Flying Knee+1","Dash+1"],"picked":"SKIP","floor":36.0},{"not_picked":["Jack Of All Trades","Master of Strategy"],"picked":"Finesse","floor":39.0},{"not_picked":["Secret Technique","Impatience"],"picked":"Magnetism","floor":39.0},{"not_picked":["Blind","Metamorphosis"],"picked":"Finesse","floor":39.0},{"not_picked":["Acrobatics","Deadly Poison"],"picked":"PiercingWail+1","floor":41.0},{"not_picked":["Dagger Spray","Masterful Stab+1"],"picked":"Distraction","floor":42},{"not_picked":["Dagger Throw+1","Predator+1"],"picked":"Noxious Fumes","floor":46}],"player_experience":2702,"relics_obtained":[{"floor":6.0,"key":"Tingsha"},{"floor":9.0,"key":"Vajra"},{"floor":14.0,"key":"Pantograph"},{"floor":22.0,"key":"Bottled Lightning"},{"floor":23.0,"key":"Snake Skull"},{"floor":26.0,"key":"Ancient Tea Set"},{"floor":43,"key":"Bronze Scales"},{"floor":46,"key":"Torii"}],"event_choices":[{"damage_healed":0.0,"max_hp_gain":0.0,"max_hp_loss":0.0,"gold_gain":0.0,"event_name":"Liars Game","player_choice":"Ignored","floor":4.0,"gold_loss":0.0,"damage_taken":0.0},{"damage_healed":0.0,"max_hp_gain":0.0,"max_hp_loss":0.0,"gold_gain":0.0,"event_name":"Accursed Blacksmith","player_choice":"Forge","floor":13.0,"gold_loss":0.0,"damage_taken":0.0,"cards_upgraded":["Caltrops"]},{"cards_removed":["Strike_G"],"damage_healed":0.0,"max_hp_gain":0.0,"max_hp_loss":0.0,"gold_gain":0.0,"event_name":"NoteForYourself","player_choice":"Took Card","floor":19.0,"gold_loss":0.0,"damage_taken":0.0,"cards_obtained":["Iron Wave"]},{"damage_healed":0.0,"max_hp_gain":0.0,"max_hp_loss":0.0,"gold_gain":0.0,"event_name":"The Mausoleum","player_choice":"Opened","floor":25.0,"gold_loss":0.0,"damage_taken":0.0,"relics_obtained":["War Paint"],"cards_obtained":["Writhe"]},{"damage_healed":0.0,"max_hp_gain":0.0,"max_hp_loss":0.0,"gold_gain":0.0,"cards_transformed":["Strike_G","Strike_G"],"event_name":"Drug Dealer","player_choice":"Became Test Subject","floor":31.0,"gold_loss":0.0,"damage_taken":0.0,"cards_obtained":["Calculated Gamble","Calculated Gamble"]},{"cards_removed":["Iron Wave"],"damage_healed":0.0,"max_hp_gain":0.0,"max_hp_loss":0.0,"gold_gain":0.0,"event_name":"Falling","player_choice":"Removed Attack","floor":38.0,"gold_loss":0.0,"damage_taken":0.0},{"damage_healed":0.0,"max_hp_gain":0.0,"max_hp_loss":0.0,"gold_gain":0.0,"event_name":"SensoryStone","player_choice":"Memory 3","floor":39.0,"gold_loss":0.0,"damage_taken":10.0},{"damage_healed":0,"gold_gain":0,"player_choice":"Fight","damage_taken":0,"max_hp_gain":0,"max_hp_loss":0,"event_name":"Mysterious Sphere","floor":46,"gold_loss":0},{"damage_healed":0,"gold_gain":0,"player_choice":"Ignored","damage_taken":0,"max_hp_gain":0,"max_hp_loss":0,"event_name":"The Moai Head","floor":47,"gold_loss":0}],"is_beta":true,"boss_relics":[{"not_picked":["Philosopher\u0027s Stone","HoveringKite"],"picked":"Eternal Feather"},{"not_picked":["Empty Cage","Runic Dome"],"picked":"Sozu"}],"items_purged_floors":[10,21,37],"is_endless":false,"potions_floor_spawned":[2,6,8,18,20,29,36,41,42],"ascension_level":0}