{"gold_per_floor":[212,212,230,305,305,305,318,330,330,349,359,359],"floor_reached":12,"playtime":256,"items_purged":[],"score":72,"play_id":"f7f92146-6ff1-4f72-bb97-d54d6fa8c8f6","local_time":"20190701003350","is_ascension_mode":false,"campfire_choices":[{"data":"Bash","floor":6,"key":"SMITH"}],"neow_cost":"NONE","seed_source_timestamp":532894754513984,"circlet_count":0,"master_deck":["Strike_R","Strike_R","Strike_R","Strike_R","Strike_R","Defend_R","Defend_R","Defend_R","Defend_R","Bash+1","Searing Blow"],"relics":["Burning Blood","Paper Frog"],"potions_floor_usage":[],"damage_taken":[{"damage":0,"enemies":"Small Slimes","floor":1,"turns":4},{"damage":6,"enemies":"Cultist","floor":3,"turns":3},{"damage":14,"enemies":"2 Louse","floor":7,"turns":3},{"damage":18,"enemies":"Blue Slaver","floor":8,"turns":5},{"damage":9,"enemies":"3 Louse","floor":10,"turns":5},{"damage":21,"enemies":"Exordium Wildlife","floor":11,"turns":5},{"damage":29,"enemies":"Exordium Thugs","floor":12,"turns":5}],"seed_played":"-5029165146085614364","potions_obtained":[{"floor":3,"key":"SpeedPotion"},{"floor":10,"key":"SteroidPotion"}],"is_trial":false,"path_per_floor":["M","?","M","?","?","R","M","M","T","M","M","M"],"character_chosen":"IRONCLAD","items_purchased":[],"campfire_rested":0,"item_purchase_floors":[],"current_hp_per_floor":[80,80,80,69,69,69,61,49,49,46,31,2],"gold":359,"neow_bonus":"HUNDRED_GOLD","is_prod":false,"is_daily":false,"chose_seed":false,"campfire_upgraded":1,"win_rate":0,"timestamp":1561912430,"path_taken":["M","?","?","?","?","R","M","M","T","M","M","M"],"build_version":"2019-01-23","purchased_purges":0,"victory":false,"max_hp_per_floor":[80,80,80,80,80,80,80,80,80,80,80,80],"card_choices":[{"not_picked":["Thunderclap","Ghostly Armor","Iron Wave"],"picked":"SKIP","floor":1},{"not_picked":["Clothesline","Havoc","Body Slam"],"picked":"SKIP","floor":3},{"not_picked":["Infernal Blade","Twin Strike","Iron Wave"],"picked":"SKIP","floor":7},{"not_picked":["Flex","Thunderclap"],"picked":"Searing Blow","floor":8},{"not_picked":["Cleave","Sword Boomerang","True Grit"],"picked":"SKIP","floor":10},{"not_picked":["True Grit","Perfected Strike","Sword Boomerang"],"picked":"SKIP","floor":11}],"player_experience":1019824,"relics_obtained":[{"floor":9,"key":"Paper Frog"}],"event_choices":[{"damage_healed":0,"gold_gain":0,"player_choice":"Ignored","damage_taken":0,"max_hp_gain":0,"max_hp_loss":0,"event_name":"NoteForYourself","floor":2,"gold_loss":0},{"damage_healed":0,"gold_gain":75,"player_choice":"Gather Gold","damage_taken":11,"max_hp_gain":0,"max_hp_loss":0,"event_name":"World of Goop","floor":4,"gold_loss":0},{"damage_healed":0,"gold_gain":0,"player_choice":"Ignored","damage_taken":0,"max_hp_gain":0,"max_hp_loss":0,"event_name":"Liars Game","floor":5,"gold_loss":0}],"is_beta":false,"boss_relics":[],"items_purged_floors":[],"is_endless":false,"potions_floor_spawned":[3,10],"killed_by":"Exordium Thugs","ascension_level":0}