{"gold_per_floor":[112,112,128,203,128,158,169,185,210,210,229,229,240,240,240,240],"floor_reached":16,"playtime":297,"items_purged":["Strike_R"],"score":127,"play_id":"9cd6c2d7-b2f8-4376-a638-00c3c632de46","local_time":"20190708100315","is_ascension_mode":false,"campfire_choices":[{"data":"Armaments","floor":12,"key":"SMITH"},{"data":"Spot Weakness","floor":15,"key":"SMITH"}],"neow_cost":"NONE","seed_source_timestamp":387853055792592,"circlet_count":0,"master_deck":["Strike_R","Strike_R","Strike_R+1","Defend_R","Defend_R","Defend_R","Defend_R+1","Bash","Armaments+1","Spot Weakness+1"],"special_seed":0,"relics":["Burning Blood","NeowsBlessing","Pen Nib"],"potions_floor_usage":[16],"damage_taken":[{"damage":0.0,"enemies":"Jaw Worm","floor":1.0,"turns":1.0},{"damage":0.0,"enemies":"2 Louse","floor":3.0,"turns":1.0},{"damage":0.0,"enemies":"Gremlin Nob","floor":6.0,"turns":1.0},{"damage":0.0,"enemies":"Small Slimes","floor":7.0,"turns":3.0},{"damage":38,"enemies":"Exordium Thugs","floor":8,"turns":9},{"damage":4,"enemies":"2 Fungi Beasts","floor":11,"turns":4},{"damage":6,"enemies":"Red Slaver","floor":13,"turns":5},{"damage":0,"enemies":"The Guardian","floor":16,"turns":4}],"seed_played":"-975006087655093106","potions_obtained":[{"floor":3.0,"key":"Swift Potion"},{"floor":6.0,"key":"Ancient Potion"},{"floor":13,"key":"FearPotion"}],"is_trial":false,"path_per_floor":["M","?","M","?","$","E","M","M","T","?","M","R","M","?","R","B"],"character_chosen":"IRONCLAD","items_purchased":[],"campfire_rested":0,"item_purchase_floors":[],"current_hp_per_floor":[80,64,70,59,59,65,71,39,39,39,41,41,41,41,41,41],"gold":240,"neow_bonus":"THREE_ENEMY_KILL","is_prod":false,"is_daily":false,"chose_seed":false,"campfire_upgraded":2,"win_rate":0,"timestamp":1562551395,"path_taken":["M","?","M","?","$","E","M","M","T","?","M","R","?","?","R","BOSS"],"build_version":"2019-07-05","purchased_purges":1,"victory":false,"max_hp_per_floor":[80,80,80,80,80,80,80,80,80,80,80,80,80,80,80,80],"card_choices":[{"not_picked":["Anger","Clothesline","Rage"],"picked":"SKIP","floor":1.0},{"not_picked":["Seeing Red","Shrug It Off"],"picked":"Armaments","floor":3.0},{"not_picked":["Clash","Disarm","Rupture"],"picked":"SKIP","floor":6.0},{"not_picked":["Cleave","Uppercut","Dark Embrace"],"picked":"SKIP","floor":7.0},{"not_picked":["Anger","Hemokinesis","Shrug It Off"],"picked":"SKIP","floor":8},{"not_picked":["Shrug It Off","Iron Wave"],"picked":"Spot Weakness","floor":11},{"not_picked":["Flex","Inflame","Metallicize"],"picked":"SKIP","floor":13}],"player_experience":1059904,"relics_obtained":[{"floor":9,"key":"Pen Nib"}],"event_choices":[{"damage_healed":0.0,"max_hp_gain":0.0,"max_hp_loss":0.0,"gold_gain":0.0,"event_name":"Shining Light","player_choice":"Entered Light","floor":2.0,"gold_loss":0.0,"damage_taken":16.0,"cards_upgraded":["Strike_R","Defend_R"]},{"damage_healed":0.0,"max_hp_gain":0.0,"max_hp_loss":0.0,"gold_gain":75.0,"event_name":"World of Goop","player_choice":"Gather Gold","floor":4.0,"gold_loss":0.0,"damage_taken":11.0},{"cards_removed":["Strike_R"],"damage_healed":0,"gold_gain":0,"player_choice":"Offered Basic","damage_taken":0,"max_hp_gain":0,"max_hp_loss":0,"event_name":"Bonfire Elementals","floor":10,"gold_loss":0},{"damage_healed":0,"gold_gain":0,"player_choice":"Ignored","damage_taken":0,"max_hp_gain":0,"max_hp_loss":0,"event_name":"NoteForYourself","floor":14,"gold_loss":0}],"is_beta":false,"boss_relics":[],"items_purged_floors":[5],"is_endless":false,"potions_floor_spawned":[3,6,13],"killed_by":"The Guardian","ascension_level":0}