{"gold_per_floor":[112,112,124,140,140,170,170,170,170,190,203,222,249,267,267,341,341,354,354,354,354,304,304,314,325,325,355,455,89,89,46,46,119,169,186,186,186,186,202,232,232,252,277,277,302,69,86,1,1,1],"floor_reached":51,"playtime":4124,"items_purged":["Strike_R","Strike_R"],"score":1456,"play_id":"2746ba5b-6ad2-4598-81b5-331c9799aac8","local_time":"20190313231449","is_ascension_mode":true,"campfire_choices":[{"floor":7.0,"key":"REST"},{"data":"Barricade","floor":15.0,"key":"SMITH"},{"floor":23.0,"key":"REST"},{"floor":30.0,"key":"REST"},{"floor":32.0,"key":"REST"},{"floor":40.0,"key":"DIG"},{"floor":44.0,"key":"DIG"},{"floor":49,"key":"REST"}],"neow_cost":"NONE","seed_source_timestamp":332857959851829,"circlet_count":0,"master_deck":["AscendersBane","Defend_R","Defend_R","Defend_R","Defend_R","Bash","Inflame","Barricade+1","True Grit","Flame Barrier+1","Anger","Armaments","Corruption","Disarm","Armaments","Fire Breathing","Exhume","Heavy Blade","Writhe","Havoc","Anger+1","Flex","Uppercut","Exhume","Limit Break","Sentinel","Madness","Madness","Transmutation","Intimidate","Apotheosis+1","Shrug It Off+1","Havoc+1","Burning Pact+1"],"special_seed":0,"relics":["Burning Blood","NeowsBlessing","Dead Branch","Paper Frog","Bronze Scales","Runic Cube","Champion Belt","Enchiridion","Strawberry","Darkstone Periapt","Pantograph","Shovel","Mummified Hand","Membership Card","Lantern","Tiny House","Potion Belt","Tiny Chest","Oddly Smooth Stone","Dodecahedron","Toxic Egg 2","Happy Flower"],"potions_floor_usage":[47],"damage_taken":[{"damage":0.0,"enemies":"Small Slimes","floor":1.0,"turns":1.0},{"damage":0.0,"enemies":"Cultist","floor":3.0,"turns":1.0},{"damage":0.0,"enemies":"Jaw Worm","floor":4.0,"turns":1.0},{"damage":24.0,"enemies":"Gremlin Nob","floor":6.0,"turns":4.0},{"damage":15.0,"enemies":"3 Louse","floor":10.0,"turns":6.0},{"damage":5.0,"enemies":"Red Slaver","floor":11.0,"turns":7.0},{"damage":6.0,"enemies":"Looter","floor":12.0,"turns":3.0},{"damage":0.0,"enemies":"Lagavulin","floor":13.0,"turns":8.0},{"damage":0.0,"enemies":"Large Slime","floor":14.0,"turns":3.0},{"damage":31.0,"enemies":"The Guardian","floor":16.0,"turns":9.0},{"damage":10.0,"enemies":"Spheric Guardian","floor":18.0,"turns":5.0},{"damage":5.0,"enemies":"2 Thieves","floor":24.0,"turns":4.0},{"damage":26.0,"enemies":"Snake Plant","floor":25.0,"turns":4.0},{"damage":6.0,"enemies":"Gremlin Leader","floor":27.0,"turns":3.0},{"damage":17.0,"enemies":"Colosseum Slavers","floor":28.0,"turns":6.0},{"damage":6.0,"enemies":"Colosseum Nobs","floor":28.0,"turns":2.0},{"damage":13.0,"enemies":"Champ","floor":33.0,"turns":9.0},{"damage":3.0,"enemies":"3 Darklings","floor":35.0,"turns":3.0},{"damage":12.0,"enemies":"Orb Walker","floor":39.0,"turns":4.0},{"damage":0.0,"enemies":"Maw","floor":42.0,"turns":3.0},{"damage":11,"enemies":"Giant Head","floor":45,"turns":5},{"damage":10,"enemies":"Sphere and 2 Shapes","floor":47,"turns":4},{"damage":63,"enemies":"Time Eater","floor":50,"turns":9}],"seed_played":"2889321100832554475","potions_obtained":[{"floor":1.0,"key":"PowerPotion"},{"floor":6.0,"key":"Ancient Potion"},{"floor":13.0,"key":"SkillPotion"},{"floor":16.0,"key":"LiquidBronze"},{"floor":18.0,"key":"SteroidPotion"},{"floor":25.0,"key":"EntropicBrew"},{"floor":28.0,"key":"GamblersBrew"},{"floor":33.0,"key":"BloodPotion"},{"floor":34.0,"key":"Energy Potion"},{"floor":42.0,"key":"FearPotion"},{"floor":45,"key":"Explosive Potion"},{"floor":47,"key":"Ancient Potion"}],"is_trial":false,"path_per_floor":["M","?","M","M","?","E","R","?","T","M","M","M","E","M","R","B",null,"M","T","?","?","?","R","M","M","T","E","?","$","R","$","R","B",null,"M","?","?","?","M","R","?","M","T","R","E","$","M","$","R","B",null],"character_chosen":"IRONCLAD","items_purchased":["Membership Card","Lantern","Uppercut","Exhume","Apotheosis+1","EssenceOfSteel","Shrug It Off+1","Havoc+1","Happy Flower"],"campfire_rested":5,"item_purchase_floors":[29,29,29,31,46,46,46,46,48],"current_hp_per_floor":[74,74,75,75,68,50,72,72,72,63,64,64,70,75,75,50,69,65,65,44,51,51,75,76,56,56,56,45,45,69,69,82,75,85,87,71,71,71,65,65,65,71,71,71,66,66,62,62,87,30],"gold":1,"neow_bonus":"THREE_ENEMY_KILL","is_prod":false,"is_daily":false,"chose_seed":false,"campfire_upgraded":1,"win_rate":0,"timestamp":1552479289,"path_taken":["M","?","M","?","?","E","R","?","T","M","M","M","E","M","R","BOSS","M","?","?","?","?","R","?","M","T","E","?","$","R","$","R","BOSS","M","?","?","?","?","R","?","M","T","R","E","$","M","$","R","BOSS"],"build_version":"2019-01-23","purchased_purges":2,"victory":true,"max_hp_per_floor":[75,75,75,75,75,75,75,75,75,75,75,75,75,75,75,75,75,75,75,75,82,82,82,82,82,82,82,82,82,82,82,82,82,87,87,87,87,87,87,87,87,87,87,87,87,87,87,87,87,87],"card_choices":[{"not_picked":["Cleave","Second Wind"],"picked":"Inflame","floor":1.0},{"not_picked":["Second Wind","Sword Boomerang"],"picked":"True Grit","floor":3.0},{"not_picked":["Wild Strike","Second Wind"],"picked":"Flame Barrier","floor":4.0},{"not_picked":["Headbutt","Spot Weakness"],"picked":"Anger","floor":6.0},{"not_picked":["Pommel Strike","Twin Strike"],"picked":"Armaments","floor":10.0},{"not_picked":["Searing Blow","Ghostly Armor"],"picked":"Corruption","floor":11.0},{"not_picked":["Heavy Blade","Carnage"],"picked":"Disarm","floor":12.0},{"not_picked":["Carnage","Anger"],"picked":"Armaments","floor":13.0},{"not_picked":["Havoc","Sword Boomerang"],"picked":"Fire Breathing","floor":14.0},{"not_picked":["Feed","Limit Break"],"picked":"Exhume","floor":16.0},{"not_picked":["Reckless Charge","Fire Breathing"],"picked":"Heavy Blade","floor":18.0},{"not_picked":["Flex","Power Through"],"picked":"Havoc","floor":24.0},{"not_picked":["Twin Strike","Dropkick","Clothesline"],"picked":"SKIP","floor":25.0},{"not_picked":["Wild Strike","Headbutt"],"picked":"Anger+1","floor":27.0},{"not_picked":["Twin Strike","Cleave"],"picked":"Flex","floor":28.0},{"not_picked":["Bludgeon","Berserk"],"picked":"Limit Break","floor":33.0},{"not_picked":["Clash","Battle Trance"],"picked":"Sentinel","floor":34.0},{"not_picked":["Whirlwind","Blood for Blood","Thunderclap"],"picked":"SKIP","floor":35.0},{"not_picked":["Discovery","Mind Blast"],"picked":"Transmutation","floor":37.0},{"not_picked":["Pommel Strike","Havoc"],"picked":"Intimidate","floor":39.0},{"not_picked":["Ghostly Armor","Perfected Strike","Wild Strike"],"picked":"SKIP","floor":42.0},{"not_picked":["Spot Weakness","Sword Boomerang+1","Whirlwind+1"],"picked":"SKIP","floor":45},{"not_picked":["Body Slam","Fiend Fire"],"picked":"Burning Pact+1","floor":47}],"player_experience":849119,"relics_obtained":[{"floor":6.0,"key":"Dead Branch"},{"floor":9.0,"key":"Paper Frog"},{"floor":13.0,"key":"Bronze Scales"},{"floor":19.0,"key":"Champion Belt"},{"floor":20.0,"key":"Enchiridion"},{"floor":26.0,"key":"Darkstone Periapt"},{"floor":27.0,"key":"Pantograph"},{"floor":28.0,"key":"Shovel"},{"floor":28.0,"key":"Mummified Hand"},{"floor":38.0,"key":"Potion Belt"},{"floor":40.0,"key":"Tiny Chest"},{"floor":43.0,"key":"Oddly Smooth Stone"},{"floor":44.0,"key":"Dodecahedron"},{"floor":45,"key":"Toxic Egg 2"}],"event_choices":[{"damage_healed":0.0,"max_hp_gain":0.0,"max_hp_loss":0.0,"gold_gain":0.0,"cards_transformed":["Strike_R"],"event_name":"Transmorgrifier","player_choice":"Transformed","floor":2.0,"gold_loss":0.0,"damage_taken":0.0,"cards_obtained":["Barricade"]},{"cards_removed":["Strike_R"],"damage_healed":0.0,"max_hp_gain":0.0,"max_hp_loss":0.0,"gold_gain":0.0,"event_name":"Golden Wing","player_choice":"Card Removal","floor":5.0,"gold_loss":0.0,"damage_taken":7.0},{"cards_removed":["Strike_R"],"damage_healed":0.0,"max_hp_gain":0.0,"max_hp_loss":0.0,"gold_gain":0.0,"event_name":"Bonfire Elementals","player_choice":"Offered Basic","floor":8.0,"gold_loss":0.0,"damage_taken":0.0},{"damage_healed":0.0,"max_hp_gain":0.0,"max_hp_loss":0.0,"gold_gain":0.0,"event_name":"Cursed Tome","player_choice":"Obtained Book","floor":20.0,"gold_loss":0.0,"damage_taken":21.0},{"damage_healed":0.0,"max_hp_gain":0.0,"max_hp_loss":0.0,"gold_gain":0.0,"event_name":"The Mausoleum","player_choice":"Opened","floor":21.0,"gold_loss":0.0,"damage_taken":0.0,"relics_obtained":["Strawberry"],"cards_obtained":["Writhe"]},{"damage_healed":0.0,"max_hp_gain":0.0,"max_hp_loss":0.0,"gold_gain":0.0,"event_name":"The Joust","player_choice":"Bet on Murderer","floor":22.0,"gold_loss":50.0,"damage_taken":0.0},{"damage_healed":0.0,"max_hp_gain":0.0,"max_hp_loss":0.0,"gold_gain":0.0,"event_name":"Colosseum","player_choice":"Fight","floor":28.0,"gold_loss":0.0,"damage_taken":0.0},{"damage_healed":0.0,"max_hp_gain":0.0,"max_hp_loss":0.0,"gold_gain":0.0,"event_name":"Colosseum","player_choice":"Fought Nobs","floor":28.0,"gold_loss":0.0,"damage_taken":0.0},{"damage_healed":0.0,"max_hp_gain":0.0,"max_hp_loss":0.0,"gold_gain":0.0,"event_name":"Winding Halls","player_choice":"Embrace Madness","floor":36.0,"gold_loss":0.0,"damage_taken":16.0,"cards_obtained":["Madness","Madness"]},{"damage_healed":0.0,"max_hp_gain":0.0,"max_hp_loss":0.0,"gold_gain":0.0,"event_name":"SensoryStone","player_choice":"Memory 1","floor":37.0,"gold_loss":0.0,"damage_taken":0.0},{"damage_healed":0.0,"max_hp_gain":0.0,"max_hp_loss":0.0,"gold_gain":0.0,"event_name":"Wheel of Change","player_choice":"Relic","floor":38.0,"gold_loss":0.0,"damage_taken":0.0},{"damage_healed":0.0,"max_hp_gain":0.0,"max_hp_loss":0.0,"gold_gain":0.0,"event_name":"Tomb of Lord Red Mask","player_choice":"Ignored","floor":41.0,"gold_loss":0.0,"damage_taken":0.0}],"is_beta":false,"boss_relics":[{"not_picked":["Philosopher\u0027s Stone","White Beast Statue"],"picked":"Runic Cube"},{"not_picked":["Calling Bell","Fusion Hammer"],"picked":"Tiny House"}],"items_purged_floors":[29,46],"is_endless":false,"potions_floor_spawned":[1,6,13,16,18,25,28,33,42,45,47],"ascension_level":18}