{"gold_per_floor":[119,119,119,139,139,139,169,181,181,208,208,234,251,270,270,346,346,357,371,296,296,296],"floor_reached":22,"playtime":1037,"items_purged":["Strike_R"],"score":416,"play_id":"65fc1515-663c-4e04-b49c-373d9ac73e5f","local_time":"20190306223218","is_ascension_mode":true,"campfire_choices":[{"data":"Bash","floor":6,"key":"SMITH"},{"data":"Entrench","floor":11,"key":"SMITH"},{"floor":15,"key":"REST"}],"neow_cost":"NONE","seed_source_timestamp":58909820928627,"circlet_count":0,"master_deck":["AscendersBane","Strike_R","Strike_R","Strike_R","Strike_R","Defend_R","Defend_R","Defend_R","Defend_R","Bash+1","Heavy Blade","Burning Pact","Clothesline","Entrench+1","Shrug It Off","Double Tap","Headbutt","Juggernaut+1","Clothesline","Body Slam"],"relics":["Burning Blood","NeowsBlessing","Torii","Art of War","Bottled Lightning","Red Skull","Bag of Preparation","Runic Pyramid"],"potions_floor_usage":[8,12,12,13],"damage_taken":[{"damage":0,"enemies":"Small Slimes","floor":1,"turns":1},{"damage":0,"enemies":"Cultist","floor":4,"turns":1},{"damage":0,"enemies":"3 Sentries","floor":7,"turns":1},{"damage":2,"enemies":"Jaw Worm","floor":8,"turns":3},{"damage":30,"enemies":"Lagavulin","floor":12,"turns":7},{"damage":2,"enemies":"Blue Slaver","floor":13,"turns":4},{"damage":11,"enemies":"Looter","floor":14,"turns":2},{"damage":57,"enemies":"The Guardian","floor":16,"turns":16},{"damage":27,"enemies":"Spheric Guardian","floor":18,"turns":7},{"damage":21,"enemies":"Shell Parasite","floor":19,"turns":8},{"damage":43,"enemies":"Cultist and Chosen","floor":22,"turns":7}],"seed_played":"-3034712867763903475","potions_obtained":[{"floor":4,"key":"SneckoOil"},{"floor":7,"key":"Fire Potion"},{"floor":8,"key":"Swift Potion"},{"floor":13,"key":"Fruit Juice"}],"is_trial":false,"path_per_floor":["M","?","?","M","?","R","E","M","T","T","R","E","M","M","R","B",null,"M","M","$","?","M"],"character_chosen":"IRONCLAD","items_purchased":[],"campfire_rested":1,"item_purchase_floors":[],"current_hp_per_floor":[74,79,79,80,80,80,80,80,80,80,80,56,65,60,85,34,72,51,36,36,36,0],"gold":296,"neow_bonus":"THREE_ENEMY_KILL","is_prod":false,"is_daily":false,"chose_seed":false,"campfire_upgraded":2,"win_rate":0,"timestamp":1551871938,"path_taken":["M","?","?","?","?","R","E","M","T","?","R","E","M","M","R","BOSS","M","M","$","?","?"],"build_version":"2019-01-23","purchased_purges":1,"victory":false,"max_hp_per_floor":[75,80,80,80,80,80,80,80,80,80,80,80,85,85,85,85,85,85,85,85,85,85],"card_choices":[{"not_picked":["Flex","Intimidate"],"picked":"Heavy Blade","floor":1},{"not_picked":["Battle Trance","Sever Soul"],"picked":"Burning Pact","floor":4},{"not_picked":["Wild Strike","Twin Strike"],"picked":"Clothesline","floor":7},{"not_picked":["True Grit","Dual Wield"],"picked":"Entrench","floor":8},{"not_picked":["Heavy Blade","Dropkick"],"picked":"Shrug It Off","floor":12},{"not_picked":["Rage","Pommel Strike"],"picked":"Double Tap","floor":13},{"not_picked":["Perfected Strike","Sever Soul"],"picked":"Headbutt","floor":14},{"not_picked":["Demon Form","Berserk"],"picked":"Juggernaut","floor":16},{"not_picked":["Burning Pact","Thunderclap"],"picked":"Clothesline","floor":18},{"not_picked":["Dual Wield","Flex"],"picked":"Body Slam","floor":19}],"player_experience":813659,"relics_obtained":[{"floor":3,"key":"Torii"},{"floor":7,"key":"Art of War"},{"floor":9,"key":"Bottled Lightning"},{"floor":10,"key":"Red Skull"},{"floor":12,"key":"Bag of Preparation"}],"event_choices":[{"damage_healed":0,"gold_gain":0,"player_choice":"Donut","damage_taken":0,"max_hp_gain":5,"max_hp_loss":0,"event_name":"Big Fish","floor":2,"gold_loss":0},{"damage_healed":0,"gold_gain":0,"player_choice":"Relic","damage_taken":0,"max_hp_gain":0,"max_hp_loss":0,"event_name":"Wheel of Change","floor":3,"gold_loss":0},{"damage_healed":0,"gold_gain":0,"player_choice":"Ignored","damage_taken":0,"max_hp_gain":0,"max_hp_loss":0,"event_name":"Shining Light","floor":5,"gold_loss":0},{"damage_healed":0,"gold_gain":0,"player_choice":"Upgraded","damage_taken":0,"max_hp_gain":0,"max_hp_loss":0,"event_name":"Upgrade Shrine","floor":21,"gold_loss":0,"cards_upgraded":["Juggernaut"]}],"is_beta":false,"boss_relics":[{"not_picked":["Eternal Feather","Cursed Key"],"picked":"Runic Pyramid"}],"items_purged_floors":[20],"is_endless":false,"potions_floor_spawned":[4,7,8,13],"killed_by":"Cultist and Chosen","ascension_level":18}