{"gold_per_floor":[118,128,145,163,180,180,208,208,208,208],"floor_reached":10,"playtime":512,"items_purged":[],"score":127,"play_id":"d8bfd516-bc22-4b0a-9aa8-29d8c889269f","local_time":"20190609155240","is_ascension_mode":true,"campfire_choices":[{"data":"Disarm","floor":6,"key":"SMITH"},{"data":"Flame Barrier","floor":8,"key":"SMITH"}],"neow_cost":"NONE","seed_source_timestamp":5162649632125800,"circlet_count":0,"master_deck":["Strike_R","Strike_R","Strike_R","Strike_R","Strike_R","Defend_R","Defend_R","Defend_R","Defend_R","Bash","Sword Boomerang","Flex","Disarm","Impervious","Disarm+1","Flame Barrier+1"],"relics":["Burning Blood","Kunai","Strawberry"],"potions_floor_usage":[7],"damage_taken":[{"damage":8,"enemies":"Small Slimes","floor":1,"turns":4},{"damage":1,"enemies":"Cultist","floor":2,"turns":3},{"damage":2,"enemies":"2 Louse","floor":3,"turns":3},{"damage":4,"enemies":"Large Slime","floor":4,"turns":6},{"damage":8,"enemies":"Looter","floor":5,"turns":4},{"damage":53,"enemies":"3 Sentries","floor":7,"turns":10},{"damage":51,"enemies":"Gremlin Nob","floor":10,"turns":5}],"seed_played":"-335753967359212059","potions_obtained":[{"floor":3,"key":"Strength Potion"},{"floor":5,"key":"Strength Potion"},{"floor":7,"key":"Strength Potion"}],"is_trial":false,"path_per_floor":["M","M","M","M","M","R","E","R","T","E"],"character_chosen":"IRONCLAD","items_purchased":[],"campfire_rested":0,"item_purchase_floors":[],"current_hp_per_floor":[78,83,87,88,86,86,39,39,46,0],"gold":208,"neow_bonus":"TEN_PERCENT_HP_BONUS","is_prod":false,"is_daily":false,"chose_seed":false,"campfire_upgraded":2,"win_rate":0,"timestamp":1560109960,"path_taken":["M","M","M","M","M","R","E","R","T","E"],"build_version":"2019-01-23","purchased_purges":0,"victory":false,"max_hp_per_floor":[88,88,88,88,88,88,88,88,95,95],"card_choices":[{"not_picked":["Iron Wave","Feel No Pain"],"picked":"Sword Boomerang","floor":1},{"not_picked":["Thunderclap","Intimidate"],"picked":"Flex","floor":2},{"not_picked":["Reckless Charge","Shockwave"],"picked":"Disarm","floor":3},{"not_picked":["Armaments","Carnage"],"picked":"Impervious","floor":4},{"not_picked":["Pommel Strike","Heavy Blade"],"picked":"Disarm","floor":5},{"not_picked":["Warcry","Iron Wave"],"picked":"Flame Barrier","floor":7}],"player_experience":224275,"relics_obtained":[{"floor":7,"key":"Kunai"},{"floor":9,"key":"Strawberry"}],"event_choices":[],"is_beta":false,"boss_relics":[],"items_purged_floors":[],"is_endless":false,"potions_floor_spawned":[3,5,7],"killed_by":"Gremlin Nob","ascension_level":9}