{"gold_per_floor":[111,111,30,44,44,84,84,153,153,173,186,204,223,31,31,31],"floor_reached":16,"playtime":567,"items_purged":["Strike_B"],"score":254,"play_id":"15128c07-3586-4ec7-84d8-68e13258e1c8","local_time":"20190509164357","is_ascension_mode":true,"campfire_choices":[{"data":"Defragment","floor":7,"key":"SMITH"},{"floor":15,"key":"DIG"}],"neow_cost":"NONE","seed_source_timestamp":0,"circlet_count":0,"master_deck":["AscendersBane","Strike_B","Strike_B","Strike_B","Defend_B","Defend_B","Defend_B+1","Defend_B","Zap","Dualcast","Turbo","Defragment+1","Recycle+1","Heatsinks","Conserve Battery","Cold Snap","Tempest+1","Sweeping Beam","Coolheaded+1","Self Repair"],"special_seed":0,"relics":["Cracked Core","NeowsBlessing","Golden Idol","Torii","Shovel","Toxic Egg 2","War Paint"],"potions_floor_usage":[8,13,13,16],"damage_taken":[{"damage":0,"enemies":"Jaw Worm","floor":1,"turns":1},{"damage":0,"enemies":"Small Slimes","floor":4,"turns":1},{"damage":0,"enemies":"3 Sentries","floor":6,"turns":2},{"damage":53,"enemies":"3 Sentries","floor":8,"turns":10},{"damage":0,"enemies":"Cultist","floor":10,"turns":4},{"damage":8,"enemies":"3 Louse","floor":11,"turns":5},{"damage":2,"enemies":"Exordium Thugs","floor":12,"turns":9},{"damage":7,"enemies":"Looter","floor":13,"turns":2},{"damage":15,"enemies":"Hexaghost","floor":16,"turns":12}],"seed_played":"8227181836759824577","potions_obtained":[{"floor":1,"key":"Regen Potion"},{"floor":11,"key":"EssenceOfSteel"},{"floor":12,"key":"AttackPotion"},{"floor":13,"key":"Block Potion"}],"is_trial":false,"path_per_floor":["M","?","$","M","?","E","R","?","T","M","M","M","M","$","R","B"],"character_chosen":"DEFECT","items_purchased":["Defragment","Coolheaded+1","Self Repair"],"campfire_rested":0,"item_purchase_floors":[3,14,14],"current_hp_per_floor":[64,64,64,64,64,64,64,26,26,26,18,16,9,9,9,0],"gold":31,"neow_bonus":"THREE_ENEMY_KILL","is_prod":false,"is_daily":false,"chose_seed":false,"campfire_upgraded":1,"win_rate":0,"timestamp":1557391437,"path_taken":["M","?","$","M","?","E","R","?","T","M","M","M","M","$","R","BOSS"],"build_version":"2019-01-23","purchased_purges":1,"victory":false,"max_hp_per_floor":[71,64,64,64,64,64,64,64,64,64,64,64,64,64,64,64],"card_choices":[{"not_picked":["BootSequence","Scrape"],"picked":"Turbo","floor":1},{"not_picked":["Self Repair","Beam Cell"],"picked":"Recycle","floor":4},{"not_picked":["Compile Driver","Sweeping Beam"],"picked":"Heatsinks","floor":6},{"not_picked":["Rebound","Turbo"],"picked":"Conserve Battery","floor":8},{"not_picked":["Rip and Tear","White Noise+1"],"picked":"Cold Snap","floor":10},{"not_picked":["Fusion+1","Steam+1","Turbo+1"],"picked":"SKIP","floor":11},{"not_picked":["Beam Cell","All For One"],"picked":"Tempest+1","floor":12},{"not_picked":["Recycle+1","Tempest+1"],"picked":"Sweeping Beam","floor":13}],"player_experience":833600,"relics_obtained":[{"floor":6,"key":"Torii"},{"floor":8,"key":"Shovel"},{"floor":9,"key":"Toxic Egg 2"},{"floor":15,"key":"War Paint"}],"event_choices":[{"damage_healed":0,"gold_gain":0,"player_choice":"Lose Max HP","damage_taken":0,"relics_obtained":["Golden Idol"],"max_hp_gain":0,"max_hp_loss":7,"event_name":"Golden Idol","floor":2,"gold_loss":0},{"damage_healed":0,"gold_gain":0,"player_choice":"Leave","damage_taken":0,"max_hp_gain":0,"max_hp_loss":0,"event_name":"The Cleric","floor":5,"gold_loss":0},{"damage_healed":0,"gold_gain":30,"player_choice":"Searched \u00273\u0027 times","damage_taken":0,"max_hp_gain":0,"max_hp_loss":0,"event_name":"Dead Adventurer","floor":8,"gold_loss":0}],"is_beta":false,"boss_relics":[],"items_purged_floors":[14],"is_endless":false,"potions_floor_spawned":[1,11,12,13],"killed_by":"Hexaghost","ascension_level":20}