{"gold_per_floor":[113,124,23,41,116,116,142,155,155,166,166,166,166,187,187,313,313,333,376,376,376,87,87,123,137,137,168,186,209,63,96,96,224,224,237,261,58,73,23,44,75,75,75,115,128,167,389,429,429,429,429,429,88,124,124],"floor_reached":55,"playtime":5042,"items_purged":["Strike_B","Strike_B","Defend_B","Doom and Gloom","Reprogram"],"score":1009,"play_id":"087d2b95-19d2-445d-80e1-99d991a67eb2","local_time":"20190621141402","is_ascension_mode":true,"campfire_choices":[{"floor":6.0,"key":"REST"},{"floor":13,"key":"REST"},{"data":"Zap","floor":15,"key":"SMITH"},{"floor":23,"key":"RECALL"},{"floor":32,"key":"REST"},{"floor":42,"key":"REST"},{"floor":49,"key":"REST"},{"floor":52,"key":"REST"}],"neow_cost":"PERCENT_DAMAGE","seed_source_timestamp":0,"circlet_count":0,"master_deck":["Strike_B+1","Zap+1","Dualcast","Steam Power","Gash","Gash","Rebound","Chill","Compile Driver+1","Leap","Rebound","All For One","Go for the Eyes","Genetic Algorithm","Seek+1","Coolheaded+1","Hologram","FTL","Beam Cell","Hologram","Streamline","Steam","Coolheaded+1","Beam Cell","White Noise+1","Seek","Leap+1","Redo+1","Cold Snap+1","Stack","Coolheaded+1","Streamline+1","Defragment"],"special_seed":0,"relics":["Cracked Core","Whetstone","Question Card","Golden Idol","Fusion Hammer","Red Mask","Meat on the Bone","Membership Card","Smiling Mask","Symbiotic Virus","Bag of Marbles","Oddly Smooth Stone","Strawberry","Empty Cage","War Paint","Ancient Tea Set","Bottled Lightning","Gremlin Horn","Ornamental Fan","Cables","Emotion Chip","Bag of Preparation","Anchor"],"potions_floor_usage":[16,16,16,24,27,33,38,41,44,50,55,55],"damage_taken":[{"damage":10.0,"enemies":"2 Louse","floor":1.0,"turns":2.0},{"damage":4.0,"enemies":"Small Slimes","floor":2.0,"turns":3.0},{"damage":0.0,"enemies":"Jaw Worm","floor":4.0,"turns":3.0},{"damage":8,"enemies":"3 Sentries","floor":7,"turns":7},{"damage":4,"enemies":"3 Louse","floor":8,"turns":3},{"damage":6,"enemies":"Blue Slaver","floor":10,"turns":2},{"damage":2,"enemies":"Red Slaver","floor":14,"turns":3},{"damage":39,"enemies":"The Guardian","floor":16,"turns":9},{"damage":3,"enemies":"Shell Parasite","floor":18,"turns":3},{"damage":5,"enemies":"Masked Bandits","floor":19,"turns":3},{"damage":6,"enemies":"Slavers","floor":24,"turns":4},{"damage":0,"enemies":"Spheric Guardian","floor":25,"turns":2},{"damage":23,"enemies":"Gremlin Leader","floor":27,"turns":6},{"damage":0,"enemies":"Centurion and Healer","floor":28,"turns":3},{"damage":0,"enemies":"3 Cultists","floor":29,"turns":4},{"damage":1,"enemies":"Slavers","floor":31,"turns":5},{"damage":38,"enemies":"Champ","floor":33,"turns":8},{"damage":8,"enemies":"Orb Walker","floor":35,"turns":2},{"damage":21,"enemies":"3 Darklings","floor":36,"turns":5},{"damage":5,"enemies":"Transient","floor":38,"turns":5},{"damage":24,"enemies":"Writhing Mass","floor":40,"turns":4},{"damage":13,"enemies":"Giant Head","floor":41,"turns":5},{"damage":13,"enemies":"Reptomancer","floor":44,"turns":7},{"damage":13,"enemies":"Sphere and 2 Shapes","floor":45,"turns":3},{"damage":0,"enemies":"Giant Head","floor":46,"turns":4},{"damage":29,"enemies":"Reptomancer","floor":48,"turns":7},{"damage":45,"enemies":"Awakened One","floor":50,"turns":14},{"damage":12,"enemies":"Shield and Spear","floor":54,"turns":4},{"damage":78,"enemies":"The Heart","floor":55,"turns":5}],"seed_played":"2414570577851766835","potions_obtained":[{"floor":2.0,"key":"FearPotion"},{"floor":7,"key":"SkillPotion"},{"floor":14,"key":"Poison Potion"},{"floor":16,"key":"Strength Potion"},{"floor":19,"key":"Swift Potion"},{"floor":27,"key":"SpeedPotion"},{"floor":29,"key":"Regen Potion"},{"floor":33,"key":"SteroidPotion"},{"floor":35,"key":"AttackPotion"},{"floor":38,"key":"Swift Potion"},{"floor":40,"key":"LiquidBronze"},{"floor":41,"key":"SkillPotion"},{"floor":46,"key":"SpeedPotion"}],"is_trial":false,"path_per_floor":["M","M","$","M","?","R","E","M","T","M","?","?","R","M","R","B",null,"M","?","?","?","$","R","E","M","T","E","M","M","$","E","R","B",null,"M","M","$","M","$","M","E","R","T","E","M","E","?","E","R","B",null,"R","$","E","B"],"character_chosen":"DEFECT","items_purchased":["Chill","Compile Driver","FTL","Membership Card","Beam Cell","Oddly Smooth Stone","Beam Cell","War Paint","Ancient Tea Set","Emotion Chip","Defragment","Bag of Preparation","AttackPotion"],"campfire_rested":6,"item_purchase_floors":[3,3,22,22,22,30,30,37,37,53,53,53,53],"current_hp_per_floor":[44,40,40,40,29,51,43,39,39,33,15,20,44,42,42,3,80,77,72,72,72,72,72,66,66,66,43,43,43,43,49,75,46,87,79,58,58,53,53,41,40,66,66,53,52,52,52,35,61,28,87,87,87,75,0],"gold":124,"neow_bonus":"TRANSFORM_TWO_CARDS","is_prod":false,"is_daily":false,"chose_seed":false,"campfire_upgraded":1,"win_rate":0,"timestamp":1561140842,"path_taken":["M","M","$","M","?","R","E","M","T","M","?","?","R","M","R","BOSS","M","?","?","?","?","R","E","M","T","E","M","M","$","E","R","BOSS","M","M","$","M","$","M","E","R","T","E","M","E","?","E","R","BOSS","R","$","E","BOSS"],"build_version":"2019-01-23","purchased_purges":5,"victory":false,"max_hp_per_floor":[75,75,75,75,75,75,75,75,75,75,75,80,80,80,80,80,80,80,80,80,80,80,80,80,80,80,80,80,80,80,87,87,87,87,87,87,87,87,87,87,87,87,87,87,87,87,87,87,87,87,87,87,87,87,87],"card_choices":[{"not_picked":["Skim","Coolheaded"],"picked":"Gash","floor":1.0},{"not_picked":["Compile Driver","Turbo"],"picked":"Rebound","floor":2.0},{"not_picked":["Chaos","Lockon"],"picked":"Leap","floor":4.0},{"not_picked":["Melter","Barrage"],"picked":"Rebound","floor":7},{"not_picked":["Cold Snap","Ball Lightning"],"picked":"All For One","floor":8},{"not_picked":["Leap","Darkness","Hello World"],"picked":"Go for the Eyes","floor":10},{"not_picked":["Barrage","Go for the Eyes","Turbo"],"picked":"Genetic Algorithm","floor":14},{"not_picked":["Thunder Strike","Core Surge","Biased Cognition"],"picked":"Seek","floor":16},{"not_picked":["Melter","Capacitor","Consume+1"],"picked":"Coolheaded+1","floor":18},{"not_picked":["Rebound","Creative AI","Scrape+1"],"picked":"Hologram","floor":19},{"not_picked":["Turbo","Sunder+1","Skim"],"picked":"Hologram","floor":24},{"not_picked":["Steam+1","Redo","Double Energy+1"],"picked":"Streamline","floor":25},{"not_picked":["Reprogram","Aggregate","Multi-Cast"],"picked":"Doom and Gloom","floor":27},{"not_picked":["Double Energy","Chill+1","Compile Driver"],"picked":"Steam","floor":28},{"not_picked":["Sweeping Beam","Hologram","Doom and Gloom"],"picked":"Coolheaded+1","floor":29},{"not_picked":["Skim","Hologram","Rainbow"],"picked":"White Noise","floor":31},{"not_picked":["Meteor Strike","Core Surge","Multi-Cast"],"picked":"Seek","floor":33},{"not_picked":["Hello World+1","Turbo","Streamline"],"picked":"Leap+1","floor":35},{"not_picked":["Turbo+1","Genetic Algorithm","Tempest","Storm"],"picked":"SKIP","floor":36},{"not_picked":["Blizzard","Reinforced Body","Conserve Battery+1"],"picked":"Redo+1","floor":38},{"not_picked":["Sweeping Beam+1","Glacier","Chill+1"],"picked":"Cold Snap+1","floor":40},{"not_picked":["Genetic Algorithm","Steam+1","Hyperbeam"],"picked":"Reprogram","floor":41},{"not_picked":["Barrage","Rebound","Static Discharge+1"],"picked":"Stack","floor":44},{"not_picked":["Cold Snap+1","Streamline+1","Ball Lightning+1"],"picked":"Coolheaded+1","floor":45},{"not_picked":["Consume+1","Meteor Strike","Redo+1","Go for the Eyes"],"picked":"SKIP","floor":46},{"not_picked":["Biased Cognition","Conserve Battery+1","Ball Lightning"],"picked":"Streamline+1","floor":48},{"not_picked":["Genetic Algorithm","Hologram","Electrodynamics","Streamline"],"picked":"SKIP","floor":54}],"player_experience":303963,"relics_obtained":[{"floor":7,"key":"Whetstone"},{"floor":9,"key":"Question Card"},{"floor":19,"key":"Red Mask"},{"floor":24,"key":"Smiling Mask"},{"floor":26,"key":"Symbiotic Virus"},{"floor":27,"key":"Bag of Marbles"},{"floor":31,"key":"Strawberry"},{"floor":41,"key":"Bottled Lightning"},{"floor":44,"key":"Gremlin Horn"},{"floor":46,"key":"Ornamental Fan"},{"floor":48,"key":"Cables"},{"floor":54,"key":"Anchor"}],"event_choices":[{"damage_healed":0.0,"max_hp_gain":0.0,"max_hp_loss":0.0,"gold_gain":75.0,"event_name":"World of Goop","player_choice":"Gather Gold","floor":5.0,"gold_loss":0.0,"damage_taken":11.0},{"damage_healed":0,"gold_gain":0,"player_choice":"Take Damage","damage_taken":18,"relics_obtained":["Golden Idol"],"max_hp_gain":0,"max_hp_loss":0,"event_name":"Golden Idol","floor":11,"gold_loss":0},{"damage_healed":0,"gold_gain":0,"player_choice":"Donut","damage_taken":0,"max_hp_gain":5,"max_hp_loss":0,"event_name":"Big Fish","floor":12,"gold_loss":0},{"damage_healed":0,"gold_gain":0,"player_choice":"Fought Bandits","damage_taken":0,"max_hp_gain":0,"max_hp_loss":0,"event_name":"Masked Bandits","floor":19,"gold_loss":0},{"damage_healed":0,"gold_gain":0,"player_choice":"Opened","damage_taken":0,"relics_obtained":["Meat on the Bone"],"max_hp_gain":0,"max_hp_loss":0,"event_name":"The Mausoleum","floor":20,"gold_loss":0,"cards_obtained":["Writhe"]},{"cards_removed":["Writhe"],"damage_healed":0,"gold_gain":0,"player_choice":"Elegance","damage_taken":0,"max_hp_gain":0,"max_hp_loss":0,"event_name":"Back to Basics","floor":21,"gold_loss":0},{"damage_healed":0,"gold_gain":222,"player_choice":"Wore Mask","damage_taken":0,"max_hp_gain":0,"max_hp_loss":0,"event_name":"Tomb of Lord Red Mask","floor":47,"gold_loss":0}],"is_beta":false,"boss_relics":[{"not_picked":["Philosopher\u0027s Stone","Nuclear Battery"],"picked":"Fusion Hammer"},{"not_picked":["Busted Crown","Cursed Key"],"picked":"Empty Cage"}],"items_purged_floors":[22,30,37,39,53],"is_endless":false,"potions_floor_spawned":[2,7,14,16,19,27,29,33,35,38,40,41,46],"killed_by":"The Heart","ascension_level":4}