{"gold_per_floor":[115,215,230,250,125,125,136,136,136,155,188,199,199,274,274,274],"floor_reached":16,"playtime":388,"items_purged":["Strike_B"],"score":204,"play_id":"43665fdc-24da-46c3-a132-4898024f7728","local_time":"20190509165057","is_ascension_mode":true,"campfire_choices":[{"data":"Defragment","floor":6,"key":"SMITH"},{"data":"Recycle","floor":8,"key":"SMITH"},{"floor":13,"key":"REST"},{"data":"Dualcast","floor":15,"key":"SMITH"}],"neow_cost":"NONE","seed_source_timestamp":1495308280742285,"circlet_count":0,"master_deck":["AscendersBane","Strike_B","Strike_B","Strike_B","Defend_B","Defend_B","Defend_B","Defend_B","Zap","Dualcast+1","Capacitor","Recycle+1","Defragment+1","Cold Snap","Electrodynamics","Turbo"],"special_seed":0,"relics":["Cracked Core","Happy Flower","Letter Opener"],"potions_floor_usage":[11],"damage_taken":[{"damage":7.0,"enemies":"Jaw Worm","floor":1.0,"turns":4.0},{"damage":1.0,"enemies":"Cultist","floor":3.0,"turns":3.0},{"damage":14.0,"enemies":"2 Louse","floor":4.0,"turns":4.0},{"damage":3,"enemies":"Large Slime","floor":7,"turns":5},{"damage":12,"enemies":"Looter","floor":10,"turns":3},{"damage":9,"enemies":"3 Sentries","floor":11,"turns":7},{"damage":9,"enemies":"Red Slaver","floor":12,"turns":3},{"damage":0,"enemies":"Hexaghost","floor":16,"turns":1}],"seed_played":"1104668809816094935","potions_obtained":[{"floor":3.0,"key":"FearPotion"},{"floor":4.0,"key":"Strength Potion"},{"floor":10,"key":"EssenceOfSteel"},{"floor":11,"key":"Block Potion"}],"is_trial":false,"path_per_floor":["M","?","M","M","$","R","M","R","T","M","E","M","R","?","R","B"],"character_chosen":"DEFECT","items_purchased":["Cold Snap"],"campfire_rested":1,"item_purchase_floors":[5],"current_hp_per_floor":[57,57,56,42,42,42,39,39,39,27,18,9,30,19,19,19],"gold":274,"neow_bonus":"RANDOM_COMMON_RELIC","is_prod":false,"is_daily":false,"chose_seed":false,"campfire_upgraded":3,"win_rate":0,"timestamp":1557391857,"path_taken":["M","?","M","M","$","R","M","R","T","?","E","M","R","?","R","BOSS"],"build_version":"2019-01-23","purchased_purges":1,"victory":false,"max_hp_per_floor":[71,71,71,71,71,71,71,71,71,71,71,71,71,71,71,71],"card_choices":[{"not_picked":["Steam","Turbo"],"picked":"Capacitor","floor":1.0},{"not_picked":["Hologram","Redo"],"picked":"Recycle","floor":3.0},{"not_picked":["Recycle","Chill"],"picked":"Defragment","floor":4.0},{"not_picked":["Coolheaded","Stack","Redo"],"picked":"SKIP","floor":7},{"not_picked":["Turbo","Cold Snap"],"picked":"Electrodynamics","floor":10},{"not_picked":["Coolheaded","Chill"],"picked":"Turbo","floor":11},{"not_picked":["Stack","Turbo","Steam"],"picked":"SKIP","floor":12}],"player_experience":834167,"relics_obtained":[{"floor":11,"key":"Letter Opener"}],"event_choices":[{"damage_healed":0.0,"max_hp_gain":0.0,"max_hp_loss":0.0,"gold_gain":100.0,"event_name":"Wheel of Change","player_choice":"Gold","floor":2.0,"gold_loss":0.0,"damage_taken":0.0},{"damage_healed":0,"gold_gain":75,"player_choice":"Gather Gold","damage_taken":11,"max_hp_gain":0,"max_hp_loss":0,"event_name":"World of Goop","floor":14,"gold_loss":0}],"is_beta":false,"boss_relics":[],"items_purged_floors":[5],"is_endless":false,"potions_floor_spawned":[3,4,10,11],"killed_by":"Hexaghost","ascension_level":20}