{"gold_per_floor":[14,14,26,86,102,132,148,177,177,191,217,27,27,43,43,146,146,163,262,274,163,183,183,197,197,224,234,234,251,286,305,305,404,404,422,231,245,70,86,86,99,99,123,152,152,152],"floor_reached":46,"playtime":3597,"items_purged":["Strike_B","Strike_B"],"score":643,"play_id":"cea3a3b0-d46a-4a50-899a-15fe243bd63f","local_time":"20190726215920","is_ascension_mode":true,"campfire_choices":[{"data":"Leap","floor":13.0,"key":"SMITH"},{"floor":15.0,"key":"REST"},{"floor":23.0,"key":"REST"},{"data":"Glacier","floor":25.0,"key":"SMITH"},{"floor":32,"key":"REST"},{"floor":40,"key":"DIG"},{"floor":42,"key":"RECALL"}],"neow_cost":"NO_GOLD","seed_source_timestamp":0,"circlet_count":0,"master_deck":["Strike_B","Defend_B","Defend_B","Defend_B","Defend_B","Zap","Dualcast","Hyperbeam","Darkness","Gash","Chill","Go for the Eyes","Cold Snap","Rebound","Loop+1","Double Energy","Echo Form+1","Leap+1","Compile Driver","Seek","Lockon","Defragment+1","Force Field","Self Repair+1","Conserve Battery","Leap+1","Glacier+1","Sweeping Beam+1","Blizzard","Multi-Cast","Beam Cell+1","Turbo+1","Seek","Seek","Conserve Battery+1","Defragment+1","Core Surge","Coolheaded","Stack+1","Injury","Fission+1","Normality"],"special_seed":0,"relics":["Cracked Core","Darkstone Periapt","Dodecahedron","Frozen Egg 2","Gremlin Horn","Orrery","Orichalcum","Shovel","Cursed Key","Toxic Egg 2","Turnip","Shuriken"],"potions_floor_usage":[31,33,41,44],"damage_taken":[{"damage":5.0,"enemies":"Small Slimes","floor":1.0,"turns":2.0},{"damage":7.0,"enemies":"Jaw Worm","floor":3.0,"turns":3.0},{"damage":5.0,"enemies":"2 Louse","floor":5.0,"turns":2.0},{"damage":10.0,"enemies":"Gremlin Nob","floor":6.0,"turns":4.0},{"damage":7.0,"enemies":"Red Slaver","floor":7.0,"turns":4.0},{"damage":17.0,"enemies":"Lagavulin","floor":8.0,"turns":5.0},{"damage":0.0,"enemies":"3 Louse","floor":10.0,"turns":1.0},{"damage":4.0,"enemies":"3 Sentries","floor":11.0,"turns":4.0},{"damage":6.0,"enemies":"Looter","floor":14.0,"turns":4.0},{"damage":13.0,"enemies":"The Guardian","floor":16.0,"turns":8.0},{"damage":19.0,"enemies":"Spheric Guardian","floor":18.0,"turns":5.0},{"damage":18.0,"enemies":"Chosen","floor":20.0,"turns":8.0},{"damage":29.0,"enemies":"Snake Plant","floor":22.0,"turns":4.0},{"damage":10.0,"enemies":"Centurion and Healer","floor":24.0,"turns":9.0},{"damage":3.0,"enemies":"Snecko","floor":27.0,"turns":7.0},{"damage":4.0,"enemies":"3 Cultists","floor":29.0,"turns":5.0},{"damage":28,"enemies":"Slavers","floor":30,"turns":3},{"damage":14,"enemies":"Snake Plant","floor":31,"turns":4},{"damage":35,"enemies":"Automaton","floor":33,"turns":16},{"damage":5,"enemies":"Orb Walker","floor":35,"turns":4},{"damage":22,"enemies":"3 Darklings","floor":37,"turns":4},{"damage":3,"enemies":"Jaw Worm Horde","floor":39,"turns":2},{"damage":24,"enemies":"Spire Growth","floor":41,"turns":4},{"damage":25,"enemies":"Giant Head","floor":44,"turns":10},{"damage":45,"enemies":"Sphere and 2 Shapes","floor":46,"turns":5}],"seed_played":"5312701444576253654","potions_obtained":[{"floor":1.0,"key":"PowerPotion"},{"floor":5.0,"key":"PowerPotion"},{"floor":20.0,"key":"Explosive Potion"},{"floor":27.0,"key":"EssenceOfSteel"},{"floor":29.0,"key":"FocusPotion"},{"floor":37,"key":"AttackPotion"},{"floor":44,"key":"PowerPotion"}],"is_trial":false,"path_per_floor":["M","?","M","?","M","E","M","E","T","M","E","$","R","M","R","B",null,"M","?","M","$","M","R","M","R","T","M","?","M","E","M","R","B",null,"M","$","M","$","M","R","M","R","T","E","T","M"],"character_chosen":"DEFECT","items_purchased":["Echo Form+1","Leap","Glacier","Defragment+1","Core Surge","Regen Potion"],"campfire_rested":3,"item_purchase_floors":[12,12,21,36,36,38],"current_hp_per_floor":[70,70,63,63,58,48,41,24,24,24,20,20,20,14,36,23,62,43,43,35,35,16,38,38,38,38,45,45,51,33,29,51,26,63,68,68,56,56,53,53,29,29,35,35,41,0],"gold":152,"neow_bonus":"THREE_RARE_CARDS","is_prod":false,"is_daily":false,"chose_seed":false,"campfire_upgraded":2,"win_rate":0,"timestamp":1564192760,"path_taken":["M","?","M","?","M","E","M","E","T","M","E","$","R","M","R","BOSS","M","?","M","$","M","R","M","R","T","M","?","M","E","M","R","BOSS","M","$","M","$","M","R","M","R","T","E","?","M"],"build_version":"2019-07-17","purchased_purges":2,"victory":false,"max_hp_per_floor":[75,75,75,75,75,75,75,75,75,75,75,75,75,75,75,75,75,75,75,75,75,75,75,75,75,75,75,75,75,75,75,75,75,75,75,75,75,75,75,75,75,75,81,81,87,87],"card_choices":[{"not_picked":["Echo Form","Rainbow"],"picked":"Hyperbeam","floor":0.0},{"not_picked":["Beam Cell","Scrape"],"picked":"Darkness","floor":1.0},{"not_picked":["Rebound","Hologram"],"picked":"Gash","floor":3.0},{"not_picked":["Beam Cell","Streamline"],"picked":"Chill","floor":5.0},{"not_picked":["Recycle","Redo"],"picked":"Go for the Eyes","floor":6.0},{"not_picked":["Turbo","Steam Power"],"picked":"Cold Snap","floor":7.0},{"not_picked":["Electrodynamics","Steam"],"picked":"Rebound","floor":8.0},{"not_picked":["Go for the Eyes","Glacier"],"picked":"Loop+1","floor":10.0},{"not_picked":["White Noise","Turbo"],"picked":"Double Energy","floor":11.0},{"not_picked":["Streamline","Redo"],"picked":"Compile Driver","floor":14.0},{"not_picked":["Hyperbeam","Reboot"],"picked":"Seek","floor":16.0},{"not_picked":["Coolheaded","Beam Cell"],"picked":"Lockon","floor":17.0},{"not_picked":["BootSequence","Double Energy"],"picked":"Defragment+1","floor":17.0},{"not_picked":["FTL","Doom and Gloom"],"picked":"Force Field","floor":17.0},{"not_picked":["Hologram","Coolheaded"],"picked":"Self Repair+1","floor":17.0},{"not_picked":["Sweeping Beam","Cold Snap"],"picked":"Conserve Battery","floor":18.0},{"not_picked":["Hologram","Redo"],"picked":"Leap+1","floor":20.0},{"not_picked":["Skim","Aggregate+1","Turbo"],"picked":"SKIP","floor":22.0},{"not_picked":["Cold Snap","Compile Driver"],"picked":"Sweeping Beam+1","floor":24.0},{"not_picked":["Scrape","Reinforced Body"],"picked":"Blizzard","floor":27.0},{"not_picked":["Skim+1","Sweeping Beam"],"picked":"Beam Cell+1","floor":29.0},{"not_picked":["Go for the Eyes","Scrape"],"picked":"Turbo+1","floor":30},{"not_picked":["Loop+1","Beam Cell"],"picked":"Seek","floor":31},{"not_picked":["Thunder Strike","Echo Form+1"],"picked":"Seek","floor":33},{"not_picked":["Rebound","Compile Driver+1"],"picked":"Conserve Battery+1","floor":35},{"not_picked":["Consume+1","Sweeping Beam+1"],"picked":"Coolheaded","floor":37},{"not_picked":["Thunder Strike","Leap+1"],"picked":"Stack+1","floor":39},{"not_picked":["Redo+1","Go for the Eyes+1","Compile Driver"],"picked":"SKIP","floor":41},{"not_picked":["Hello World+1","Compile Driver+1"],"picked":"Fission+1","floor":44}],"player_experience":426789,"relics_obtained":[{"floor":6.0,"key":"Darkstone Periapt"},{"floor":8.0,"key":"Dodecahedron"},{"floor":9.0,"key":"Frozen Egg 2"},{"floor":11.0,"key":"Gremlin Horn"},{"floor":26.0,"key":"Orichalcum"},{"floor":30,"key":"Shovel"},{"floor":40,"key":"Toxic Egg 2"},{"floor":44,"key":"Turnip"},{"floor":45,"key":"Shuriken"}],"event_choices":[{"damage_healed":0.0,"max_hp_gain":0.0,"max_hp_loss":0.0,"gold_gain":0.0,"event_name":"Golden Idol","player_choice":"Ignored","floor":2.0,"gold_loss":0.0,"damage_taken":0.0},{"damage_healed":0.0,"max_hp_gain":0.0,"max_hp_loss":0.0,"gold_gain":60.0,"event_name":"Golden Wing","player_choice":"Gained Gold","floor":4.0,"gold_loss":0.0,"damage_taken":0.0},{"damage_healed":0.0,"max_hp_gain":0.0,"max_hp_loss":0.0,"gold_gain":99.0,"event_name":"Nest","player_choice":"Stole From Cult","floor":19.0,"gold_loss":0.0,"damage_taken":0.0},{"damage_healed":0.0,"max_hp_gain":0.0,"max_hp_loss":0.0,"gold_gain":0.0,"cards_transformed":["Strike_B"],"event_name":"Transmorgrifier","player_choice":"Transformed","floor":28.0,"gold_loss":0.0,"damage_taken":0.0,"cards_obtained":["Multi-Cast"]}],"is_beta":false,"boss_relics":[{"not_picked":["Black Star","Runic Dome"],"picked":"Orrery"},{"not_picked":["Calling Bell","White Beast Statue"],"picked":"Cursed Key"}],"items_purged_floors":[21,38],"is_endless":false,"potions_floor_spawned":[1,5,20,27,29,37,44],"killed_by":"Sphere and 2 Shapes","ascension_level":5}