{"gold_per_floor":[109,59,59,59,78,78,89,107,107,118,146,146,173,191,191,295,295,306,319,345,355,366,366,376,389,412,412,285,299,199,209,209,310,310,328,382,457,130,143,172,186,196,196,216,216,232,242,254,254,254,254,254,104,133,133],"floor_reached":56,"playtime":2494,"items_purged":["Strike_R","Strike_R","Defend_R","Spot Weakness+1"],"score":1474,"play_id":"05da8edd-e248-4237-97b7-919fecd2c2b8","local_time":"20190522191700","is_ascension_mode":false,"campfire_choices":[{"data":"Bash","floor":6.0,"key":"SMITH"},{"data":"Spot Weakness","floor":12.0,"key":"SMITH"},{"data":"Shrug It Off","floor":15.0,"key":"SMITH"},{"data":"Pommel Strike","floor":23.0,"key":"SMITH"},{"floor":27.0,"key":"REST"},{"floor":32,"key":"REST"},{"data":"Defend_R","floor":45,"key":"SMITH"},{"floor":49,"key":"RECALL"},{"data":"Defend_R","floor":52,"key":"SMITH"}],"neow_cost":"TEN_PERCENT_HP_LOSS","seed_source_timestamp":114503036866307,"circlet_count":0,"master_deck":["Defend_R+1","Defend_R+1","Shrug It Off+1","Pommel Strike+1"],"special_seed":0,"relics":["Burning Blood","Sundial","Pear","Centennial Puzzle","Blood Vial","Lizard Tail","Red Mask","PreservedInsect","Empty Cage","Charon\u0027s Ashes","ClockworkSouvenir","Blue Candle","Oddly Smooth Stone"],"potions_floor_usage":[55,55,55],"damage_taken":[{"damage":10.0,"enemies":"Jaw Worm","floor":1.0,"turns":4.0},{"damage":5.0,"enemies":"Small Slimes","floor":5.0,"turns":3.0},{"damage":1.0,"enemies":"Cultist","floor":7.0,"turns":3.0},{"damage":25.0,"enemies":"Lots of Slimes","floor":8.0,"turns":5.0},{"damage":11.0,"enemies":"Blue Slaver","floor":10.0,"turns":4.0},{"damage":27.0,"enemies":"Gremlin Nob","floor":11.0,"turns":4.0},{"damage":27.0,"enemies":"3 Sentries","floor":13.0,"turns":6.0},{"damage":12.0,"enemies":"3 Louse","floor":14.0,"turns":4.0},{"damage":18.0,"enemies":"Hexaghost","floor":16.0,"turns":9.0},{"damage":21.0,"enemies":"3 Byrds","floor":18.0,"turns":8.0},{"damage":13.0,"enemies":"2 Thieves","floor":19.0,"turns":4.0},{"damage":37.0,"enemies":"Masked Bandits","floor":20.0,"turns":6.0},{"damage":19.0,"enemies":"Centurion and Healer","floor":21.0,"turns":9.0},{"damage":15.0,"enemies":"Snake Plant","floor":22.0,"turns":5.0},{"damage":3.0,"enemies":"Snecko","floor":24.0,"turns":4.0},{"damage":17.0,"enemies":"Sentry and Sphere","floor":25.0,"turns":5.0},{"damage":6,"enemies":"Cultist and Chosen","floor":29,"turns":2},{"damage":3,"enemies":"Centurion and Healer","floor":31,"turns":3},{"damage":12,"enemies":"Champ","floor":33,"turns":2},{"damage":0,"enemies":"3 Shapes","floor":35,"turns":1},{"damage":0,"enemies":"2 Orb Walkers","floor":36,"turns":1},{"damage":0,"enemies":"3 Darklings","floor":39,"turns":1},{"damage":7,"enemies":"Reptomancer","floor":40,"turns":2},{"damage":0,"enemies":"Transient","floor":41,"turns":5},{"damage":0,"enemies":"Writhing Mass","floor":42,"turns":2},{"damage":0,"enemies":"Spire Growth","floor":44,"turns":1},{"damage":0,"enemies":"Maw","floor":46,"turns":1},{"damage":0,"enemies":"Sphere and 2 Shapes","floor":47,"turns":1},{"damage":0,"enemies":"Writhing Mass","floor":48,"turns":2},{"damage":0,"enemies":"Donu and Deca","floor":50,"turns":2},{"damage":0,"enemies":"Shield and Spear","floor":54,"turns":1},{"damage":0,"enemies":"The Heart","floor":55,"turns":3}],"seed_played":"6563932698918832518","potions_obtained":[{"floor":7.0,"key":"Regen Potion"},{"floor":10.0,"key":"Strength Potion"},{"floor":11.0,"key":"SneckoOil"},{"floor":13.0,"key":"Swift Potion"},{"floor":16.0,"key":"EssenceOfSteel"},{"floor":19.0,"key":"Dexterity Potion"},{"floor":22.0,"key":"AttackPotion"},{"floor":25.0,"key":"Dexterity Potion"},{"floor":33,"key":"SpeedPotion"},{"floor":46,"key":"SteroidPotion"}],"is_trial":false,"path_per_floor":["M","?","?","T","M","R","M","M","T","M","E","R","E","M","R","B",null,"M","M","?","M","M","R","M","M","T","R","$","M","$","M","R","B",null,"M","?","?","$","M","E","M","M","T","M","R","M","M","M","R","B",null,"R","$","E","B",null],"character_chosen":"IRONCLAD","items_purchased":["Swift Potion","ClockworkSouvenir"],"campfire_rested":2,"item_purchase_floors":[28,38],"current_hp_per_floor":[68,68,68,68,69,69,72,53,63,58,37,37,31,27,27,17,82,67,62,33,22,15,15,20,11,11,35,35,37,37,42,66,62,82,82,82,74,74,82,81,82,82,82,82,82,82,82,82,82,82,82,82,82,82,82],"gold":133,"neow_bonus":"REMOVE_TWO","is_prod":false,"is_daily":false,"chose_seed":false,"campfire_upgraded":6,"win_rate":0,"timestamp":1558523820,"path_taken":["M","?","?","?","?","R","M","M","T","M","E","R","E","M","R","BOSS","M","?","?","M","M","R","M","M","T","R","$","M","$","M","R","BOSS","M","?","?","$","M","E","M","M","T","M","R","M","?","M","R","BOSS","R","$","E","BOSS"],"build_version":"2019-01-23","purchased_purges":4,"victory":true,"max_hp_per_floor":[72,72,72,72,72,72,72,72,82,82,82,82,82,82,82,82,82,82,82,82,82,82,82,82,82,82,82,82,82,82,82,82,82,82,82,82,82,82,82,82,82,82,82,82,82,82,82,82,82,82,82,82,82,82,82],"card_choices":[{"not_picked":["Twin Strike","Clash","Thunderclap"],"picked":"SKIP","floor":1.0},{"not_picked":["Havoc","Warcry","Cleave"],"picked":"SKIP","floor":5.0},{"not_picked":["Havoc","Warcry","Cleave"],"picked":"SKIP","floor":5.0},{"not_picked":["Ghostly Armor","True Grit","Clash"],"picked":"SKIP","floor":7.0},{"not_picked":["Second Wind","True Grit","Exhume"],"picked":"SKIP","floor":8.0},{"not_picked":["Wild Strike","Warcry","Headbutt"],"picked":"SKIP","floor":10.0},{"not_picked":["Havoc","Clash"],"picked":"Spot Weakness","floor":11.0},{"not_picked":["Rampage","Headbutt"],"picked":"Shrug It Off","floor":13.0},{"not_picked":["Wild Strike","Blood for Blood","Flex"],"picked":"SKIP","floor":14.0},{"not_picked":["Flex+1","Rage","Wild Strike"],"picked":"SKIP","floor":18.0},{"not_picked":["Flex+1","Rage","Wild Strike"],"picked":"SKIP","floor":18.0},{"not_picked":["Armaments","Power Through","Shrug It Off+1"],"picked":"SKIP","floor":19.0},{"not_picked":["Evolve+1","Hemokinesis+1","Burning Pact"],"picked":"SKIP","floor":21.0},{"not_picked":["Sword Boomerang","Infernal Blade"],"picked":"Pommel Strike","floor":22.0},{"not_picked":["Spot Weakness+1","Twin Strike","True Grit"],"picked":"SKIP","floor":24.0},{"not_picked":["Impervious","Pummel","Warcry+1"],"picked":"SKIP","floor":25.0},{"not_picked":["Thunderclap+1","Cleave+1","Shrug It Off"],"picked":"SKIP","floor":29},{"not_picked":["Heavy Blade","Rage","Dropkick"],"picked":"SKIP","floor":31},{"not_picked":["Sword Boomerang+1","Dropkick","Wild Strike+1"],"picked":"SKIP","floor":35},{"not_picked":["Anger+1","Flame Barrier","Cleave+1"],"picked":"SKIP","floor":39},{"not_picked":["Sentinel","True Grit+1","Headbutt"],"picked":"SKIP","floor":40},{"not_picked":["Clash+1","Entrench","Perfected Strike"],"picked":"SKIP","floor":41},{"not_picked":["Thunderclap+1","Exhume","Headbutt+1"],"picked":"SKIP","floor":42},{"not_picked":["Blood for Blood","Sentinel+1","Evolve"],"picked":"SKIP","floor":44},{"not_picked":["Blood for Blood","Sentinel+1","Evolve"],"picked":"SKIP","floor":44},{"not_picked":["Headbutt+1","Whirlwind+1","Rupture+1"],"picked":"SKIP","floor":46},{"not_picked":["Rupture+1","Perfected Strike","Dark Embrace"],"picked":"SKIP","floor":47},{"not_picked":["Heavy Blade","Twin Strike","Wild Strike+1"],"picked":"SKIP","floor":48},{"not_picked":["True Grit+1","Impervious","Headbutt"],"picked":"SKIP","floor":54}],"player_experience":926793,"relics_obtained":[{"floor":4.0,"key":"Sundial"},{"floor":9.0,"key":"Pear"},{"floor":11.0,"key":"Centennial Puzzle"},{"floor":13.0,"key":"Blood Vial"},{"floor":20.0,"key":"Red Mask"},{"floor":26.0,"key":"PreservedInsect"},{"floor":36,"key":"Charon\u0027s Ashes"},{"floor":40,"key":"Blue Candle"},{"floor":54,"key":"Oddly Smooth Stone"}],"event_choices":[{"cards_removed":["Strike_R"],"damage_healed":0.0,"max_hp_gain":0.0,"max_hp_loss":0.0,"gold_gain":0.0,"event_name":"The Cleric","player_choice":"Card Removal","floor":2.0,"gold_loss":50.0,"damage_taken":0.0},{"damage_healed":0.0,"max_hp_gain":0.0,"max_hp_loss":0.0,"gold_gain":0.0,"event_name":"Liars Game","player_choice":"Ignored","floor":3.0,"gold_loss":0.0,"damage_taken":0.0},{"damage_healed":0.0,"max_hp_gain":0.0,"max_hp_loss":0.0,"gold_gain":0.0,"event_name":"Masked Bandits","player_choice":"Fought Bandits","floor":20.0,"gold_loss":0.0,"damage_taken":0.0},{"damage_healed":0,"gold_gain":0,"player_choice":"Fight","damage_taken":0,"max_hp_gain":0,"max_hp_loss":0,"event_name":"Mysterious Sphere","floor":36,"gold_loss":0},{"damage_healed":0,"gold_gain":75,"player_choice":"Touch","damage_taken":8,"max_hp_gain":0,"max_hp_loss":0,"event_name":"FaceTrader","floor":37,"gold_loss":0}],"is_beta":false,"boss_relics":[{"not_picked":["Fusion Hammer","Black Star"],"picked":"Lizard Tail"},{"not_picked":["Snecko Eye","Philosopher\u0027s Stone"],"picked":"Empty Cage"}],"items_purged_floors":[28,30,38,53],"is_endless":false,"potions_floor_spawned":[7,10,11,13,16,19,22,25,33,35,36,46,47],"ascension_level":0}