{"gold_per_floor":[117,135,154,174,193,221,221,236,236,251,251,30,30,49,49,148,148,163,78,78,78,91,125,125,157,157,167,181,198,198,198,198,295,295,308,328,347,362,374,408,408,440,440,440,454,484,484,497,497,497],"floor_reached":50,"playtime":7475,"items_purged":[],"score":605,"play_id":"c39bb90a-2bcf-4366-b451-8d68de0b54dd","local_time":"20190804222929","is_ascension_mode":false,"campfire_choices":[{"data":"Flex","floor":7.0,"key":"SMITH"},{"floor":13.0,"key":"REST"},{"data":"Rampage","floor":15.0,"key":"SMITH"},{"data":"Defend_R","floor":24.0,"key":"SMITH"},{"data":"Seeing Red","floor":30.0,"key":"SMITH"},{"data":"True Grit","floor":32.0,"key":"SMITH"},{"floor":41.0,"key":"REST"},{"data":"Brutality","floor":47.0,"key":"SMITH"},{"floor":49.0,"key":"REST"}],"neow_cost":"NONE","seed_source_timestamp":2062103863437078,"circlet_count":0,"master_deck":["Strike_R","Strike_R","Strike_R","Strike_R","Strike_R","Defend_R","Defend_R","Defend_R","Defend_R+1","Bash","Flame Barrier","Flex+1","Twin Strike","Rampage+1","Perfected Strike","Pommel Strike","Shockwave","True Grit+1","Battle Trance","Seeing Red+1","Bludgeon","Heavy Blade+1","Writhe","Pommel Strike","Uppercut+1","Cleave+1","Limit Break","Infernal Blade","Brutality+1","Entrench+1","Shrug It Off+1","Parasite","Inflame","Sentinel+1","Fire Breathing+1","Writhe","Dual Wield+1","Body Slam+1"],"special_seed":0,"relics":["Burning Blood","Boot","Peace Pipe","Gremlin Horn","Thread and Needle","Vajra","Mark of Pain","Anchor","Incense Burner","Bag of Preparation","Orichalcum","Blood Vial","Velvet Choker","Sundial","Lantern","Charon\u0027s Ashes","Omamori"],"potions_floor_usage":[50,50],"damage_taken":[{"damage":8.0,"enemies":"Small Slimes","floor":1.0,"turns":3.0},{"damage":0.0,"enemies":"2 Louse","floor":2.0,"turns":3.0},{"damage":5.0,"enemies":"Cultist","floor":3.0,"turns":4.0},{"damage":7.0,"enemies":"2 Fungi Beasts","floor":4.0,"turns":4.0},{"damage":0.0,"enemies":"Exordium Wildlife","floor":5.0,"turns":5.0},{"damage":39.0,"enemies":"3 Sentries","floor":6.0,"turns":8.0},{"damage":11.0,"enemies":"Exordium Thugs","floor":8.0,"turns":4.0},{"damage":7.0,"enemies":"Blue Slaver","floor":10.0,"turns":2.0},{"damage":0.0,"enemies":"Exordium Wildlife","floor":14.0,"turns":3.0},{"damage":25.0,"enemies":"Slime Boss","floor":16.0,"turns":8.0},{"damage":6.0,"enemies":"Shell Parasite","floor":18.0,"turns":4.0},{"damage":23.0,"enemies":"2 Thieves","floor":22.0,"turns":4.0},{"damage":10.0,"enemies":"Book of Stabbing","floor":23.0,"turns":7.0},{"damage":7.0,"enemies":"Gremlin Leader","floor":25.0,"turns":5.0},{"damage":10.0,"enemies":"Sentry and Sphere","floor":27.0,"turns":4.0},{"damage":0.0,"enemies":"Cultist and Chosen","floor":28.0,"turns":3.0},{"damage":3.0,"enemies":"Chosen and Byrds","floor":29.0,"turns":5.0},{"damage":60.0,"enemies":"Champ","floor":33.0,"turns":10.0},{"damage":15.0,"enemies":"3 Darklings","floor":35.0,"turns":3.0},{"damage":5.0,"enemies":"Orb Walker","floor":36.0,"turns":3.0},{"damage":0.0,"enemies":"Jaw Worm Horde","floor":37.0,"turns":2.0},{"damage":3.0,"enemies":"3 Darklings","floor":38.0,"turns":5.0},{"damage":2.0,"enemies":"Writhing Mass","floor":39.0,"turns":4.0},{"damage":48.0,"enemies":"Nemesis","floor":40.0,"turns":7.0},{"damage":29.0,"enemies":"Giant Head","floor":42.0,"turns":7.0},{"damage":6.0,"enemies":"Spire Growth","floor":45.0,"turns":4.0},{"damage":31.0,"enemies":"Reptomancer","floor":46.0,"turns":5.0},{"damage":29.0,"enemies":"Maw","floor":48.0,"turns":6.0},{"damage":65,"enemies":"Awakened One","floor":50,"turns":7}],"seed_played":"6943567435968322882","potions_obtained":[{"floor":1.0,"key":"Fire Potion"},{"floor":6.0,"key":"Ancient Potion"},{"floor":8.0,"key":"SkillPotion"},{"floor":10.0,"key":"Strength Potion"},{"floor":18.0,"key":"BloodPotion"},{"floor":38.0,"key":"SteroidPotion"},{"floor":39.0,"key":"Ancient Potion"},{"floor":45.0,"key":"BloodPotion"}],"is_trial":false,"path_per_floor":["M","M","M","M","M","E","R","M","T","M","?","$","R","M","R","B",null,"M","?","?","?","M","E","R","E","T","M","M","M","R","$","R","B",null,"M","M","M","M","M","E","R","E","T","?","M","E","R","M","R","B"],"character_chosen":"IRONCLAD","items_purchased":["Vajra","Battle Trance"],"campfire_rested":3,"item_purchase_floors":[12,12],"current_hp_per_floor":[78,80,80,79,80,47,47,42,42,41,16,16,40,46,46,27,80,80,80,80,80,63,59,59,58,58,56,64,69,69,69,69,37,80,71,74,80,80,80,38,62,41,41,61,63,60,60,39,63,0],"gold":497,"neow_bonus":"RANDOM_COMMON_RELIC","is_prod":false,"is_daily":false,"chose_seed":false,"campfire_upgraded":6,"win_rate":0,"timestamp":1564928969,"path_taken":["M","M","M","M","M","E","R","M","T","M","?","$","R","M","R","BOSS","M","?","?","?","M","E","R","E","T","M","M","M","R","$","R","BOSS","M","M","M","M","?","E","R","E","T","?","M","E","R","M","R","BOSS"],"build_version":"2019-07-17","purchased_purges":0,"victory":false,"max_hp_per_floor":[80,80,80,80,80,80,80,80,80,80,80,80,80,80,80,80,80,80,80,80,80,80,80,80,80,80,80,80,80,80,80,80,80,80,80,80,80,80,80,80,80,80,80,80,80,80,80,80,80,80],"card_choices":[{"not_picked":["Metallicize","Wild Strike"],"picked":"Flame Barrier","floor":1.0},{"not_picked":["Iron Wave","Burning Pact"],"picked":"Flex","floor":2.0},{"not_picked":["Clash","Fire Breathing"],"picked":"Twin Strike","floor":3.0},{"not_picked":["Perfected Strike","Twin Strike"],"picked":"Rampage","floor":4.0},{"not_picked":["Heavy Blade","Metallicize"],"picked":"Perfected Strike","floor":5.0},{"not_picked":["Rupture","Fiend Fire"],"picked":"Pommel Strike","floor":6.0},{"not_picked":["Clothesline","Pommel Strike"],"picked":"Shockwave","floor":8.0},{"not_picked":["Havoc","Rampage"],"picked":"True Grit","floor":10.0},{"not_picked":["Clash","Perfected Strike"],"picked":"Seeing Red","floor":14.0},{"not_picked":["Impervious","Juggernaut"],"picked":"Bludgeon","floor":16.0},{"not_picked":["Sword Boomerang","Iron Wave"],"picked":"Heavy Blade","floor":18.0},{"not_picked":["Dual Wield","True Grit","Thunderclap+1"],"picked":"SKIP","floor":22.0},{"not_picked":["Perfected Strike","Twin Strike"],"picked":"Pommel Strike","floor":23.0},{"not_picked":["Spot Weakness+1","Metallicize"],"picked":"Uppercut+1","floor":25.0},{"not_picked":["Havoc","Warcry"],"picked":"Cleave+1","floor":27.0},{"not_picked":["Clash","Dropkick+1"],"picked":"Limit Break","floor":28.0},{"not_picked":["Iron Wave","Clothesline+1"],"picked":"Infernal Blade","floor":29.0},{"not_picked":["Feed","Demon Form"],"picked":"Brutality","floor":33.0},{"not_picked":["Heavy Blade","Uppercut+1"],"picked":"Entrench+1","floor":35.0},{"not_picked":["Shrug It Off","Thunderclap+1","Warcry"],"picked":"SKIP","floor":36.0},{"not_picked":["Power Through","Second Wind"],"picked":"Shrug It Off+1","floor":37.0},{"not_picked":["Barricade","Pummel","Sword Boomerang+1"],"picked":"SKIP","floor":38.0},{"not_picked":["Dropkick","Combust+1"],"picked":"Inflame","floor":39.0},{"not_picked":["Burning Pact","Warcry+1"],"picked":"Sentinel+1","floor":40.0},{"not_picked":["Combust+1","Reckless Charge"],"picked":"Fire Breathing+1","floor":42.0},{"not_picked":["Flex","Thunderclap+1","Body Slam"],"picked":"SKIP","floor":45.0},{"not_picked":["True Grit","Intimidate+1"],"picked":"Dual Wield+1","floor":46.0},{"not_picked":["Uppercut+1","Blood for Blood+1"],"picked":"Body Slam+1","floor":48.0}],"player_experience":77068,"relics_obtained":[{"floor":6.0,"key":"Peace Pipe"},{"floor":9.0,"key":"Gremlin Horn"},{"floor":23.0,"key":"Bag of Preparation"},{"floor":25.0,"key":"Orichalcum"},{"floor":26.0,"key":"Blood Vial"},{"floor":40.0,"key":"Sundial"},{"floor":42.0,"key":"Lantern"},{"floor":43.0,"key":"Charon\u0027s Ashes"},{"floor":46.0,"key":"Omamori"}],"event_choices":[{"damage_healed":0.0,"max_hp_gain":0.0,"max_hp_loss":0.0,"gold_gain":0.0,"event_name":"Scrap Ooze","player_choice":"Success","floor":11.0,"gold_loss":0.0,"damage_taken":25.0,"relics_obtained":["Thread and Needle"]},{"damage_healed":0.0,"max_hp_gain":0.0,"max_hp_loss":0.0,"gold_gain":0.0,"event_name":"Addict","player_choice":"Obtained Relic","floor":19.0,"gold_loss":85.0,"damage_taken":0.0,"relics_obtained":["Anchor"]},{"damage_healed":0.0,"max_hp_gain":0.0,"max_hp_loss":0.0,"gold_gain":0.0,"event_name":"The Mausoleum","player_choice":"Opened","floor":20.0,"gold_loss":0.0,"damage_taken":0.0,"relics_obtained":["Incense Burner"],"cards_obtained":["Writhe"]},{"damage_healed":0.0,"max_hp_gain":0.0,"max_hp_loss":0.0,"gold_gain":0.0,"event_name":"Upgrade Shrine","player_choice":"Upgraded","floor":21.0,"gold_loss":0.0,"damage_taken":0.0,"cards_upgraded":["Heavy Blade"]},{"damage_healed":20.0,"max_hp_gain":0.0,"max_hp_loss":0.0,"gold_gain":0.0,"event_name":"Winding Halls","player_choice":"Writhe","floor":44.0,"gold_loss":0.0,"damage_taken":0.0,"cards_obtained":["Writhe"]}],"is_beta":false,"boss_relics":[{"not_picked":["Runic Cube","Snecko Eye"],"picked":"Mark of Pain"},{"not_picked":["Runic Dome","Fusion Hammer"],"picked":"Velvet Choker"}],"items_purged_floors":[],"is_endless":false,"potions_floor_spawned":[1,6,8,10,18,27,28,38,39,40,45],"killed_by":"Awakened One","ascension_level":0}