{"gold_per_floor":[369,369,5,5,23,23,40,72,99,118,138,138],"floor_reached":12,"playtime":278,"items_purged":["Strike_B"],"score":160,"play_id":"0f166b8c-f91e-4c89-8e6f-054261a1572e","local_time":"20190711160559","is_ascension_mode":true,"campfire_choices":[{"floor":6,"key":"REST"}],"neow_cost":"PERCENT_DAMAGE","seed_source_timestamp":12163859628982,"circlet_count":0,"master_deck":["AscendersBane","Strike_B","Strike_B+1","Strike_B","Defend_B","Defend_B+1","Defend_B+1","Defend_B+1","Zap","Dualcast+1","Ball Lightning+1","Chill","Sweeping Beam","Capacitor"],"relics":["Cracked Core","Centennial Puzzle","Whetstone","War Paint"],"potions_floor_usage":[8,10],"damage_taken":[{"damage":7,"enemies":"Small Slimes","floor":1,"turns":4},{"damage":0,"enemies":"2 Louse","floor":5,"turns":2},{"damage":5,"enemies":"Jaw Worm","floor":7,"turns":3},{"damage":18,"enemies":"Lagavulin","floor":8,"turns":5},{"damage":7,"enemies":"Large Slime","floor":10,"turns":4},{"damage":3,"enemies":"3 Louse","floor":11,"turns":3},{"damage":0,"enemies":"Exordium Wildlife","floor":12,"turns":1}],"seed_played":"-8069966517838240344","potions_obtained":[{"floor":7,"key":"Block Potion"},{"floor":11,"key":"Strength Potion"}],"is_trial":false,"path_per_floor":["M","?","$","?","M","R","M","E","T","M","M","M"],"character_chosen":"DEFECT","items_purchased":["Chill","Centennial Puzzle","FocusPotion"],"campfire_rested":1,"item_purchase_floors":[3,3,3],"current_hp_per_floor":[39,18,18,18,18,39,34,16,16,9,6,6],"gold":138,"neow_bonus":"TWO_FIFTY_GOLD","is_prod":false,"is_daily":false,"chose_seed":false,"campfire_upgraded":0,"win_rate":0,"timestamp":1562832359,"path_taken":["M","?","$","?","M","R","M","E","T","M","M","M"],"build_version":"2019-07-05","purchased_purges":1,"victory":false,"max_hp_per_floor":[71,71,71,71,71,71,71,71,71,71,71,71],"card_choices":[{"not_picked":["Redo","Hello World"],"picked":"Ball Lightning","floor":1},{"not_picked":["Ball Lightning","BootSequence","Beam Cell"],"picked":"SKIP","floor":5},{"not_picked":["Leap","Rebound"],"picked":"Sweeping Beam","floor":7},{"not_picked":["Reprogram","Conserve Battery"],"picked":"Capacitor","floor":8},{"not_picked":["Steam Power","Genetic Algorithm","Gash"],"picked":"SKIP","floor":10},{"not_picked":["Double Energy","Cold Snap","Redo"],"picked":"SKIP","floor":11}],"player_experience":1104297,"relics_obtained":[{"floor":8,"key":"Whetstone"},{"floor":9,"key":"War Paint"}],"event_choices":[{"damage_healed":0,"gold_gain":0,"player_choice":"Entered Light","damage_taken":21,"max_hp_gain":0,"max_hp_loss":0,"event_name":"Shining Light","floor":2,"gold_loss":0,"cards_upgraded":["Dualcast","Defend_B"]},{"damage_healed":0,"gold_gain":0,"player_choice":"Ignored","damage_taken":0,"max_hp_gain":0,"max_hp_loss":0,"event_name":"Liars Game","floor":4,"gold_loss":0}],"is_beta":false,"boss_relics":[],"items_purged_floors":[3],"is_endless":false,"potions_floor_spawned":[7,11],"killed_by":"Exordium Wildlife","ascension_level":20}