{"gold_per_floor":[19,19,19,32,207,207,234,254,254,254,266,295,307,330,342,354],"floor_reached":16,"playtime":875,"items_purged":[],"score":120,"play_id":"79b893ae-e5ae-4bae-89b5-7caff4e3fbc6","local_time":"20190125143222","is_ascension_mode":true,"campfire_choices":[{"data":"Cold Snap","floor":6,"key":"SMITH"},{"floor":10,"key":"DIG"},{"floor":13,"key":"DIG"},{"floor":15,"key":"DIG"}],"neow_cost":"NO_GOLD","seed_source_timestamp":204199105229619,"circlet_count":0,"master_deck":["Strike_B","Strike_B","Strike_B","Strike_B","Defend_B","Defend_B","Defend_B","Defend_B","Zap","Dualcast","Leap","Cold Snap+1","Doubt","Coolheaded","Turbo","Coolheaded","White Noise"],"relics":["Cracked Core","Torii","Shovel","Pantograph","MawBank","Bag of Marbles","Incense Burner"],"potions_floor_usage":[16],"damage_taken":[{"damage":1,"enemies":"Jaw Worm","floor":1,"turns":3},{"damage":0,"enemies":"2 Louse","floor":4,"turns":3},{"damage":21,"enemies":"3 Sentries","floor":7,"turns":10},{"damage":0,"enemies":"Small Slimes","floor":8,"turns":3},{"damage":1,"enemies":"3 Louse","floor":12,"turns":2},{"damage":16,"enemies":"Exordium Wildlife","floor":14,"turns":7},{"damage":82,"enemies":"The Guardian","floor":16,"turns":22}],"seed_played":"4231654674844295064","potions_obtained":[{"floor":4,"key":"SneckoOil"},{"floor":7,"key":"Swift Potion"}],"is_trial":false,"path_per_floor":["M","?","?","M","?","R","E","M","T","R","?","M","R","M","R","B"],"character_chosen":"DEFECT","items_purchased":[],"campfire_rested":0,"item_purchase_floors":[],"current_hp_per_floor":[74,74,74,74,74,74,53,53,53,53,58,57,57,41,41,0],"gold":354,"neow_bonus":"ONE_RARE_RELIC","is_prod":false,"is_daily":false,"chose_seed":false,"campfire_upgraded":1,"win_rate":0,"timestamp":1548387142,"path_taken":["M","?","?","M","?","R","E","M","T","R","?","M","R","M","R","BOSS"],"build_version":"2019-01-23","purchased_purges":0,"victory":false,"max_hp_per_floor":[75,75,75,75,75,75,75,75,75,75,80,80,80,80,80,80],"card_choices":[{"not_picked":["Ball Lightning","Static Discharge"],"picked":"Leap","floor":1},{"not_picked":["Barrage","Double Energy"],"picked":"Cold Snap","floor":4},{"not_picked":["Hyperbeam","Steam"],"picked":"Coolheaded","floor":7},{"not_picked":["Barrage","Hologram"],"picked":"Turbo","floor":8},{"not_picked":["Static Discharge","Go for the Eyes"],"picked":"Coolheaded","floor":12},{"not_picked":["Rebound","Gash"],"picked":"White Noise","floor":14}],"player_experience":553789,"relics_obtained":[{"floor":7,"key":"Shovel"},{"floor":9,"key":"Pantograph"},{"floor":10,"key":"MawBank"},{"floor":13,"key":"Bag of Marbles"},{"floor":15,"key":"Incense Burner"}],"event_choices":[{"damage_healed":0,"gold_gain":0,"player_choice":"Ignored","damage_taken":0,"max_hp_gain":0,"max_hp_loss":0,"event_name":"Shining Light","floor":2,"gold_loss":0},{"damage_healed":0,"gold_gain":0,"player_choice":"Ignored","damage_taken":0,"max_hp_gain":0,"max_hp_loss":0,"event_name":"Golden Wing","floor":3,"gold_loss":0},{"damage_healed":0,"gold_gain":175,"player_choice":"AGREE","damage_taken":0,"max_hp_gain":0,"max_hp_loss":0,"event_name":"Liars Game","floor":5,"gold_loss":0,"cards_obtained":["Doubt"]},{"damage_healed":0,"gold_gain":0,"player_choice":"Donut","damage_taken":0,"max_hp_gain":5,"max_hp_loss":0,"event_name":"Big Fish","floor":11,"gold_loss":0}],"is_beta":false,"boss_relics":[],"items_purged_floors":[],"is_endless":false,"potions_floor_spawned":[4,7],"killed_by":"The Guardian","ascension_level":4}