{"gold_per_floor":[116,134,154,164,179,212,212,212,212,7,19,19,38,57,57,159,159,170,182,107,117,32,44,72,84,121,147,175,187,216,252,264,373,385,408,440,469,36,49,68,80,80,80,80,80,100,113,128,128,128],"floor_reached":50,"playtime":5795,"items_purged":["Strike_R","Defend_R"],"score":527,"play_id":"ffe43c89-c30b-454c-95db-72f548ea8d90","local_time":"20190509232400","is_ascension_mode":true,"campfire_choices":[{"floor":12.0,"key":"REST"},{"data":"Shrug It Off","floor":15.0,"key":"SMITH"},{"floor":23,"key":"REST"},{"floor":25,"key":"REST"},{"floor":29,"key":"REST"},{"floor":32,"key":"REST"},{"data":"Barricade","floor":45,"key":"SMITH"},{"data":"Iron Wave","floor":49,"key":"SMITH"}],"neow_cost":"NONE","seed_source_timestamp":0,"circlet_count":0,"master_deck":["Strike_R","Strike_R","Strike_R","Strike_R","Defend_R","Defend_R","Bash","Cleave+1","Perfected Strike","Clothesline","Cleave","Shrug It Off+1","Shrug It Off+1","Spot Weakness+1","Barricade+1","Iron Wave+1","Shockwave+1","Flame Barrier+1","Shrug It Off+1","Reaper","Entrench+1","Armaments+1","Metallicize+1","Doubt","True Grit+1","Flame Barrier+1"],"special_seed":0,"relics":["Burning Blood","Art of War","Toxic Egg 2","HandDrill","Velvet Choker","MawBank","Regal Pillow","Smiling Mask","Lizard Tail","Oddly Smooth Stone","Blood Vial","Bird Faced Urn","Blue Candle"],"potions_floor_usage":[28,28,28,33,37,50,50,50],"damage_taken":[{"damage":0.0,"enemies":"Small Slimes","floor":1.0,"turns":4.0},{"damage":0.0,"enemies":"2 Louse","floor":2.0,"turns":2.0},{"damage":6.0,"enemies":"Cultist","floor":3.0,"turns":3.0},{"damage":32.0,"enemies":"Exordium Thugs","floor":4.0,"turns":5.0},{"damage":0.0,"enemies":"Lots of Slimes","floor":5.0,"turns":2.0},{"damage":20.0,"enemies":"3 Sentries","floor":6.0,"turns":4.0},{"damage":0.0,"enemies":"Exordium Wildlife","floor":11.0,"turns":2.0},{"damage":6.0,"enemies":"Red Slaver","floor":13.0,"turns":4.0},{"damage":12.0,"enemies":"Blue Slaver","floor":14.0,"turns":5.0},{"damage":45.0,"enemies":"The Guardian","floor":16.0,"turns":12.0},{"damage":33.0,"enemies":"2 Thieves","floor":18.0,"turns":4.0},{"damage":8.0,"enemies":"Chosen","floor":19.0,"turns":4.0},{"damage":47.0,"enemies":"Sentry and Sphere","floor":21.0,"turns":8.0},{"damage":17,"enemies":"Shelled Parasite and Fungi","floor":24,"turns":4},{"damage":25,"enemies":"Snake Plant","floor":27,"turns":5},{"damage":36,"enemies":"Sentry and Sphere","floor":28,"turns":7},{"damage":22,"enemies":"Shelled Parasite and Fungi","floor":30,"turns":4},{"damage":6,"enemies":"Collector","floor":33,"turns":18},{"damage":17,"enemies":"Orb Walker","floor":35,"turns":4},{"damage":24,"enemies":"3 Darklings","floor":36,"turns":9},{"damage":11,"enemies":"Maw","floor":37,"turns":14},{"damage":44,"enemies":"Jaw Worm Horde","floor":39,"turns":5},{"damage":14,"enemies":"Spire Growth","floor":40,"turns":6},{"damage":72,"enemies":"Transient","floor":41,"turns":5},{"damage":26,"enemies":"Sphere and 2 Shapes","floor":46,"turns":8},{"damage":0,"enemies":"Maw","floor":47,"turns":15},{"damage":54,"enemies":"4 Shapes","floor":48,"turns":7},{"damage":181,"enemies":"Donu and Deca","floor":50,"turns":14}],"seed_played":"-7733154791504146186","potions_obtained":[{"floor":3.0,"key":"Fire Potion"},{"floor":4.0,"key":"EntropicBrew"},{"floor":11.0,"key":"Explosive Potion"},{"floor":13.0,"key":"Strength Potion"},{"floor":16.0,"key":"GamblersBrew"},{"floor":24,"key":"Swift Potion"},{"floor":27,"key":"PowerPotion"},{"floor":28,"key":"Swift Potion"},{"floor":33,"key":"Poison Potion"},{"floor":37,"key":"Ancient Potion"},{"floor":39,"key":"Strength Potion"},{"floor":40,"key":"SpeedPotion"},{"floor":46,"key":"SkillPotion"}],"is_trial":false,"path_per_floor":["M","M","M","M","M","E","?","?","T","$","M","R","M","M","R","B",null,"M","M","$","M","?","R","M","R","T","M","M","R","M","T","R","B",null,"M","M","M","$","M","M","M","?","T","T","R","M","M","M","R","B"],"character_chosen":"IRONCLAD","items_purchased":["HandDrill","Oddly Smooth Stone","Blood Vial","Armaments+1","SkillPotion"],"campfire_rested":5,"item_purchase_floors":[10,38,38,38,38],"current_hp_per_floor":[88,88,88,62,68,54,36,36,36,36,42,68,68,62,62,23,88,61,59,59,18,18,44,33,59,59,40,10,51,35,35,76,76,88,84,88,88,88,63,57,11,88,88,88,88,83,88,70,70,0],"gold":128,"neow_bonus":"TEN_PERCENT_HP_BONUS","is_prod":false,"is_daily":false,"chose_seed":false,"campfire_upgraded":3,"win_rate":0,"timestamp":1557469440,"path_taken":["M","M","M","M","M","E","?","?","T","$","M","R","M","M","R","BOSS","M","M","$","M","?","R","M","R","T","M","M","R","M","?","R","BOSS","M","M","M","$","M","M","?","?","T","?","R","M","M","?","R","BOSS"],"build_version":"2019-01-23","purchased_purges":2,"victory":false,"max_hp_per_floor":[88,88,88,88,88,88,88,88,88,88,88,88,88,88,88,88,88,88,88,88,88,88,88,88,88,88,88,88,88,88,88,88,88,88,88,88,88,88,88,88,88,88,88,88,88,88,88,88,88,88],"card_choices":[{"not_picked":["Intimidate","Twin Strike"],"picked":"Cleave","floor":1.0},{"not_picked":["True Grit","Fire Breathing"],"picked":"Perfected Strike","floor":2.0},{"not_picked":["Heavy Blade","Limit Break"],"picked":"Clothesline","floor":3.0},{"not_picked":["Bloodletting","Sword Boomerang"],"picked":"Cleave","floor":4.0},{"not_picked":["Anger","Pummel"],"picked":"Shrug It Off","floor":5.0},{"not_picked":["Fiend Fire","Immolate","Body Slam"],"picked":"SKIP","floor":6.0},{"not_picked":["Havoc+1","Clothesline","Bloodletting+1"],"picked":"SKIP","floor":11.0},{"not_picked":["Clothesline","True Grit+1"],"picked":"Shrug It Off+1","floor":13.0},{"not_picked":["Ghostly Armor+1","Havoc+1"],"picked":"Spot Weakness+1","floor":14.0},{"not_picked":["Immolate","Bludgeon"],"picked":"Barricade","floor":16.0},{"not_picked":["Inflame","Evolve+1","Havoc+1"],"picked":"SKIP","floor":18.0},{"not_picked":["Flex+1","Body Slam","Clothesline"],"picked":"SKIP","floor":19.0},{"not_picked":["Twin Strike","Flex+1"],"picked":"Iron Wave","floor":21},{"not_picked":["Inflame+1","Blood for Blood"],"picked":"Shockwave+1","floor":24},{"not_picked":["Thunderclap","True Grit+1"],"picked":"Flame Barrier+1","floor":27},{"not_picked":["Flex+1","Heavy Blade","Wild Strike"],"picked":"SKIP","floor":28},{"not_picked":["Shockwave+1","Feed"],"picked":"Shrug It Off+1","floor":30},{"not_picked":["Fiend Fire","Bludgeon"],"picked":"Reaper","floor":33},{"not_picked":["Cleave+1","Flex+1","Heavy Blade"],"picked":"SKIP","floor":35},{"not_picked":["Armaments+1","Clothesline+1"],"picked":"Entrench+1","floor":36},{"not_picked":["Havoc+1","Cleave+1","Pommel Strike"],"picked":"SKIP","floor":37},{"not_picked":["Blood for Blood+1","Havoc+1","Twin Strike"],"picked":"SKIP","floor":39},{"not_picked":["Whirlwind+1","Feed"],"picked":"Metallicize+1","floor":40},{"not_picked":["Twin Strike","Whirlwind","Warcry+1"],"picked":"SKIP","floor":41},{"not_picked":["Headbutt","Havoc+1"],"picked":"True Grit+1","floor":46},{"not_picked":["Wild Strike+1","Havoc+1","Burning Pact+1"],"picked":"SKIP","floor":47},{"not_picked":["Sever Soul","Flex+1"],"picked":"Flame Barrier+1","floor":48}],"player_experience":486062,"relics_obtained":[{"floor":6.0,"key":"Art of War"},{"floor":9.0,"key":"Toxic Egg 2"},{"floor":26,"key":"Regal Pillow"},{"floor":31,"key":"Smiling Mask"},{"floor":43,"key":"Bird Faced Urn"},{"floor":44,"key":"Blue Candle"}],"event_choices":[{"damage_healed":0.0,"max_hp_gain":0.0,"max_hp_loss":0.0,"gold_gain":0.0,"event_name":"Shining Light","player_choice":"Entered Light","floor":7.0,"gold_loss":0.0,"damage_taken":18.0,"cards_upgraded":["Defend_R","Cleave"]},{"cards_removed":["Defend_R"],"damage_healed":0.0,"max_hp_gain":0.0,"max_hp_loss":0.0,"gold_gain":0.0,"event_name":"Bonfire Elementals","player_choice":"Offered Basic","floor":8.0,"gold_loss":0.0,"damage_taken":0.0},{"damage_healed":0,"gold_gain":0,"player_choice":"Obtained Relic","damage_taken":0,"relics_obtained":["MawBank"],"max_hp_gain":0,"max_hp_loss":0,"event_name":"Addict","floor":22,"gold_loss":85},{"damage_healed":77,"gold_gain":0,"player_choice":"Heal","damage_taken":0,"max_hp_gain":0,"max_hp_loss":0,"event_name":"MindBloom","floor":42,"gold_loss":0,"cards_obtained":["Doubt"]}],"is_beta":false,"boss_relics":[{"not_picked":["Calling Bell","Runic Dome"],"picked":"Velvet Choker"},{"not_picked":["Fusion Hammer","Sozu"],"picked":"Lizard Tail"}],"items_purged_floors":[20,38],"is_endless":false,"potions_floor_spawned":[3,4,11,13,16,24,27,28,33,37,39,40,46,47,48],"killed_by":"Donu and Deca","ascension_level":3}