{"gold_per_floor":[368,380,6,25,38,66,66,66,113,113,133,133,158,31,31,130,130,143,143,93,93,112,112,131,151,151,181,181,201,211,242,242,347,347,358,377,452,402,421,453,403,421,421,433,444,444,444],"floor_reached":47,"playtime":1829,"items_purged":["Strike_R","Strike_R","Strike_R","Strike_R","Bash"],"score":589,"play_id":"f7265af5-dca3-4323-ad16-8e1087a45ee9","local_time":"20190520160443","is_ascension_mode":false,"campfire_choices":[{"data":"Thunderclap","floor":7.0,"key":"SMITH"},{"data":"Dual Wield","floor":12.0,"key":"SMITH"},{"data":"Second Wind","floor":15.0,"key":"SMITH"},{"floor":23.0,"key":"REST"},{"data":"Power Through","floor":32,"key":"SMITH"}],"neow_cost":"TEN_PERCENT_HP_LOSS","seed_source_timestamp":318094480302785,"circlet_count":0,"master_deck":["Defend_R","Defend_R","Defend_R","Defend_R","Thunderclap+1","Dual Wield+1","Second Wind+1","Power Through+1","Pommel Strike+1"],"special_seed":0,"relics":["Burning Blood","PreservedInsect","Bag of Marbles","Matryoshka","Lantern","Boot","Smiling Mask","Runic Pyramid","Sundial","Vajra","Meat on the Bone","Red Mask","Philosopher\u0027s Stone","Letter Opener"],"potions_floor_usage":[],"damage_taken":[{"damage":6.0,"enemies":"Jaw Worm","floor":1.0,"turns":4.0},{"damage":0.0,"enemies":"Small Slimes","floor":2.0,"turns":3.0},{"damage":0.0,"enemies":"2 Louse","floor":4.0,"turns":2.0},{"damage":8.0,"enemies":"Large Slime","floor":5.0,"turns":5.0},{"damage":20.0,"enemies":"Gremlin Nob","floor":6.0,"turns":4.0},{"damage":3.0,"enemies":"Red Slaver","floor":11.0,"turns":3.0},{"damage":31.0,"enemies":"Lagavulin","floor":13.0,"turns":6.0},{"damage":24.0,"enemies":"Hexaghost","floor":16.0,"turns":7.0},{"damage":12.0,"enemies":"3 Byrds","floor":18.0,"turns":3.0},{"damage":40.0,"enemies":"Spheric Guardian","floor":22.0,"turns":6.0},{"damage":11.0,"enemies":"Centurion and Healer","floor":24.0,"turns":11.0},{"damage":4.0,"enemies":"Snake Plant","floor":25.0,"turns":9.0},{"damage":17.0,"enemies":"Slavers","floor":27.0,"turns":3.0},{"damage":8.0,"enemies":"Shelled Parasite and Fungi","floor":29.0,"turns":8.0},{"damage":10.0,"enemies":"Centurion and Healer","floor":30.0,"turns":6.0},{"damage":20,"enemies":"Masked Bandits","floor":31,"turns":3},{"damage":0,"enemies":"Automaton","floor":33,"turns":3},{"damage":1,"enemies":"3 Darklings","floor":35,"turns":2},{"damage":10,"enemies":"3 Shapes","floor":36,"turns":4},{"damage":0,"enemies":"Spire Growth","floor":39,"turns":4},{"damage":0,"enemies":"Giant Head","floor":40,"turns":3},{"damage":0,"enemies":"Sphere and 2 Shapes","floor":42,"turns":3},{"damage":6,"enemies":"Maw","floor":44,"turns":3},{"damage":23,"enemies":"Writhing Mass","floor":45,"turns":5}],"seed_played":"1343139665242539395","potions_obtained":[{"floor":4.0,"key":"SteroidPotion"},{"floor":5.0,"key":"Ancient Potion"},{"floor":11.0,"key":"BloodPotion"},{"floor":16.0,"key":"LiquidBronze"},{"floor":25.0,"key":"SteroidPotion"},{"floor":29.0,"key":"PowerPotion"},{"floor":30.0,"key":"AttackPotion"},{"floor":31,"key":"Strength Potion"},{"floor":42,"key":"SkillPotion"}],"is_trial":false,"path_per_floor":["M","M","$","M","M","E","R","?","T","?","M","R","E","$","R","B",null,"M","?","$","?","M","R","M","M","T","E","?","M","M","?","R","B",null,"M","M","?","$","M","E","$","M","T","M","M","?","?"],"character_chosen":"IRONCLAD","items_purchased":["PreservedInsect","Bag of Marbles","Second Wind"],"campfire_rested":1,"item_purchase_floors":[3,3,14],"current_hp_per_floor":[72,72,72,72,70,56,56,49,49,42,45,45,20,20,20,9,72,66,53,53,53,19,42,37,39,39,28,28,38,46,44,44,50,77,77,73,66,66,72,77,77,77,77,77,60,60,60],"gold":444,"neow_bonus":"TWO_FIFTY_GOLD","is_prod":false,"is_daily":false,"chose_seed":false,"campfire_upgraded":4,"win_rate":0,"timestamp":1558339483,"path_taken":["M","M","$","M","M","E","R","?","T","?","M","R","E","$","R","BOSS","M","?","$","?","M","R","M","M","T","E","?","M","M","?","R","BOSS","M","M","?","$","M","E","$","M","T","?","M","?","?"],"build_version":"2019-01-23","purchased_purges":5,"victory":false,"max_hp_per_floor":[72,72,72,72,72,72,72,72,72,72,72,72,72,72,72,72,72,72,77,77,77,77,77,77,77,77,77,77,77,77,77,77,77,77,77,77,77,77,77,77,77,77,77,77,77,73,73],"card_choices":[{"not_picked":["Anger","Uppercut","Clothesline"],"picked":"SKIP","floor":1.0},{"not_picked":["Thunderclap","Warcry","Pommel Strike"],"picked":"SKIP","floor":2.0},{"not_picked":["Sword Boomerang","Perfected Strike"],"picked":"Thunderclap","floor":4.0},{"not_picked":["Power Through","Twin Strike","Feel No Pain"],"picked":"SKIP","floor":5.0},{"not_picked":["Juggernaut","Rage","Flex"],"picked":"SKIP","floor":6.0},{"not_picked":["Flame Barrier","Battle Trance"],"picked":"Dual Wield","floor":11.0},{"not_picked":["Iron Wave","Rupture","Bloodletting"],"picked":"SKIP","floor":13.0},{"not_picked":["Heavy Blade","Burning Pact","Uppercut"],"picked":"SKIP","floor":18.0},{"not_picked":["Uppercut+1","Clothesline"],"picked":"Power Through","floor":22.0},{"not_picked":["Headbutt","Combust","Wild Strike"],"picked":"SKIP","floor":24.0},{"not_picked":["Carnage","Flame Barrier","Headbutt"],"picked":"SKIP","floor":25.0},{"not_picked":["Reckless Charge","Uppercut","Rupture"],"picked":"SKIP","floor":27.0},{"not_picked":["Ghostly Armor","Wild Strike","Sever Soul"],"picked":"SKIP","floor":29.0},{"not_picked":["Power Through+1","Thunderclap"],"picked":"Pommel Strike+1","floor":30.0},{"not_picked":["Clothesline","Thunderclap","Wild Strike"],"picked":"SKIP","floor":35},{"not_picked":["Iron Wave+1","Clash","Cleave"],"picked":"SKIP","floor":36},{"not_picked":["Warcry+1","Burning Pact+1","Corruption+1"],"picked":"SKIP","floor":39},{"not_picked":["True Grit","Thunderclap+1","Clash+1"],"picked":"SKIP","floor":40},{"not_picked":["Clothesline+1","Shockwave+1","Clash+1"],"picked":"SKIP","floor":42},{"not_picked":["Rage+1","Headbutt+1","True Grit+1"],"picked":"SKIP","floor":44},{"not_picked":["Havoc+1","Juggernaut","Clothesline"],"picked":"SKIP","floor":45}],"player_experience":896876,"relics_obtained":[{"floor":6.0,"key":"Matryoshka"},{"floor":9.0,"key":"Boot"},{"floor":13.0,"key":"Smiling Mask"},{"floor":26.0,"key":"Sundial"},{"floor":26.0,"key":"Vajra"},{"floor":27.0,"key":"Meat on the Bone"},{"floor":31,"key":"Red Mask"},{"floor":40,"key":"Letter Opener"}],"event_choices":[{"damage_healed":0.0,"max_hp_gain":0.0,"max_hp_loss":0.0,"gold_gain":0.0,"event_name":"Scrap Ooze","player_choice":"Success","floor":8.0,"gold_loss":0.0,"damage_taken":7.0,"relics_obtained":["Lantern"]},{"cards_removed":["Strike_R"],"damage_healed":0.0,"max_hp_gain":0.0,"max_hp_loss":0.0,"gold_gain":0.0,"event_name":"Golden Wing","player_choice":"Card Removal","floor":10.0,"gold_loss":0.0,"damage_taken":7.0},{"damage_healed":0.0,"max_hp_gain":5.0,"max_hp_loss":0.0,"gold_gain":0.0,"event_name":"Forgotten Altar","player_choice":"Shed Blood","floor":19.0,"gold_loss":0.0,"damage_taken":18.0},{"damage_healed":0.0,"max_hp_gain":0.0,"max_hp_loss":0.0,"gold_gain":0.0,"event_name":"Cursed Tome","player_choice":"Ignored","floor":21.0,"gold_loss":0.0,"damage_taken":0.0},{"damage_healed":0,"gold_gain":0,"player_choice":"Fought Bandits","damage_taken":0,"max_hp_gain":0,"max_hp_loss":0,"event_name":"Masked Bandits","floor":31,"gold_loss":0},{"damage_healed":0,"gold_gain":75,"player_choice":"Touch","damage_taken":7,"max_hp_gain":0,"max_hp_loss":0,"event_name":"FaceTrader","floor":37,"gold_loss":0},{"damage_healed":0,"gold_gain":0,"player_choice":"Max HP","damage_taken":0,"max_hp_gain":0,"max_hp_loss":4,"event_name":"Winding Halls","floor":46,"gold_loss":0},{"damage_healed":0,"gold_gain":0,"player_choice":"Memory 1","damage_taken":0,"max_hp_gain":0,"max_hp_loss":0,"event_name":"SensoryStone","floor":47,"gold_loss":0}],"is_beta":false,"boss_relics":[{"not_picked":["Black Blood","Eternal Feather"],"picked":"Runic Pyramid"},{"not_picked":["Orrery","Mark of Pain"],"picked":"Philosopher\u0027s Stone"}],"items_purged_floors":[3,14,20,38,41],"is_endless":false,"potions_floor_spawned":[4,5,11,16,25,29,30,31,33,42,44,45],"ascension_level":0}