{"gold_per_floor":[111,111,123,123,174,174,189,203,228,105,131,145,155,55,55,154,154,168,186,186,204,221,221,236,236,263,283,283],"floor_reached":28,"playtime":1056,"items_purged":["Pain","Strike_B"],"score":224,"play_id":"af18708d-4b03-4ece-9ac7-12c08aae32c2","local_time":"20190520200251","is_ascension_mode":false,"campfire_choices":[{"data":"Zap","floor":6.0,"key":"SMITH"},{"data":"Defragment","floor":15.0,"key":"SMITH"},{"floor":23,"key":"REST"},{"floor":25,"key":"REST"}],"neow_cost":"PERCENT_DAMAGE","seed_source_timestamp":333366156085519,"circlet_count":0,"master_deck":["Defend_B","Defend_B","Defend_B","Zap+1","Dualcast","Turbo","Chaos","Ball Lightning","Defragment+1","Skim","Creative AI","Coolheaded","Heatsinks","Recycle","Loop","Hologram+1"],"special_seed":0,"relics":["Cracked Core","WarpedTongs","Omamori","Potion Belt","Question Card","Empty Cage","Bronze Scales"],"potions_floor_usage":[22,24],"damage_taken":[{"damage":1.0,"enemies":"Jaw Worm","floor":1.0,"turns":4.0},{"damage":7.0,"enemies":"Cultist","floor":3.0,"turns":4.0},{"damage":2.0,"enemies":"2 Louse","floor":7.0,"turns":3.0},{"damage":4.0,"enemies":"Exordium Wildlife","floor":8.0,"turns":5.0},{"damage":23.0,"enemies":"3 Sentries","floor":11.0,"turns":7.0},{"damage":0.0,"enemies":"Looter","floor":12.0,"turns":1.0},{"damage":5.0,"enemies":"Large Slime","floor":13.0,"turns":5.0},{"damage":38.0,"enemies":"Hexaghost","floor":16.0,"turns":10.0},{"damage":15.0,"enemies":"3 Byrds","floor":18.0,"turns":4.0},{"damage":8.0,"enemies":"Shell Parasite","floor":19.0,"turns":4.0},{"damage":23.0,"enemies":"Colosseum Slavers","floor":20.0,"turns":5.0},{"damage":15,"enemies":"Snake Plant","floor":21,"turns":4},{"damage":9,"enemies":"Centurion and Healer","floor":22,"turns":6},{"damage":19,"enemies":"Chosen and Byrds","floor":24,"turns":5},{"damage":26,"enemies":"Cultist and Chosen","floor":27,"turns":4}],"seed_played":"-2569503763616812727","potions_obtained":[{"floor":8.0,"key":"Regen Potion"},{"floor":11.0,"key":"FearPotion"},{"floor":12.0,"key":"SkillPotion"},{"floor":13.0,"key":"SteroidPotion"},{"floor":22,"key":"Weak Potion"}],"is_trial":false,"path_per_floor":["M","?","M","?","T","R","M","M","T","$","E","M","M","$","R","B",null,"M","M","?","M","M","R","M","R","T","M","?"],"character_chosen":"DEFECT","items_purchased":["Ball Lightning"],"campfire_rested":2,"item_purchase_floors":[10],"current_hp_per_floor":[53,53,46,71,71,71,69,65,65,65,54,54,49,49,49,11,75,60,52,29,14,5,27,8,30,30,4,0],"gold":283,"neow_bonus":"REMOVE_TWO","is_prod":false,"is_daily":false,"chose_seed":false,"campfire_upgraded":2,"win_rate":0,"timestamp":1558353771,"path_taken":["M","?","?","?","?","R","M","M","T","$","E","M","M","$","R","BOSS","M","M","?","M","M","R","M","R","T","M","?"],"build_version":"2019-01-23","purchased_purges":2,"victory":false,"max_hp_per_floor":[75,75,75,75,75,75,75,75,75,75,75,75,75,75,75,75,75,75,75,75,75,75,75,75,75,75,75,80],"card_choices":[{"not_picked":["Redo","Streamline"],"picked":"Turbo","floor":1.0},{"not_picked":["Stack","FTL","Rebound"],"picked":"SKIP","floor":3.0},{"not_picked":["Hello World","Tempest"],"picked":"Chaos","floor":7.0},{"not_picked":["Scrape","Beam Cell","Redo"],"picked":"SKIP","floor":8.0},{"not_picked":["BootSequence","Genetic Algorithm","Sweeping Beam"],"picked":"SKIP","floor":11.0},{"not_picked":["Melter","Compile Driver","Force Field"],"picked":"Defragment","floor":12.0},{"not_picked":["Turbo","Cold Snap","Gash"],"picked":"Skim","floor":13.0},{"not_picked":["Rainbow","Machine Learning","Hyperbeam"],"picked":"Creative AI","floor":16.0},{"not_picked":["Compile Driver+1","Leap","Cold Snap+1"],"picked":"Coolheaded","floor":18.0},{"not_picked":["Defragment+1","Loop","Go for the Eyes"],"picked":"Heatsinks","floor":19.0},{"not_picked":["Coolheaded","FTL+1","Hologram"],"picked":"Recycle","floor":21},{"not_picked":["Sweeping Beam","Rebound","Tempest"],"picked":"Loop","floor":22},{"not_picked":["Aggregate","Barrage+1","Steam","All For One"],"picked":"SKIP","floor":24},{"not_picked":["White Noise","Coolheaded","Hello World"],"picked":"Hologram+1","floor":27}],"player_experience":907840,"relics_obtained":[{"floor":5.0,"key":"Omamori"},{"floor":9.0,"key":"Potion Belt"},{"floor":11.0,"key":"Question Card"},{"floor":26,"key":"Bronze Scales"}],"event_choices":[{"damage_healed":0.0,"max_hp_gain":0.0,"max_hp_loss":0.0,"gold_gain":0.0,"event_name":"Accursed Blacksmith","player_choice":"Rummage","floor":2.0,"gold_loss":0.0,"damage_taken":0.0,"relics_obtained":["WarpedTongs"],"cards_obtained":["Pain"]},{"damage_healed":25.0,"max_hp_gain":0.0,"max_hp_loss":0.0,"gold_gain":0.0,"event_name":"Big Fish","player_choice":"Banana","floor":4.0,"gold_loss":0.0,"damage_taken":0.0},{"damage_healed":0.0,"max_hp_gain":0.0,"max_hp_loss":0.0,"gold_gain":0.0,"event_name":"Colosseum","player_choice":"Fight","floor":20.0,"gold_loss":0.0,"damage_taken":0.0},{"damage_healed":0.0,"max_hp_gain":0.0,"max_hp_loss":0.0,"gold_gain":0.0,"event_name":"Colosseum","player_choice":"Fled From Nobs","floor":20.0,"gold_loss":0.0,"damage_taken":0.0}],"is_beta":false,"boss_relics":[{"not_picked":["Philosopher\u0027s Stone","Inserter"],"picked":"Empty Cage"}],"items_purged_floors":[10,14],"is_endless":false,"potions_floor_spawned":[8,11,12,13,20,22],"ascension_level":0}