{"gold_per_floor":[109,123,48,64,64,64,74,74,74,74,74,99,111,130,130,205,205,223,233,233],"floor_reached":20,"playtime":751,"items_purged":["Strike_B"],"score":352,"play_id":"606e96a4-fdb1-4ef9-8d0e-691c0a899b90","local_time":"20190527151108","is_ascension_mode":true,"campfire_choices":[{"data":"Streamline","floor":6.0,"key":"SMITH"},{"data":"Consume","floor":8.0,"key":"SMITH"},{"floor":15.0,"key":"REST"}],"neow_cost":"NONE","seed_source_timestamp":533443930212064,"circlet_count":0,"master_deck":["AscendersBane","Defend_B","Defend_B","Defend_B","Defend_B","Zap","Dualcast","Consume+1","Streamline+1","Cold Snap","Defragment","Hologram","Electrodynamics","Capacitor","Turbo+1"],"special_seed":0,"relics":["Cracked Core","Potion Belt","Nunchaku","Empty Cage"],"potions_floor_usage":[20],"damage_taken":[{"damage":0.0,"enemies":"2 Louse","floor":1.0,"turns":3.0},{"damage":6.0,"enemies":"Small Slimes","floor":2.0,"turns":4.0},{"damage":2.0,"enemies":"Cultist","floor":4.0,"turns":4.0},{"damage":5.0,"enemies":"3 Louse","floor":7.0,"turns":4.0},{"damage":27.0,"enemies":"3 Sentries","floor":12.0,"turns":6.0},{"damage":0.0,"enemies":"Looter","floor":13.0,"turns":3.0},{"damage":12.0,"enemies":"2 Fungi Beasts","floor":14.0,"turns":3.0},{"damage":18.0,"enemies":"The Guardian","floor":16.0,"turns":11.0},{"damage":27.0,"enemies":"Shell Parasite","floor":18.0,"turns":5.0},{"damage":14.0,"enemies":"Chosen","floor":19.0,"turns":5.0},{"damage":28,"enemies":"Sentry and Sphere","floor":20,"turns":5}],"seed_played":"4366105796122661939","potions_obtained":[{"floor":1.0,"key":"Ancient Potion"},{"floor":2.0,"key":"GamblersBrew"},{"floor":4.0,"key":"Dexterity Potion"},{"floor":7.0,"key":"EssenceOfSteel"},{"floor":18.0,"key":"Regen Potion"}],"is_trial":false,"path_per_floor":["M","M","$","M","?","R","M","R","T","?","?","E","M","M","R","B",null,"M","M","M"],"character_chosen":"DEFECT","items_purchased":[],"campfire_rested":1,"item_purchase_floors":[],"current_hp_per_floor":[64,58,58,56,49,49,44,44,44,44,44,17,17,5,26,8,55,28,28,0],"gold":233,"neow_bonus":"RANDOM_COMMON_RELIC","is_prod":false,"is_daily":false,"chose_seed":false,"campfire_upgraded":2,"win_rate":0,"timestamp":1558941068,"path_taken":["M","M","$","M","?","R","M","R","T","?","?","E","M","M","R","BOSS","M","?","M"],"build_version":"2019-01-23","purchased_purges":1,"victory":false,"max_hp_per_floor":[71,71,71,71,71,71,71,71,71,71,71,71,71,71,71,71,71,71,71,71],"card_choices":[{"not_picked":["Genetic Algorithm","FTL"],"picked":"Consume","floor":1.0},{"not_picked":["Ball Lightning","Chaos"],"picked":"Streamline","floor":2.0},{"not_picked":["Beam Cell","Barrage","Rebound"],"picked":"SKIP","floor":4.0},{"not_picked":["Gash","Force Field","Go for the Eyes"],"picked":"SKIP","floor":7.0},{"not_picked":["Conserve Battery","Self Repair"],"picked":"Cold Snap","floor":12.0},{"not_picked":["Cold Snap","Hologram"],"picked":"Defragment","floor":13.0},{"not_picked":["Blizzard","Conserve Battery"],"picked":"Hologram","floor":14.0},{"not_picked":["Thunder Strike","Echo Form"],"picked":"Electrodynamics","floor":16.0},{"not_picked":["Heatsinks","Self Repair"],"picked":"Capacitor","floor":18.0},{"not_picked":["Melter","Fusion+1"],"picked":"Turbo+1","floor":19.0}],"player_experience":952898,"relics_obtained":[{"floor":12.0,"key":"Nunchaku"}],"event_choices":[{"cards_removed":["Strike_B"],"damage_healed":0.0,"max_hp_gain":0.0,"max_hp_loss":0.0,"gold_gain":0.0,"event_name":"Golden Wing","player_choice":"Card Removal","floor":5.0,"gold_loss":0.0,"damage_taken":7.0},{"damage_healed":0.0,"max_hp_gain":0.0,"max_hp_loss":0.0,"gold_gain":0.0,"event_name":"Shining Light","player_choice":"Ignored","floor":10.0,"gold_loss":0.0,"damage_taken":0.0},{"damage_healed":0.0,"max_hp_gain":0.0,"max_hp_loss":0.0,"gold_gain":0.0,"event_name":"Match and Keep!","player_choice":"0 cards matched","floor":11.0,"gold_loss":0.0,"damage_taken":0.0,"cards_obtained":[]}],"is_beta":false,"boss_relics":[{"not_picked":["Eternal Feather","Cursed Key"],"picked":"Empty Cage"}],"items_purged_floors":[3],"is_endless":false,"potions_floor_spawned":[1,2,4,7,18],"killed_by":"Sentry and Sphere","ascension_level":20}