{"gold_per_floor":[17,31,31,41,52,52,83,94,94,108,108,126,126,141,141,220,220,140,140,56,0,0,0],"floor_reached":23,"playtime":635,"items_purged":[],"score":382,"play_id":"fd6c1f4f-2c52-43a7-9933-872f13db885e","local_time":"20190530134219","is_ascension_mode":true,"campfire_choices":[{"data":"Streamline","floor":6,"key":"SMITH"},{"floor":13,"key":"REST"},{"data":"Fission","floor":15,"key":"SMITH"}],"neow_cost":"NO_GOLD","seed_source_timestamp":787613783381148,"circlet_count":0,"master_deck":["AscendersBane","Strike_B","Strike_B","Strike_B","Defend_B","Defend_B","Defend_B","Defend_B","Zap","Dualcast","Cold Snap","Hello World","Streamline+1","Capacitor","Glacier","Turbo","Fission+1","Creative AI","Ghostly","Ghostly","Ghostly","Loop"],"relics":["Cracked Core","Torii","Emotion Chip","Gremlin Horn","Cables","Coffee Dripper"],"potions_floor_usage":[7,7,16,18],"damage_taken":[{"damage":15,"enemies":"2 Louse","floor":1,"turns":2},{"damage":8,"enemies":"Jaw Worm","floor":2,"turns":4},{"damage":1,"enemies":"Small Slimes","floor":4,"turns":3},{"damage":7,"enemies":"Blue Slaver","floor":5,"turns":3},{"damage":13,"enemies":"Gremlin Nob","floor":7,"turns":4},{"damage":1,"enemies":"3 Louse","floor":8,"turns":5},{"damage":2,"enemies":"2 Fungi Beasts","floor":10,"turns":4},{"damage":9,"enemies":"Red Slaver","floor":12,"turns":3},{"damage":1,"enemies":"3 Louse","floor":14,"turns":3},{"damage":22,"enemies":"The Guardian","floor":16,"turns":15},{"damage":1,"enemies":"2 Thieves","floor":18,"turns":4},{"damage":0,"enemies":"Gremlin Leader","floor":23,"turns":1}],"seed_played":"5849031695650007129","potions_obtained":[{"floor":2,"key":"Block Potion"},{"floor":4,"key":"GamblersBrew"},{"floor":8,"key":"FearPotion"},{"floor":10,"key":"Explosive Potion"},{"floor":12,"key":"Swift Potion"},{"floor":16,"key":"SteroidPotion"}],"is_trial":false,"path_per_floor":["M","M","?","M","M","R","E","M","T","M","T","M","R","M","R","B",null,"M","?","$","?","$","E"],"character_chosen":"DEFECT","items_purchased":["Loop"],"campfire_rested":1,"item_purchase_floors":[20],"current_hp_per_floor":[49,41,41,40,33,33,20,19,19,17,17,8,29,28,28,6,55,54,35,35,35,35,35],"gold":0,"neow_bonus":"ONE_RARE_RELIC","is_prod":false,"is_daily":false,"chose_seed":false,"campfire_upgraded":2,"win_rate":0,"timestamp":1559194939,"path_taken":["M","M","?","M","M","R","E","M","T","M","?","M","R","?","R","BOSS","M","?","$","?","?","E"],"build_version":"2019-01-23","purchased_purges":0,"victory":false,"max_hp_per_floor":[71,71,71,71,71,71,71,71,71,71,71,71,71,71,71,71,71,71,35,35,35,35,35],"card_choices":[{"not_picked":["Steam","Hologram","Reprogram"],"picked":"SKIP","floor":1},{"not_picked":["Barrage","Rebound"],"picked":"Cold Snap","floor":2},{"not_picked":["Cold Snap","Glacier"],"picked":"Streamline","floor":4},{"not_picked":["Compile Driver","Doom and Gloom"],"picked":"Capacitor","floor":5},{"not_picked":["Scrape","Barrage"],"picked":"Glacier","floor":7},{"not_picked":["Beam Cell","Hello World","Streamline"],"picked":"SKIP","floor":8},{"not_picked":["Scrape","Stack"],"picked":"Turbo","floor":10},{"not_picked":["Scrape","Gash","FTL"],"picked":"SKIP","floor":12},{"not_picked":["Barrage","Lockon"],"picked":"Fission","floor":14},{"not_picked":["Meteor Strike","Biased Cognition"],"picked":"Creative AI","floor":16},{"not_picked":["Melter+1","Stack","Blizzard"],"picked":"SKIP","floor":18}],"player_experience":962003,"relics_obtained":[{"floor":7,"key":"Emotion Chip"},{"floor":9,"key":"Gremlin Horn"},{"floor":11,"key":"Cables"}],"event_choices":[{"damage_healed":0,"gold_gain":0,"cards_transformed":["Strike_B"],"player_choice":"Change","damage_taken":0,"max_hp_gain":0,"max_hp_loss":0,"event_name":"Living Wall","floor":3,"gold_loss":0,"cards_obtained":["Hello World"]},{"damage_healed":0,"gold_gain":0,"player_choice":"Became a Ghost","damage_taken":0,"max_hp_gain":0,"max_hp_loss":36,"event_name":"Ghosts","floor":19,"gold_loss":0,"cards_obtained":["Ghostly","Ghostly","Ghostly"]},{"damage_healed":0,"gold_gain":0,"player_choice":"Paid Fearfully","damage_taken":0,"max_hp_gain":0,"max_hp_loss":0,"event_name":"Masked Bandits","floor":21,"gold_loss":56}],"is_beta":false,"boss_relics":[{"not_picked":["Calling Bell","Busted Crown"],"picked":"Coffee Dripper"}],"items_purged_floors":[],"is_endless":false,"potions_floor_spawned":[2,4,8,10,12,16],"killed_by":"Gremlin Leader","ascension_level":20}