{"gold_per_floor":[114,43,59,9,27,27,39,39,93,110,122,122,149,169,169,264,264,277,27,27,54,104,104,116,116,143,155,172,188,61,94,94,194,194,209,226,626,626,638,668,668,700,700,717,61,75,75,55,55,55],"floor_reached":51,"playtime":4110,"items_purged":["Shame","Normality"],"score":1095,"play_id":"0d68eb36-c89a-4c2d-9634-a9adbb862bac","local_time":"20190118011033","is_ascension_mode":true,"campfire_choices":[{"data":"Entrench","floor":6,"key":"SMITH"},{"data":"Seeing Red","floor":8,"key":"SMITH"},{"floor":15,"key":"REST"},{"data":"Corruption","floor":23,"key":"SMITH"},{"data":"True Grit","floor":25,"key":"SMITH"},{"floor":32,"key":"REST"},{"data":"Armaments","floor":41,"key":"SMITH"},{"data":"Armaments","floor":47,"key":"SMITH"},{"floor":49,"key":"REST"}],"neow_cost":"PERCENT_DAMAGE","seed_source_timestamp":843687439052678,"circlet_count":0,"master_deck":["Bash","Thunderclap","Shockwave","Entrench+1","Anger","Seeing Red+1","True Grit+1","Disarm","Corruption+1","Demon Form","Flex","Panache","Havoc","Writhe","Armaments+1","Writhe","Entrench","True Grit","Armaments+1","Burning Pact","Feel No Pain","Fiend Fire","Sword Boomerang","Blood for Blood","Offering","Bloodletting","True Grit","Rupture","Clash","Warcry","Barricade","Warcry+1","Body Slam","Writhe","Havoc+1","Rage+1","Seeing Red","Havoc"],"relics":["Burning Blood","Dead Branch","Bag of Preparation","Tiny Chest","Darkstone Periapt","Boot","Cursed Key","Smiling Mask","Blood Vial","Dream Catcher","Bird Faced Urn","Pandora\u0027s Box","Old Coin","Mercury Hourglass","Champion Belt","Shuriken","Pear","Bronze Scales","Potion Belt","Frozen Eye"],"potions_floor_usage":[13,18,24,24,33,40,46,48,50,50,50],"damage_taken":[{"damage":1,"enemies":"Cultist","floor":1,"turns":3},{"damage":7,"enemies":"Small Slimes","floor":3,"turns":4},{"damage":5,"enemies":"2 Louse","floor":5,"turns":3},{"damage":7,"enemies":"Exordium Wildlife","floor":7,"turns":4},{"damage":0,"enemies":"3 Louse","floor":10,"turns":2},{"damage":15,"enemies":"Red Slaver","floor":11,"turns":5},{"damage":29,"enemies":"Lagavulin","floor":13,"turns":7},{"damage":4,"enemies":"Large Slime","floor":14,"turns":5},{"damage":0,"enemies":"Hexaghost","floor":16,"turns":2},{"damage":15,"enemies":"Spheric Guardian","floor":18,"turns":4},{"damage":1,"enemies":"3 Byrds","floor":24,"turns":3},{"damage":28,"enemies":"Sentry and Sphere","floor":27,"turns":4},{"damage":4,"enemies":"Centurion and Healer","floor":28,"turns":3},{"damage":21,"enemies":"Snake Plant","floor":29,"turns":3},{"damage":9,"enemies":"Book of Stabbing","floor":31,"turns":3},{"damage":57,"enemies":"Automaton","floor":33,"turns":8},{"damage":6,"enemies":"3 Darklings","floor":35,"turns":3},{"damage":12,"enemies":"3 Shapes","floor":36,"turns":2},{"damage":26,"enemies":"Mind Bloom Boss Battle","floor":37,"turns":5},{"damage":6,"enemies":"Spire Growth","floor":39,"turns":4},{"damage":12,"enemies":"Reptomancer","floor":40,"turns":2},{"damage":30,"enemies":"Nemesis","floor":42,"turns":5},{"damage":13,"enemies":"Sphere and 2 Shapes","floor":44,"turns":4},{"damage":18,"enemies":"Transient","floor":46,"turns":5},{"damage":74,"enemies":"Awakened One","floor":50,"turns":6}],"seed_played":"707538723647264818","potions_obtained":[{"floor":10,"key":"EssenceOfSteel"},{"floor":11,"key":"Weak Potion"},{"floor":14,"key":"EssenceOfSteel"},{"floor":16,"key":"Fire Potion"},{"floor":18,"key":"Explosive Potion"},{"floor":27,"key":"Poison Potion"},{"floor":28,"key":"Explosive Potion"},{"floor":29,"key":"SmokeBomb"},{"floor":37,"key":"SkillPotion"},{"floor":39,"key":"Regen Potion"},{"floor":40,"key":"Strength Potion"},{"floor":48,"key":"Fruit Juice"}],"is_trial":false,"path_per_floor":["M","$","M","?","M","R","M","R","T","M","M","T","E","M","R","B",null,"M","$","?","T","?","R","M","R","T","M","M","M","$","E","R","B",null,"M","M","?","T","M","E","R","E","T","M","$","M","R","?","R","B",null],"character_chosen":"IRONCLAD","items_purchased":["Shockwave","Panache","Havoc","Burning Pact","Bronze Scales","Potion Belt","Frozen Eye","AttackPotion","Dexterity Potion"],"campfire_rested":3,"item_purchase_floors":[2,19,19,30,45,45,45,45,45],"current_hp_per_floor":[61,61,60,60,61,61,60,60,60,66,57,57,34,36,60,66,80,71,71,77,83,83,83,90,90,96,76,80,67,67,66,95,55,98,98,96,90,96,104,104,104,100,116,117,117,108,108,113,125,90],"gold":55,"neow_bonus":"ONE_RARE_RELIC","is_prod":false,"is_daily":false,"chose_seed":false,"campfire_upgraded":6,"win_rate":0,"timestamp":1547734233,"path_taken":["M","$","?","?","M","R","M","R","T","?","M","?","E","?","R","BOSS","M","$","?","?","?","R","M","R","T","M","M","?","$","E","R","BOSS","M","M","?","?","?","E","R","E","T","M","$","M","R","?","R","BOSS"],"build_version":"2019-01-10","purchased_purges":2,"victory":true,"max_hp_per_floor":[80,80,80,80,80,80,80,80,80,80,80,80,80,80,80,80,80,80,80,86,92,92,92,92,92,98,98,98,98,98,98,98,98,98,98,98,98,104,104,104,104,104,120,120,120,120,120,125,125,125],"card_choices":[{"not_picked":["Pommel Strike","Uppercut"],"picked":"Thunderclap","floor":1},{"not_picked":["True Grit","Battle Trance"],"picked":"Entrench","floor":3},{"not_picked":["Twin Strike","Flex"],"picked":"Anger","floor":5},{"not_picked":["Dual Wield","Cleave"],"picked":"Seeing Red","floor":7},{"not_picked":["Thunderclap","Armaments"],"picked":"True Grit","floor":10},{"not_picked":["Entrench","Sword Boomerang"],"picked":"Disarm","floor":11},{"not_picked":["Rampage","Clash","Berserk"],"picked":"SKIP","floor":13},{"not_picked":["Uppercut","Metallicize"],"picked":"Corruption","floor":14},{"not_picked":["Juggernaut","Reaper"],"picked":"Demon Form","floor":16},{"not_picked":["Combust","Thunderclap"],"picked":"Flex","floor":18},{"not_picked":["Warcry","Reckless Charge+1"],"picked":"Armaments","floor":24},{"not_picked":["Pummel","Clash+1"],"picked":"Entrench","floor":27},{"not_picked":["Thunderclap+1","Carnage"],"picked":"True Grit","floor":28},{"not_picked":["Clash+1","Iron Wave"],"picked":"Armaments","floor":29},{"not_picked":["Berserk","Wild Strike"],"picked":"Feel No Pain","floor":31},{"not_picked":["Berserk","Feed"],"picked":"Fiend Fire","floor":33},{"not_picked":["Wild Strike+1","Shrug It Off+1"],"picked":"Warcry+1","floor":35},{"not_picked":["Hemokinesis","Clash+1"],"picked":"Body Slam","floor":36},{"not_picked":["Evolve","Shrug It Off+1"],"picked":"Havoc+1","floor":39},{"not_picked":["Cleave","Disarm"],"picked":"Rage+1","floor":40},{"not_picked":["Rupture+1","Metallicize+1"],"picked":"Seeing Red","floor":42},{"not_picked":["Juggernaut","Pommel Strike+1"],"picked":"Havoc","floor":44},{"not_picked":["Iron Wave+1","Rupture","Sword Boomerang"],"picked":"SKIP","floor":46}],"player_experience":471507,"relics_obtained":[{"floor":9,"key":"Tiny Chest"},{"floor":12,"key":"Darkstone Periapt"},{"floor":13,"key":"Boot"},{"floor":21,"key":"Blood Vial"},{"floor":26,"key":"Dream Catcher"},{"floor":31,"key":"Bird Faced Urn"},{"floor":37,"key":"Old Coin"},{"floor":38,"key":"Mercury Hourglass"},{"floor":40,"key":"Champion Belt"},{"floor":42,"key":"Shuriken"},{"floor":43,"key":"Pear"}],"event_choices":[{"damage_healed":0,"gold_gain":0,"player_choice":"Paid Gold","damage_taken":0,"relics_obtained":["Bag of Preparation"],"max_hp_gain":0,"max_hp_loss":0,"event_name":"WeMeetAgain","floor":4,"gold_loss":50},{"damage_healed":0,"gold_gain":0,"player_choice":"Opened","damage_taken":0,"relics_obtained":["Smiling Mask"],"max_hp_gain":0,"max_hp_loss":0,"event_name":"The Mausoleum","floor":20,"gold_loss":0,"cards_obtained":["Writhe"]},{"damage_healed":0,"gold_gain":100,"player_choice":"Bet on Murderer","damage_taken":0,"max_hp_gain":0,"max_hp_loss":0,"event_name":"The Joust","floor":22,"gold_loss":50},{"damage_healed":0,"gold_gain":0,"player_choice":"Fight","damage_taken":0,"max_hp_gain":0,"max_hp_loss":0,"event_name":"MindBloom","floor":37,"gold_loss":0},{"damage_healed":0,"gold_gain":0,"player_choice":"Bought 1 Potion","damage_taken":0,"max_hp_gain":0,"max_hp_loss":0,"event_name":"The Woman in Blue","floor":48,"gold_loss":0}],"is_beta":false,"boss_relics":[{"not_picked":["Fusion Hammer","Runic Dome"],"picked":"Cursed Key"},{"not_picked":["Sozu","Mark of Pain"],"picked":"Pandora\u0027s Box"}],"items_purged_floors":[30,45],"is_endless":false,"potions_floor_spawned":[10,11,14,16,18,27,28,29,37,39,40],"ascension_level":4}