{"gold_per_floor":[116,116,140,65,65,103,124,124,124,142,142,178,158,176,176,176],"floor_reached":16,"playtime":386,"items_purged":["Strike_R"],"score":270,"play_id":"ba6de8f4-801a-40b2-aea7-3d3c5d9a89a2","local_time":"20190504231703","is_ascension_mode":true,"campfire_choices":[{"data":"Carnage","floor":8,"key":"SMITH"},{"data":"Bash","floor":15,"key":"SMITH"}],"neow_cost":"NONE","seed_source_timestamp":1086481197396768,"circlet_count":0,"master_deck":["AscendersBane","Strike_R","Strike_R","Strike_R","Strike_R","Defend_R","Defend_R","Defend_R","Defend_R","Bash+1","Body Slam","Carnage+1","Feel No Pain","Rampage+1","Battle Trance"],"relics":["Burning Blood","NeowsBlessing","Golden Idol","Molten Egg 2","Question Card","Kunai","Ornamental Fan"],"potions_floor_usage":[],"damage_taken":[{"damage":0,"enemies":"Small Slimes","floor":1,"turns":1},{"damage":0,"enemies":"Jaw Worm","floor":3,"turns":1},{"damage":0,"enemies":"Lagavulin","floor":6,"turns":1},{"damage":5,"enemies":"2 Louse","floor":7,"turns":4},{"damage":22,"enemies":"Lots of Slimes","floor":10,"turns":6},{"damage":24,"enemies":"3 Sentries","floor":12,"turns":7},{"damage":24,"enemies":"Blue Slaver","floor":14,"turns":4},{"damage":0,"enemies":"Hexaghost","floor":16,"turns":1}],"seed_played":"-1197699371041953836","potions_obtained":[{"floor":6,"key":"SneckoOil"},{"floor":10,"key":"Poison Potion"},{"floor":13,"key":"GamblersBrew"}],"is_trial":false,"path_per_floor":["M","?","M","$","?","E","M","R","T","M","?","E","?","M","R","B"],"character_chosen":"IRONCLAD","items_purchased":[],"campfire_rested":0,"item_purchase_floors":[],"current_hp_per_floor":[74,48,54,54,36,42,43,43,43,27,52,34,34,16,16,16],"gold":176,"neow_bonus":"THREE_ENEMY_KILL","is_prod":false,"is_daily":false,"chose_seed":false,"campfire_upgraded":2,"win_rate":0,"timestamp":1556983023,"path_taken":["M","?","M","$","?","E","M","R","T","M","?","E","?","M","R","BOSS"],"build_version":"2019-01-23","purchased_purges":1,"victory":false,"max_hp_per_floor":[75,75,75,75,75,75,75,75,75,75,75,75,75,75,75,75],"card_choices":[{"not_picked":["Perfected Strike","Sword Boomerang"],"picked":"Body Slam","floor":1},{"not_picked":["Perfected Strike","Wild Strike"],"picked":"Carnage","floor":3},{"not_picked":["Cleave+1","Iron Wave+1"],"picked":"Feel No Pain","floor":6},{"not_picked":["Flex","Entrench","Corruption","Heavy Blade+1"],"picked":"SKIP","floor":7},{"not_picked":["Metallicize","Shockwave","Anger+1"],"picked":"Rampage+1","floor":10},{"not_picked":["Perfected Strike+1","Reckless Charge+1","Flex","Anger+1"],"picked":"SKIP","floor":12},{"not_picked":["Body Slam+1","Heavy Blade+1","Sword Boomerang+1"],"picked":"Battle Trance","floor":14}],"player_experience":819188,"relics_obtained":[{"floor":6,"key":"Question Card"},{"floor":9,"key":"Kunai"},{"floor":12,"key":"Ornamental Fan"}],"event_choices":[{"damage_healed":0,"gold_gain":0,"player_choice":"Take Damage","damage_taken":26,"relics_obtained":["Golden Idol"],"max_hp_gain":0,"max_hp_loss":0,"event_name":"Golden Idol","floor":2,"gold_loss":0},{"damage_healed":0,"gold_gain":0,"player_choice":"Success","damage_taken":18,"relics_obtained":["Molten Egg 2"],"max_hp_gain":0,"max_hp_loss":0,"event_name":"Scrap Ooze","floor":5,"gold_loss":0},{"damage_healed":25,"gold_gain":0,"player_choice":"Banana","damage_taken":0,"max_hp_gain":0,"max_hp_loss":0,"event_name":"Big Fish","floor":11,"gold_loss":0},{"damage_healed":0,"gold_gain":0,"player_choice":"Bought 1 Potion","damage_taken":0,"max_hp_gain":0,"max_hp_loss":0,"event_name":"The Woman in Blue","floor":13,"gold_loss":0}],"is_beta":false,"boss_relics":[],"items_purged_floors":[4],"is_endless":false,"potions_floor_spawned":[6,10],"killed_by":"Hexaghost","ascension_level":20}