{"gold_per_floor":[114,114,189,209,225,225,269,269,293,293,132,132,156,190,190,288,288,312,345,345,345],"floor_reached":21,"playtime":816,"items_purged":["Strike_G"],"score":370,"play_id":"2189ee46-08fd-4f41-ae3b-6367e11357dd","local_time":"20190711103614","is_ascension_mode":true,"campfire_choices":[{"data":"Noxious Fumes","floor":6.0,"key":"SMITH"},{"data":"Crippling Poison","floor":8.0,"key":"SMITH"},{"data":"Neutralize","floor":12.0,"key":"SMITH"},{"data":"Wraith Form v2","floor":15.0,"key":"SMITH"}],"neow_cost":"TEN_PERCENT_HP_LOSS","seed_source_timestamp":239304299682844,"circlet_count":0,"master_deck":["AscendersBane","Strike_G","Strike_G","Defend_G","Defend_G","Defend_G","Defend_G","Defend_G","Survivor","Neutralize+1","Wraith Form v2+1","Noxious Fumes+1","Leg Sweep","Escape Plan","Crippling Poison+1","Tactician","Escape Plan","Die Die Die","Endless Agony+1","Wraith Form v2+1"],"special_seed":0,"relics":["Ring of the Snake","Golden Idol","Bag of Marbles","Question Card","White Beast Statue","Red Mask"],"potions_floor_usage":[18,19,21],"damage_taken":[{"damage":5.0,"enemies":"Small Slimes","floor":1.0,"turns":5.0},{"damage":2.0,"enemies":"2 Louse","floor":4.0,"turns":4.0},{"damage":3.0,"enemies":"Jaw Worm","floor":5.0,"turns":8.0},{"damage":37.0,"enemies":"Gremlin Nob","floor":7.0,"turns":6.0},{"damage":4.0,"enemies":"Exordium Thugs","floor":13.0,"turns":6.0},{"damage":6.0,"enemies":"Lagavulin","floor":14.0,"turns":7.0},{"damage":5.0,"enemies":"The Guardian","floor":16.0,"turns":14.0},{"damage":19,"enemies":"Shell Parasite","floor":18,"turns":7},{"damage":13,"enemies":"Masked Bandits","floor":19,"turns":4},{"damage":14,"enemies":"Chosen","floor":21,"turns":4}],"seed_played":"6973739581613452757","potions_obtained":[{"floor":1.0,"key":"Regen Potion"},{"floor":4.0,"key":"SpeedPotion"},{"floor":13.0,"key":"PowerPotion"},{"floor":16.0,"key":"Fruit Juice"},{"floor":18,"key":"Block Potion"},{"floor":19,"key":"Swift Potion"}],"is_trial":false,"path_per_floor":["M","?","?","M","M","R","E","R","T","?","$","R","M","E","R","B",null,"M","?","?","M"],"character_chosen":"THE_SILENT","items_purchased":["Tactician"],"campfire_rested":0,"item_purchase_floors":[11],"current_hp_per_floor":[54,54,43,41,53,53,16,16,16,34,34,34,30,24,24,19,45,31,18,18,4],"gold":345,"neow_bonus":"TRANSFORM_TWO_CARDS","is_prod":false,"is_daily":false,"chose_seed":false,"campfire_upgraded":4,"win_rate":0,"timestamp":1562812574,"path_taken":["M","?","?","M","M","R","E","R","T","?","?","R","M","E","R","BOSS","M","?","?","?"],"build_version":"2019-07-05","purchased_purges":1,"victory":false,"max_hp_per_floor":[60,54,54,54,54,54,54,54,54,54,54,54,54,54,54,54,54,59,59,59,59],"card_choices":[{"not_picked":["Accuracy","Dodge and Roll"],"picked":"Leg Sweep","floor":1.0},{"not_picked":["Setup","Backflip"],"picked":"Escape Plan","floor":4.0},{"not_picked":["Predator","Backflip"],"picked":"Crippling Poison","floor":5.0},{"not_picked":["Endless Agony","Crippling Poison","Flying Knee"],"picked":"SKIP","floor":7.0},{"not_picked":["Deflect","Blade Dance","Flying Knee"],"picked":"SKIP","floor":13.0},{"not_picked":["Venomology","Quick Slash"],"picked":"Escape Plan","floor":14.0},{"not_picked":["Venomology","Tools of the Trade","Envenom"],"picked":"Die Die Die","floor":16.0},{"not_picked":["Dagger Throw","Deflect","All Out Attack","Underhanded Strike"],"picked":"SKIP","floor":18},{"not_picked":["Backstab","Backflip","Underhanded Strike"],"picked":"Endless Agony+1","floor":19}],"player_experience":1100502,"relics_obtained":[{"floor":7.0,"key":"Bag of Marbles"},{"floor":14.0,"key":"Question Card"},{"floor":19,"key":"Red Mask"}],"event_choices":[{"damage_healed":0.0,"max_hp_gain":0.0,"max_hp_loss":6.0,"gold_gain":0.0,"event_name":"Golden Idol","player_choice":"Lose Max HP","floor":2.0,"gold_loss":0.0,"damage_taken":0.0,"relics_obtained":["Golden Idol"]},{"damage_healed":0.0,"max_hp_gain":0.0,"max_hp_loss":0.0,"gold_gain":75.0,"event_name":"World of Goop","player_choice":"Gather Gold","floor":3.0,"gold_loss":0.0,"damage_taken":11.0},{"damage_healed":18.0,"max_hp_gain":0.0,"max_hp_loss":0.0,"gold_gain":0.0,"event_name":"Big Fish","player_choice":"Banana","floor":10.0,"gold_loss":0.0,"damage_taken":0.0},{"damage_healed":0,"gold_gain":0,"player_choice":"Fought Bandits","damage_taken":0,"max_hp_gain":0,"max_hp_loss":0,"event_name":"Masked Bandits","floor":19,"gold_loss":0},{"damage_healed":0,"gold_gain":0,"player_choice":"Copied","damage_taken":0,"max_hp_gain":0,"max_hp_loss":0,"event_name":"Duplicator","floor":20,"gold_loss":0,"cards_obtained":["Wraith Form v2"]}],"is_beta":false,"boss_relics":[{"not_picked":["Runic Pyramid","Tiny House"],"picked":"White Beast Statue"}],"items_purged_floors":[11],"is_endless":false,"potions_floor_spawned":[1,4,13,16,18,19],"killed_by":"Chosen","ascension_level":20}