{"gold_per_floor":[115,115,115,34,52,52,81,81,105,125,141,141],"floor_reached":12,"playtime":253,"items_purged":[],"score":68,"play_id":"80329a2b-d9f9-4835-a511-f8bee93f13ab","local_time":"20190701015920","is_ascension_mode":false,"campfire_choices":[{"data":"Shrug It Off","floor":12,"key":"SMITH"}],"neow_cost":"NONE","seed_source_timestamp":538026328467443,"circlet_count":0,"master_deck":["Strike_R","Strike_R","Strike_R","Strike_R","Defend_R","Defend_R","Defend_R","Defend_R","Bash","Dual Wield","Flex+1","Shrug It Off+1"],"relics":["Burning Blood","Blue Candle","Blood Vial","Odd Mushroom","Bag of Marbles"],"potions_floor_usage":[],"damage_taken":[{"damage":7,"enemies":"2 Louse","floor":1,"turns":3},{"damage":6,"enemies":"Jaw Worm","floor":5,"turns":4},{"damage":52,"enemies":"The Mushroom Lair","floor":7,"turns":7},{"damage":0,"enemies":"Small Slimes","floor":10,"turns":4},{"damage":21,"enemies":"Gremlin Gang","floor":11,"turns":5}],"seed_played":"2130923397570877338","potions_obtained":[{"floor":7,"key":"Strength Potion"},{"floor":10,"key":"GamblersBrew"}],"is_trial":false,"path_per_floor":["M","?","T","$","M","?","?","?","T","M","M","R"],"character_chosen":"IRONCLAD","items_purchased":["Dual Wield"],"campfire_rested":0,"item_purchase_floors":[4],"current_hp_per_floor":[79,84,84,84,84,77,33,33,33,41,28,28],"gold":141,"neow_bonus":"REMOVE_CARD","is_prod":false,"is_daily":false,"chose_seed":false,"campfire_upgraded":1,"win_rate":0,"timestamp":1561917560,"path_taken":["M","?","?","$","M","?","?","?","T","?","M","R"],"build_version":"2019-01-23","purchased_purges":0,"victory":false,"max_hp_per_floor":[80,85,85,85,85,85,85,85,85,85,85,85],"card_choices":[{"not_picked":["Wild Strike","Clash","Anger"],"picked":"SKIP","floor":1},{"not_picked":["Shrug It Off","Anger","Combust"],"picked":"SKIP","floor":5},{"not_picked":["Power Through","Cleave"],"picked":"Flex","floor":7},{"not_picked":["Cleave","Dual Wield","Wild Strike"],"picked":"SKIP","floor":10},{"not_picked":["Havoc","Heavy Blade"],"picked":"Shrug It Off","floor":11}],"player_experience":1022689,"relics_obtained":[{"floor":3,"key":"Blue Candle"},{"floor":7,"key":"Odd Mushroom"},{"floor":9,"key":"Bag of Marbles"}],"event_choices":[{"damage_healed":0,"gold_gain":0,"player_choice":"Donut","damage_taken":0,"max_hp_gain":5,"max_hp_loss":0,"event_name":"Big Fish","floor":2,"gold_loss":0},{"damage_healed":0,"gold_gain":0,"player_choice":"Success","damage_taken":7,"relics_obtained":["Blood Vial"],"max_hp_gain":0,"max_hp_loss":0,"event_name":"Scrap Ooze","floor":6,"gold_loss":0},{"damage_healed":0,"gold_gain":0,"player_choice":"Fought Mushrooms","damage_taken":0,"max_hp_gain":0,"max_hp_loss":0,"event_name":"Mushrooms","floor":7,"gold_loss":0},{"damage_healed":0,"gold_gain":0,"player_choice":"Forge","damage_taken":0,"max_hp_gain":0,"max_hp_loss":0,"event_name":"Accursed Blacksmith","floor":8,"gold_loss":0,"cards_upgraded":["Flex"]}],"is_beta":false,"boss_relics":[],"items_purged_floors":[],"is_endless":false,"potions_floor_spawned":[7,10],"ascension_level":0}