{"gold_per_floor":[114,132,132,59,72,72,86,86,112,132,132,152,166,136,136,136],"floor_reached":16,"playtime":1303,"items_purged":[],"score":108,"play_id":"b7730830-7490-40d7-a861-b6f694094448","local_time":"20190808222805","is_ascension_mode":true,"campfire_choices":[{"floor":6,"key":"RECALL"},{"floor":15,"key":"REST"}],"neow_cost":"PERCENT_DAMAGE","seed_source_timestamp":249792137394514,"circlet_count":0,"master_deck":["Strike_G","Strike_G","Strike_G","Defend_G","Defend_G","Defend_G","Defend_G","Defend_G","Survivor","Neutralize","Acrobatics","Well Laid Plans","Escape Plan","Adrenaline","Venomology","Blur"],"relics":["Ring of the Snake","Calipers"],"potions_floor_usage":[12,16,16,16],"damage_taken":[{"damage":1,"enemies":"2 Louse","floor":1,"turns":4},{"damage":1,"enemies":"Jaw Worm","floor":2,"turns":4},{"damage":3,"enemies":"Small Slimes","floor":5,"turns":5},{"damage":3,"enemies":"Red Slaver","floor":7,"turns":5},{"damage":1,"enemies":"Blue Slaver","floor":10,"turns":6},{"damage":4,"enemies":"Large Slime","floor":12,"turns":8},{"damage":20,"enemies":"Exordium Thugs","floor":13,"turns":8},{"damage":0,"enemies":"Looter","floor":14,"turns":4},{"damage":39,"enemies":"Hexaghost","floor":16,"turns":14}],"seed_played":"8525145489660899757","potions_obtained":[{"floor":7,"key":"Weak Potion"},{"floor":10,"key":"Fire Potion"},{"floor":12,"key":"Strength Potion"}],"is_trial":false,"path_per_floor":["M","M","?","$","M","R","M","$","T","M","?","M","M","M","R","B"],"character_chosen":"THE_SILENT","items_purchased":["Well Laid Plans"],"campfire_rested":1,"item_purchase_floors":[4],"current_hp_per_floor":[48,47,47,47,44,44,41,41,41,40,40,36,16,16,37,0],"gold":136,"neow_bonus":"ONE_RARE_RELIC","is_prod":false,"is_daily":false,"chose_seed":false,"campfire_upgraded":0,"win_rate":0,"timestamp":1565317685,"path_taken":["M","M","?","?","M","R","M","$","T","M","?","M","M","?","R","BOSS"],"build_version":"2019-07-17","purchased_purges":0,"victory":false,"max_hp_per_floor":[70,70,70,70,70,70,70,70,70,70,70,70,70,70,70,70],"card_choices":[{"not_picked":["Dagger Throw","Distraction"],"picked":"Acrobatics","floor":1},{"not_picked":["Bane","Poisoned Stab","Predator"],"picked":"SKIP","floor":2},{"not_picked":["Flechettes","Heel Hook"],"picked":"Escape Plan","floor":5},{"not_picked":["Dagger Spray","Calculated Gamble","Predator"],"picked":"SKIP","floor":7},{"not_picked":["Deadly Poison","Bouncing Flask","Catalyst"],"picked":"SKIP","floor":10},{"not_picked":["Dagger Throw","Underhanded Strike","Dagger Spray"],"picked":"SKIP","floor":12},{"not_picked":["Tactician","Sucker Punch"],"picked":"Venomology","floor":13},{"not_picked":["Dagger Spray","Accuracy"],"picked":"Blur","floor":14}],"player_experience":114627,"relics_obtained":[],"event_choices":[{"cards_removed":["Strike_G"],"damage_healed":0,"gold_gain":0,"player_choice":"Forget","damage_taken":0,"max_hp_gain":0,"max_hp_loss":0,"event_name":"Living Wall","floor":3,"gold_loss":0},{"damage_healed":0,"gold_gain":0,"cards_transformed":["Strike_G"],"player_choice":"Transformed","damage_taken":0,"max_hp_gain":0,"max_hp_loss":0,"event_name":"Transmorgrifier","floor":11,"gold_loss":0,"cards_obtained":["Adrenaline"]}],"is_beta":false,"boss_relics":[],"items_purged_floors":[],"is_endless":false,"potions_floor_spawned":[7,10,12],"killed_by":"Hexaghost","ascension_level":3}