{"gold_per_floor":[118,130,140,140,159,198,198,234,287,287,462,18,87,108,108,239,239,264,39,80,104,117,117,151,151,151,171,194,238,238,238,238,358,358,379,397,397,416,434,434,434,434,434,434,767,792,10,40,40,40],"floor_reached":51,"playtime":4124,"items_purged":["Doubt","Strike_G","Parasite"],"score":1140,"play_id":"0e593e7e-015e-4b35-958c-4f911487ddc8","local_time":"20190805160029","is_ascension_mode":true,"campfire_choices":[{"floor":7.0,"key":"REST"},{"floor":10.0,"key":"REST"},{"data":"Flechettes","floor":15.0,"key":"SMITH"},{"floor":23.0,"key":"REST"},{"data":"Footwork","floor":25.0,"key":"SMITH"},{"floor":30.0,"key":"REST"},{"data":"Catalyst","floor":32.0,"key":"SMITH"},{"data":"Footwork","floor":40.0,"key":"SMITH"},{"data":"Adrenaline","floor":42.0,"key":"SMITH"},{"data":"Noxious Fumes","floor":44.0,"key":"SMITH"},{"floor":49,"key":"REST"}],"neow_cost":"NONE","seed_source_timestamp":2224306154222699,"circlet_count":0,"master_deck":["Strike_G","Strike_G","Strike_G","Strike_G","Defend_G","Defend_G","Defend_G","Defend_G","Defend_G","Survivor","Neutralize","Flechettes+1","Footwork+1","Quick Slash","Dagger Spray","Cloak And Dagger","Night Terror","Dodge and Roll","Footwork+1","Dodge and Roll","Master of Strategy","Adrenaline+1","Phantasmal Killer+1","Flying Knee","Dodge and Roll","Noxious Fumes+1","Poisoned Stab+1","Leg Sweep","PiercingWail+1","Caltrops+1","Catalyst+1","Deadly Poison+1","Setup+1","Flying Knee+1","Dodge and Roll","Neutralize","Catalyst","Dodge and Roll","Footwork","Flying Knee+1","After Image"],"special_seed":0,"relics":["Ring of the Serpent","Dream Catcher","Mummified Hand","Snake Skull","Tiny Chest","Red Mask","Oddly Smooth Stone","Potion Belt","Juzu Bracelet","Bag of Marbles","Runic Pyramid","Bottled Tornado","Ninja Scroll","Art of War","Regal Pillow","Cauldron","Tough Bandages"],"potions_floor_usage":[50,50,50,50],"damage_taken":[{"damage":12.0,"enemies":"Jaw Worm","floor":1.0,"turns":8.0},{"damage":1.0,"enemies":"Small Slimes","floor":2.0,"turns":3.0},{"damage":0.0,"enemies":"2 Louse","floor":3.0,"turns":5.0},{"damage":10.0,"enemies":"Exordium Wildlife","floor":5.0,"turns":6.0},{"damage":13.0,"enemies":"Gremlin Nob","floor":6.0,"turns":4.0},{"damage":9.0,"enemies":"3 Sentries","floor":8.0,"turns":5.0},{"damage":22.0,"enemies":"Lagavulin","floor":13.0,"turns":6.0},{"damage":0.0,"enemies":"3 Louse","floor":14.0,"turns":4.0},{"damage":9.0,"enemies":"The Guardian","floor":16.0,"turns":22.0},{"damage":0.0,"enemies":"3 Byrds","floor":18.0,"turns":8.0},{"damage":45.0,"enemies":"Masked Bandits","floor":20.0,"turns":6.0},{"damage":0.0,"enemies":"Chosen","floor":22.0,"turns":5.0},{"damage":14.0,"enemies":"Book of Stabbing","floor":24.0,"turns":8.0},{"damage":9.0,"enemies":"Snake Plant","floor":27.0,"turns":7.0},{"damage":3.0,"enemies":"Shelled Parasite and Fungi","floor":28.0,"turns":9.0},{"damage":24.0,"enemies":"Gremlin Leader","floor":29.0,"turns":6.0},{"damage":27.0,"enemies":"Champ","floor":33.0,"turns":15.0},{"damage":0.0,"enemies":"Orb Walker","floor":35.0,"turns":4.0},{"damage":8.0,"enemies":"3 Shapes","floor":36.0,"turns":5.0},{"damage":12.0,"enemies":"Writhing Mass","floor":38.0,"turns":7.0},{"damage":12.0,"enemies":"4 Shapes","floor":39.0,"turns":4.0},{"damage":0,"enemies":"Nemesis","floor":46,"turns":7},{"damage":11,"enemies":"Reptomancer","floor":48,"turns":8},{"damage":30,"enemies":"Donu and Deca","floor":50,"turns":8}],"seed_played":"223057043812384673","potions_obtained":[{"floor":3.0,"key":"FearPotion"},{"floor":6.0,"key":"SteroidPotion"},{"floor":8.0,"key":"Strength Potion"},{"floor":13.0,"key":"LiquidBronze"},{"floor":16.0,"key":"Block Potion"},{"floor":20.0,"key":"FearPotion"},{"floor":27.0,"key":"PowerPotion"},{"floor":29.0,"key":"PowerPotion"},{"floor":36.0,"key":"Regen Potion"},{"floor":38.0,"key":"AttackPotion"},{"floor":46,"key":"EssenceOfSteel"},{"floor":47,"key":"Poison Potion"},{"floor":47,"key":"Poison Potion"},{"floor":47,"key":"SpeedPotion"},{"floor":47,"key":"AttackPotion"}],"is_trial":false,"path_per_floor":["M","M","M","?","M","E","R","E","T","R","?","$","E","M","R","B",null,"M","$","?","T","M","R","E","R","T","M","M","E","R","?","R","B",null,"M","M","?","M","M","R","?","R","T","R","?","E","$","E","R","B",null],"character_chosen":"THE_SILENT","items_purchased":["Footwork","Dodge and Roll","Master of Strategy","Regen Potion","Dodge and Roll","Noxious Fumes","Catalyst","Dodge and Roll","Footwork","Art of War","Regal Pillow","Cauldron"],"campfire_rested":5,"item_purchase_floors":[12,12,12,12,19,19,47,47,47,47,47,47],"current_hp_per_floor":[58,57,57,57,47,34,55,46,46,67,67,67,45,45,45,36,62,62,62,17,17,31,52,38,38,38,29,26,2,23,46,46,19,58,58,50,50,53,41,41,41,41,41,41,41,41,41,30,65,35],"gold":40,"neow_bonus":"TEN_PERCENT_HP_BONUS","is_prod":false,"is_daily":false,"chose_seed":false,"campfire_upgraded":6,"win_rate":0,"timestamp":1565042429,"path_taken":["M","M","M","?","M","E","R","E","T","R","?","$","E","M","R","BOSS","M","$","?","?","M","R","E","R","T","M","M","E","R","?","R","BOSS","M","M","?","M","M","R","?","R","T","R","?","E","$","E","R","BOSS"],"build_version":"2019-07-18","purchased_purges":3,"victory":true,"max_hp_per_floor":[77,77,77,71,71,71,71,71,71,71,71,71,71,71,71,71,71,71,71,71,71,71,71,71,71,71,71,71,71,71,71,71,71,71,71,71,71,71,71,71,71,71,71,71,71,71,68,68,68,68],"card_choices":[{"not_picked":["Outmaneuver","Choke"],"picked":"Flechettes","floor":1.0},{"not_picked":["Quick Slash","Backstab"],"picked":"Footwork","floor":2.0},{"not_picked":["Flying Knee","Acrobatics"],"picked":"Quick Slash","floor":3.0},{"not_picked":["Sucker Punch","Quick Slash"],"picked":"Dagger Spray","floor":5.0},{"not_picked":["Bane","Slice","Choke"],"picked":"SKIP","floor":6.0},{"not_picked":["Bane","Envenom"],"picked":"Cloak And Dagger","floor":7.0},{"not_picked":["Choke","Blade Dance"],"picked":"Night Terror","floor":8.0},{"not_picked":["Backflip","Cloak And Dagger"],"picked":"Dodge and Roll","floor":10.0},{"not_picked":["Deflect","Heel Hook"],"picked":"Adrenaline","floor":13.0},{"not_picked":["Sucker Punch","Prepared","Flying Knee"],"picked":"SKIP","floor":14.0},{"not_picked":["After Image","Storm of Steel"],"picked":"Phantasmal Killer","floor":16.0},{"not_picked":["Blade Dance","Prepared"],"picked":"Flying Knee","floor":18.0},{"not_picked":["Blade Dance","Reflex+1"],"picked":"Poisoned Stab+1","floor":20.0},{"not_picked":["Dagger Spray","Masterful Stab","Riddle With Holes"],"picked":"SKIP","floor":22.0},{"not_picked":["Finisher","Terror"],"picked":"Leg Sweep","floor":23.0},{"not_picked":["Grand Finale","Quick Slash"],"picked":"PiercingWail+1","floor":24.0},{"not_picked":["Reflex","Poisoned Stab","Dagger Throw"],"picked":"SKIP","floor":27.0},{"not_picked":["Backflip","Endless Agony"],"picked":"Caltrops+1","floor":28.0},{"not_picked":["Bane","Underhanded Strike"],"picked":"Catalyst","floor":29.0},{"not_picked":["Dagger Spray+1","Escape Plan"],"picked":"Deadly Poison+1","floor":35.0},{"not_picked":["Calculated Gamble+1","Underhanded Strike"],"picked":"Setup+1","floor":36.0},{"not_picked":["Infinite Blades","Leg Sweep+1"],"picked":"Flying Knee+1","floor":38.0},{"not_picked":["Crippling Poison","Endless Agony"],"picked":"Dodge and Roll","floor":39.0},{"not_picked":["Predator","Sucker Punch+1","Blade Dance"],"picked":"SKIP","floor":46},{"not_picked":["Cloak And Dagger","Caltrops"],"picked":"Flying Knee+1","floor":48},{"not_picked":["Prepared+1","Outmaneuver+1"],"picked":"After Image","floor":49}],"player_experience":154608,"relics_obtained":[{"floor":6.0,"key":"Dream Catcher"},{"floor":8.0,"key":"Mummified Hand"},{"floor":9.0,"key":"Snake Skull"},{"floor":13.0,"key":"Tiny Chest"},{"floor":20.0,"key":"Red Mask"},{"floor":21.0,"key":"Oddly Smooth Stone"},{"floor":24.0,"key":"Potion Belt"},{"floor":26.0,"key":"Juzu Bracelet"},{"floor":29.0,"key":"Bag of Marbles"},{"floor":43.0,"key":"Bottled Tornado"},{"floor":46,"key":"Ninja Scroll"},{"floor":48,"key":"Tough Bandages"}],"event_choices":[{"damage_healed":0.0,"max_hp_gain":0.0,"max_hp_loss":6.0,"gold_gain":0.0,"event_name":"Golden Idol","player_choice":"Lose Max HP","floor":4.0,"gold_loss":0.0,"damage_taken":0.0,"relics_obtained":["Golden Idol"]},{"damage_healed":0.0,"max_hp_gain":0.0,"max_hp_loss":0.0,"gold_gain":175.0,"event_name":"Liars Game","player_choice":"AGREE","floor":11.0,"gold_loss":0.0,"damage_taken":0.0,"cards_obtained":["Doubt"]},{"damage_healed":0.0,"max_hp_gain":0.0,"max_hp_loss":0.0,"gold_gain":0.0,"event_name":"Masked Bandits","player_choice":"Fought Bandits","floor":20.0,"gold_loss":0.0,"damage_taken":0.0},{"damage_healed":23.0,"max_hp_gain":0.0,"max_hp_loss":0.0,"gold_gain":0.0,"event_name":"The Library","player_choice":"Heal","floor":31.0,"gold_loss":0.0,"damage_taken":0.0},{"damage_healed":0.0,"max_hp_gain":0.0,"max_hp_loss":0.0,"gold_gain":0.0,"event_name":"Upgrade Shrine","player_choice":"Upgraded","floor":37.0,"gold_loss":0.0,"damage_taken":0.0,"cards_upgraded":["Phantasmal Killer"]},{"damage_healed":0.0,"max_hp_gain":0.0,"max_hp_loss":0.0,"gold_gain":0.0,"event_name":"Match and Keep!","player_choice":"1 cards matched","floor":41.0,"gold_loss":0.0,"damage_taken":0.0,"cards_obtained":["Neutralize"]},{"damage_healed":0.0,"max_hp_gain":0.0,"max_hp_loss":0.0,"gold_gain":333.0,"event_name":"The Moai Head","player_choice":"Gave Idol","floor":45.0,"relics_lost":["Golden Idol"],"gold_loss":0.0,"damage_taken":0.0}],"is_beta":true,"boss_relics":[{"not_picked":["Lizard Tail","Philosopher\u0027s Stone"],"picked":"Ring of the Serpent"},{"not_picked":["Calling Bell","Velvet Choker"],"picked":"Runic Pyramid"}],"items_purged_floors":[12,19,47],"is_endless":false,"potions_floor_spawned":[3,6,8,13,16,18,20,27,29,36,38,46],"ascension_level":8}