{"gold_per_floor":[118,60,60,72,92,92,120,137,162,176,186,186,186,197,197,273,273,249,174,174,174,187,187,204,204,229,262,43,59,76,92,92,92],"floor_reached":33,"playtime":1333,"items_purged":[],"score":592,"play_id":"62cf7334-7095-4579-b0c8-2a9a652aec02","local_time":"20190519091847","is_ascension_mode":true,"campfire_choices":[{"data":"Armaments","floor":6.0,"key":"SMITH"},{"data":"Disarm","floor":15.0,"key":"SMITH"},{"floor":23.0,"key":"REST"},{"floor":25.0,"key":"REST"},{"floor":32,"key":"REST"}],"neow_cost":"NONE","seed_source_timestamp":207849323578972,"circlet_count":0,"master_deck":["AscendersBane","Defend_R","Defend_R","Spot Weakness","Armaments+1","Bludgeon","Limit Break","Shrug It Off","Disarm+1","Dark Embrace","Brutality+1","Disarm+1","Shockwave+1","Battle Trance","Pommel Strike","Rampage","Rupture+1","Second Wind","Whirlwind","Limit Break","Feel No Pain"],"special_seed":0,"relics":["Burning Blood","NeowsBlessing","Anchor","Juzu Bracelet","Dream Catcher","Astrolabe","Bag of Marbles","Turnip","DollysMirror"],"potions_floor_usage":[31],"damage_taken":[{"damage":0.0,"enemies":"Small Slimes","floor":1.0,"turns":1.0},{"damage":0.0,"enemies":"Cultist","floor":4.0,"turns":1.0},{"damage":0.0,"enemies":"Jaw Worm","floor":5.0,"turns":1.0},{"damage":67.0,"enemies":"Gremlin Nob","floor":7.0,"turns":5.0},{"damage":1.0,"enemies":"3 Louse","floor":8.0,"turns":5.0},{"damage":2.0,"enemies":"Exordium Wildlife","floor":10.0,"turns":5.0},{"damage":5.0,"enemies":"Large Slime","floor":11.0,"turns":6.0},{"damage":0.0,"enemies":"Blue Slaver","floor":14.0,"turns":5.0},{"damage":12.0,"enemies":"The Guardian","floor":16.0,"turns":14.0},{"damage":18.0,"enemies":"2 Thieves","floor":18.0,"turns":4.0},{"damage":20.0,"enemies":"Spheric Guardian","floor":22.0,"turns":5.0},{"damage":11.0,"enemies":"Centurion and Healer","floor":24.0,"turns":5.0},{"damage":30.0,"enemies":"Gremlin Leader","floor":27.0,"turns":7.0},{"damage":17.0,"enemies":"Shelled Parasite and Fungi","floor":29.0,"turns":5.0},{"damage":16.0,"enemies":"Cultist and Chosen","floor":30.0,"turns":11.0},{"damage":4,"enemies":"Snecko","floor":31,"turns":5},{"damage":29,"enemies":"Collector","floor":33,"turns":6}],"seed_played":"-2344987666832257022","potions_obtained":[{"floor":5.0,"key":"Strength Potion"},{"floor":10.0,"key":"PowerPotion"},{"floor":11.0,"key":"Energy Potion"},{"floor":18.0,"key":"SkillPotion"},{"floor":24.0,"key":"PowerPotion"},{"floor":27.0,"key":"GamblersBrew"},{"floor":31,"key":"LiquidBronze"}],"is_trial":false,"path_per_floor":["M","$","?","M","M","R","E","M","T","M","M","?","?","M","R","B",null,"M","?","?","?","M","R","M","R","T","E","$","M","M","M","R","B"],"character_chosen":"IRONCLAD","items_purchased":["Armaments","DollysMirror"],"campfire_rested":3,"item_purchase_floors":[2,28],"current_hp_per_floor":[74,74,74,75,75,75,14,19,19,23,24,24,19,25,25,19,61,49,49,49,28,14,38,33,57,57,33,33,22,12,14,38,9],"gold":92,"neow_bonus":"THREE_ENEMY_KILL","is_prod":false,"is_daily":false,"chose_seed":false,"campfire_upgraded":2,"win_rate":0,"timestamp":1558228727,"path_taken":["M","$","?","?","M","R","E","M","T","M","M","?","?","M","R","BOSS","M","?","?","?","M","R","M","R","T","E","?","M","M","M","R","BOSS"],"build_version":"2019-01-23","purchased_purges":0,"victory":false,"max_hp_per_floor":[75,75,75,75,75,75,75,75,75,75,75,75,75,75,75,75,75,75,75,75,80,80,80,80,80,80,80,80,80,80,80,80,80],"card_choices":[{"not_picked":["Clash","Battle Trance"],"picked":"Spot Weakness","floor":1.0},{"not_picked":["Headbutt","Anger","Perfected Strike"],"picked":"SKIP","floor":4.0},{"not_picked":["Cleave","Warcry"],"picked":"Limit Break","floor":5.0},{"not_picked":["Entrench","Flex"],"picked":"Shrug It Off","floor":7.0},{"not_picked":["Clothesline","Warcry","Thunderclap"],"picked":"SKIP","floor":8.0},{"not_picked":["Headbutt","Shrug It Off"],"picked":"Disarm","floor":10.0},{"not_picked":["Sever Soul","Combust","Havoc"],"picked":"SKIP","floor":11.0},{"not_picked":["Pummel","Clothesline","Cleave"],"picked":"SKIP","floor":14.0},{"not_picked":["Juggernaut","Impervious"],"picked":"Dark Embrace","floor":16.0},{"not_picked":["Clash","Havoc"],"picked":"Battle Trance","floor":18.0},{"not_picked":["Clothesline","Armaments","Rupture+1"],"picked":"SKIP","floor":22.0},{"not_picked":["Clothesline","Armaments"],"picked":"Rupture+1","floor":22.0},{"not_picked":["Flex","Disarm"],"picked":"Second Wind","floor":23.0},{"not_picked":["Warcry","Fire Breathing","Armaments"],"picked":"SKIP","floor":24.0},{"not_picked":["Bludgeon","Twin Strike"],"picked":"Whirlwind","floor":27.0},{"not_picked":["Clash","Rage","Pummel+1"],"picked":"SKIP","floor":29.0},{"not_picked":["Clothesline","Heavy Blade+1","Combust"],"picked":"SKIP","floor":30.0},{"not_picked":["Blood for Blood","Perfected Strike+1","Anger"],"picked":"SKIP","floor":31},{"not_picked":["Blood for Blood","Thunderclap"],"picked":"Feel No Pain","floor":32}],"player_experience":881199,"relics_obtained":[{"floor":7.0,"key":"Anchor"},{"floor":9.0,"key":"Juzu Bracelet"},{"floor":26.0,"key":"Bag of Marbles"},{"floor":27.0,"key":"Turnip"}],"event_choices":[{"damage_healed":0.0,"max_hp_gain":0.0,"max_hp_loss":0.0,"gold_gain":0.0,"cards_transformed":["Strike_R"],"event_name":"Transmorgrifier","player_choice":"Transformed","floor":3.0,"gold_loss":0.0,"damage_taken":0.0,"cards_obtained":["Bludgeon"]},{"cards_removed":["Strike_R"],"damage_healed":0.0,"max_hp_gain":0.0,"max_hp_loss":0.0,"gold_gain":0.0,"event_name":"Living Wall","player_choice":"Forget","floor":12.0,"gold_loss":0.0,"damage_taken":0.0},{"damage_healed":0.0,"max_hp_gain":0.0,"max_hp_loss":0.0,"gold_gain":0.0,"event_name":"Scrap Ooze","player_choice":"Success","floor":13.0,"gold_loss":0.0,"damage_taken":5.0,"relics_obtained":["Dream Catcher"]},{"cards_removed":["Defend_R"],"damage_healed":0.0,"max_hp_gain":0.0,"max_hp_loss":0.0,"gold_gain":0.0,"event_name":"Beggar","player_choice":"Gave Gold","floor":19.0,"gold_loss":75.0,"damage_taken":0.0},{"damage_healed":0.0,"max_hp_gain":0.0,"max_hp_loss":0.0,"gold_gain":0.0,"cards_transformed":["Strike_R","Defend_R"],"event_name":"Drug Dealer","player_choice":"Became Test Subject","floor":20.0,"gold_loss":0.0,"damage_taken":0.0,"cards_obtained":["Pommel Strike","Rampage"]},{"damage_healed":0.0,"max_hp_gain":5.0,"max_hp_loss":0.0,"gold_gain":0.0,"event_name":"Forgotten Altar","player_choice":"Shed Blood","floor":21.0,"gold_loss":0.0,"damage_taken":26.0}],"is_beta":false,"boss_relics":[{"not_picked":["Ectoplasm","Calling Bell"],"picked":"Astrolabe"}],"items_purged_floors":[],"is_endless":false,"potions_floor_spawned":[5,10,11,14,18,24,27,31],"killed_by":"Collector","ascension_level":20}