{"gold_per_floor":[13,27,40,60,60,85,59,59,85,85],"floor_reached":10,"playtime":298,"items_purged":[],"score":136,"play_id":"4307656a-f073-45de-aa5e-6475b406bcb3","local_time":"20190524234602","is_ascension_mode":true,"campfire_choices":[],"neow_cost":"NO_GOLD","seed_source_timestamp":0,"circlet_count":0,"master_deck":["AscendersBane","Strike_B","Strike_B","Defend_B","Defend_B","Defend_B","Defend_B","Zap","Dualcast","Consume","Rip and Tear","Echo Form","Turbo","Buffer"],"special_seed":0,"relics":["Cracked Core","Boot","Orichalcum"],"potions_floor_usage":[10,10],"damage_taken":[{"damage":1.0,"enemies":"Cultist","floor":1.0,"turns":3.0},{"damage":1.0,"enemies":"Small Slimes","floor":2.0,"turns":3.0},{"damage":2.0,"enemies":"Jaw Worm","floor":3.0,"turns":4.0},{"damage":11.0,"enemies":"Lots of Slimes","floor":4.0,"turns":4.0},{"damage":25,"enemies":"Lagavulin","floor":6,"turns":6},{"damage":31,"enemies":"Gremlin Gang","floor":10,"turns":3}],"seed_played":"-1092891338637495058","potions_obtained":[{"floor":1.0,"key":"Swift Potion"},{"floor":4.0,"key":"SkillPotion"}],"is_trial":false,"path_per_floor":["M","M","M","M","?","E","$","?","T","M"],"character_chosen":"DEFECT","items_purchased":["Turbo"],"campfire_rested":0,"item_purchase_floors":[7],"current_hp_per_floor":[63,62,60,49,49,24,24,24,24,0],"gold":85,"neow_bonus":"TRANSFORM_TWO_CARDS","is_prod":false,"is_daily":false,"chose_seed":false,"campfire_upgraded":0,"win_rate":0,"timestamp":1558712762,"path_taken":["M","M","M","?","?","E","$","?","T","M"],"build_version":"2019-01-23","purchased_purges":0,"victory":false,"max_hp_per_floor":[71,71,71,71,71,71,71,71,71,71],"card_choices":[{"not_picked":["Genetic Algorithm","Cold Snap","Rebound"],"picked":"SKIP","floor":1.0},{"not_picked":["Aggregate","Redo","Rebound"],"picked":"SKIP","floor":2.0},{"not_picked":["Doom and Gloom","Redo","Sweeping Beam"],"picked":"SKIP","floor":3.0},{"not_picked":["Stack","Lockon","Compile Driver"],"picked":"SKIP","floor":4.0},{"not_picked":["Meteor Strike","Reprogram"],"picked":"Echo Form","floor":6}],"player_experience":941937,"relics_obtained":[{"floor":6,"key":"Boot"},{"floor":9,"key":"Orichalcum"}],"event_choices":[{"damage_healed":0,"gold_gain":0,"player_choice":"Fled","damage_taken":0,"max_hp_gain":0,"max_hp_loss":0,"event_name":"Scrap Ooze","floor":5,"gold_loss":0},{"damage_healed":0,"gold_gain":0,"player_choice":"1 cards matched","damage_taken":0,"max_hp_gain":0,"max_hp_loss":0,"event_name":"Match and Keep!","floor":8,"gold_loss":0,"cards_obtained":["Buffer"]}],"is_beta":false,"boss_relics":[],"items_purged_floors":[],"is_endless":false,"potions_floor_spawned":[1,4],"killed_by":"Gremlin Gang","ascension_level":20}