{"gold_per_floor":[116,135,210,223,17,52,52,70,70,245,245,279,279,10,10,10],"floor_reached":16,"playtime":730,"items_purged":["Strike_B","Strike_B"],"score":151,"play_id":"874154d6-07dc-4fec-a13b-14716b263afc","local_time":"20190805212953","is_ascension_mode":true,"campfire_choices":[{"data":"Fusion","floor":7,"key":"SMITH"},{"data":"Streamline","floor":11,"key":"SMITH"},{"data":"Auto Shields","floor":15,"key":"SMITH"}],"neow_cost":"NONE","seed_source_timestamp":2247743892410700,"circlet_count":0,"master_deck":["Strike_B","Defend_B","Defend_B","Defend_B","Defend_B","Zap","Dualcast","Steam Power","Fusion+1","Streamline+1","Beam Cell","Coolheaded","Conserve Battery","Sweeping Beam","Self Repair","Doubt","Auto Shields+1","Coolheaded"],"special_seed":0,"relics":["Cracked Core","WingedGreaves","Bottled Tornado","Question Card","Bag of Marbles"],"potions_floor_usage":[6,12],"damage_taken":[{"damage":0.0,"enemies":"Small Slimes","floor":1.0,"turns":3.0},{"damage":4.0,"enemies":"2 Louse","floor":2.0,"turns":3.0},{"damage":5.0,"enemies":"Cultist","floor":4.0,"turns":4.0},{"damage":12,"enemies":"3 Sentries","floor":6,"turns":7},{"damage":1,"enemies":"2 Fungi Beasts","floor":8,"turns":3},{"damage":29,"enemies":"Gremlin Nob","floor":12,"turns":5},{"damage":17,"enemies":"The Guardian","floor":16,"turns":4}],"seed_played":"-7566897974096798357","potions_obtained":[{"floor":1.0,"key":"SkillPotion"},{"floor":4.0,"key":"EssenceOfSteel"},{"floor":6,"key":"Dexterity Potion"},{"floor":12,"key":"Regen Potion"}],"is_trial":false,"path_per_floor":["M","M","?","M","$","E","R","M","T","?","R","E","?","$","R","B"],"character_chosen":"DEFECT","items_purchased":["Coolheaded","Conserve Battery","Sweeping Beam","Bag of Marbles","Coolheaded"],"campfire_rested":0,"item_purchase_floors":[5,5,5,14,14],"current_hp_per_floor":[68,64,53,48,48,36,36,35,35,35,35,13,38,38,38,21],"gold":10,"neow_bonus":"TRANSFORM_CARD","is_prod":false,"is_daily":false,"chose_seed":false,"campfire_upgraded":3,"win_rate":0,"timestamp":1565062193,"path_taken":["M","M","?","M","$","E","R","M","T","?","R","E","?","$","R","BOSS"],"build_version":"2019-07-18","purchased_purges":2,"victory":false,"max_hp_per_floor":[75,75,75,75,75,75,75,75,75,75,75,75,75,75,75,75],"card_choices":[{"not_picked":["Heatsinks","Reprogram"],"picked":"Fusion","floor":1.0},{"not_picked":["Steam","Redo"],"picked":"Streamline","floor":2.0},{"not_picked":["Tempest","Lockon"],"picked":"Beam Cell","floor":4.0},{"not_picked":["Static Discharge","Compile Driver","Streamline"],"picked":"SKIP","floor":6},{"not_picked":["Conserve Battery","Darkness"],"picked":"Self Repair","floor":8},{"not_picked":["Coolheaded","Chill"],"picked":"Auto Shields","floor":12}],"player_experience":177338,"relics_obtained":[{"floor":6,"key":"WingedGreaves"},{"floor":9,"key":"Bottled Tornado"},{"floor":12,"key":"Question Card"}],"event_choices":[{"damage_healed":0.0,"max_hp_gain":0.0,"max_hp_loss":0.0,"gold_gain":75.0,"event_name":"World of Goop","player_choice":"Gather Gold","floor":3.0,"gold_loss":0.0,"damage_taken":11.0},{"damage_healed":0,"gold_gain":175,"player_choice":"AGREE","damage_taken":0,"max_hp_gain":0,"max_hp_loss":0,"event_name":"Liars Game","floor":10,"gold_loss":0,"cards_obtained":["Doubt"]},{"damage_healed":25,"gold_gain":0,"player_choice":"Banana","damage_taken":0,"max_hp_gain":0,"max_hp_loss":0,"event_name":"Big Fish","floor":13,"gold_loss":0}],"is_beta":true,"boss_relics":[],"items_purged_floors":[5,14],"is_endless":false,"potions_floor_spawned":[1,4,6,12],"killed_by":"The Guardian","ascension_level":8}