{"gold_per_floor":[112,123,135,14,14,14,14,46,97,97,97,97,21,65,65,196,196,221,221,236,236,236,271,271,311,311,335,376,397,410,429,429,429],"floor_reached":33,"playtime":1667,"items_purged":[],"score":480,"play_id":"209f7f59-7777-454f-8ddd-6d59a967fb5a","local_time":"20190805220039","is_ascension_mode":true,"campfire_choices":[{"data":"Zap","floor":6.0,"key":"SMITH"},{"data":"Loop","floor":10.0,"key":"SMITH"},{"floor":12.0,"key":"REST"},{"data":"Lockon","floor":15.0,"key":"SMITH"},{"data":"Biased Cognition","floor":24.0,"key":"SMITH"},{"data":"Turbo","floor":32,"key":"SMITH"}],"neow_cost":"NONE","seed_source_timestamp":2248588337231699,"circlet_count":0,"master_deck":["Strike_B","Defend_B","Defend_B","Defend_B","Zap+1","Dualcast","Coolheaded","White Noise","Tempest","Chill+1","Ball Lightning+1","Core Surge","Loop+1","Electrodynamics","Lockon+1","Biased Cognition+1","Hologram+1","Conserve Battery+1","Sunder+1","Turbo+1"],"special_seed":0,"relics":["Cracked Core","Bag of Preparation","Omamori","Golden Idol","Happy Flower","Empty Cage","Necronomicon","Pen Nib","Red Mask","Dead Branch","Vajra"],"potions_floor_usage":[33,33],"damage_taken":[{"damage":7.0,"enemies":"Jaw Worm","floor":1.0,"turns":3.0},{"damage":5.0,"enemies":"Small Slimes","floor":2.0,"turns":4.0},{"damage":8.0,"enemies":"2 Louse","floor":3.0,"turns":2.0},{"damage":17.0,"enemies":"3 Sentries","floor":8.0,"turns":4.0},{"damage":24.0,"enemies":"Gremlin Nob","floor":14.0,"turns":4.0},{"damage":2.0,"enemies":"Hexaghost","floor":16.0,"turns":6.0},{"damage":1.0,"enemies":"Chosen","floor":18.0,"turns":5.0},{"damage":2.0,"enemies":"Spheric Guardian","floor":20.0,"turns":3.0},{"damage":0.0,"enemies":"Gremlin Leader","floor":23.0,"turns":4.0},{"damage":0,"enemies":"Masked Bandits","floor":25,"turns":2},{"damage":0,"enemies":"3 Cultists","floor":27,"turns":3},{"damage":0,"enemies":"Slavers","floor":28,"turns":2},{"damage":12,"enemies":"Snake Plant","floor":29,"turns":3},{"damage":0,"enemies":"Snecko","floor":30,"turns":2},{"damage":0,"enemies":"Cultist and Chosen","floor":31,"turns":3},{"damage":64,"enemies":"Champ","floor":33,"turns":7}],"seed_played":"2263956853817120651","potions_obtained":[{"floor":1.0,"key":"Swift Potion"},{"floor":8.0,"key":"Regen Potion"},{"floor":23.0,"key":"FearPotion"},{"floor":25,"key":"Regen Potion"},{"floor":31,"key":"Explosive Potion"}],"is_trial":false,"path_per_floor":["M","M","M","$","?","R","?","E","T","R","?","R","$","E","R","B",null,"M","?","M","?","?","E","R","?","T","M","E","M","M","M","R","B"],"character_chosen":"DEFECT","items_purchased":["Ball Lightning","Core Surge","Electrodynamics"],"campfire_rested":1,"item_purchase_floors":[4,4,13],"current_hp_per_floor":[61,56,48,48,48,48,33,16,16,16,16,38,38,14,14,26,63,62,62,60,44,44,44,44,44,44,44,44,32,32,32,32,0],"gold":429,"neow_bonus":"THREE_CARDS","is_prod":false,"is_daily":false,"chose_seed":false,"campfire_upgraded":5,"win_rate":0,"timestamp":1565064039,"path_taken":["M","M","M","$","?","R","?","E","T","R","?","R","$","E","R","BOSS","M","?","M","?","?","E","R","?","T","M","E","?","M","M","R","BOSS"],"build_version":"2019-07-18","purchased_purges":0,"victory":false,"max_hp_per_floor":[75,75,75,75,75,75,75,75,75,75,75,75,75,75,75,75,75,75,75,75,75,75,75,75,75,75,75,75,75,75,75,75,75],"card_choices":[{"not_picked":["Barrage","Beam Cell"],"picked":"Coolheaded","floor":0.0},{"not_picked":["Aggregate","Steam"],"picked":"White Noise","floor":1.0},{"not_picked":["Chill","Hologram"],"picked":"Tempest","floor":2.0},{"not_picked":["Cold Snap","Beam Cell"],"picked":"Chill","floor":3.0},{"not_picked":["Barrage","Aggregate"],"picked":"Loop","floor":8.0},{"not_picked":["Hello World","Recycle"],"picked":"Lockon","floor":14.0},{"not_picked":["Multi-Cast","Core Surge"],"picked":"Biased Cognition","floor":16.0},{"not_picked":["Heatsinks+1","Redo+1"],"picked":"Hologram+1","floor":18.0},{"not_picked":["Streamline","Beam Cell+1"],"picked":"Conserve Battery+1","floor":20.0},{"not_picked":["Fusion","Heatsinks"],"picked":"Sunder+1","floor":23.0},{"not_picked":["Turbo","Barrage+1","Stack"],"picked":"SKIP","floor":27},{"not_picked":["Go for the Eyes","Doom and Gloom","Streamline"],"picked":"SKIP","floor":28},{"not_picked":["Compile Driver","Rebound","Doom and Gloom"],"picked":"SKIP","floor":29},{"not_picked":["Hello World","Creative AI"],"picked":"Turbo","floor":30},{"not_picked":["Melter","Beam Cell","Redo"],"picked":"SKIP","floor":31}],"player_experience":178068,"relics_obtained":[{"floor":8.0,"key":"Bag of Preparation"},{"floor":9.0,"key":"Omamori"},{"floor":14.0,"key":"Happy Flower"},{"floor":21.0,"key":"Necronomicon"},{"floor":23.0,"key":"Pen Nib"},{"floor":25,"key":"Red Mask"},{"floor":26,"key":"Dead Branch"},{"floor":28,"key":"Vajra"}],"event_choices":[{"cards_removed":["Defend_B"],"damage_healed":0.0,"max_hp_gain":0.0,"max_hp_loss":0.0,"gold_gain":0.0,"event_name":"Living Wall","player_choice":"Forget","floor":5.0,"gold_loss":0.0,"damage_taken":0.0},{"damage_healed":0.0,"max_hp_gain":0.0,"max_hp_loss":0.0,"gold_gain":0.0,"event_name":"Shining Light","player_choice":"Entered Light","floor":7.0,"gold_loss":0.0,"damage_taken":15.0,"cards_upgraded":["Ball Lightning","Chill"]},{"damage_healed":0.0,"max_hp_gain":0.0,"max_hp_loss":0.0,"gold_gain":0.0,"event_name":"Golden Idol","player_choice":"Take Wound","floor":11.0,"gold_loss":0.0,"damage_taken":0.0,"relics_obtained":["Golden Idol"],"cards_obtained":["Injury"]},{"damage_healed":0.0,"max_hp_gain":0.0,"max_hp_loss":0.0,"gold_gain":0.0,"event_name":"Vampires","player_choice":"Ignored","floor":19.0,"gold_loss":0.0,"damage_taken":0.0},{"damage_healed":0.0,"max_hp_gain":0.0,"max_hp_loss":0.0,"gold_gain":0.0,"event_name":"Cursed Tome","player_choice":"Obtained Book","floor":21.0,"gold_loss":0.0,"damage_taken":16.0},{"cards_removed":["Strike_B"],"damage_healed":0.0,"max_hp_gain":0.0,"max_hp_loss":0.0,"gold_gain":0.0,"event_name":"Back to Basics","player_choice":"Elegance","floor":22.0,"gold_loss":0.0,"damage_taken":0.0},{"damage_healed":0,"gold_gain":0,"player_choice":"Fought Bandits","damage_taken":0,"max_hp_gain":0,"max_hp_loss":0,"event_name":"Masked Bandits","floor":25,"gold_loss":0}],"is_beta":true,"boss_relics":[{"not_picked":["Nuclear Battery","Philosopher\u0027s Stone"],"picked":"Empty Cage"}],"items_purged_floors":[],"is_endless":false,"potions_floor_spawned":[1,8,23,25,31],"killed_by":"Champ","ascension_level":8}