{"gold_per_floor":[113,113,113,127,302,336,336,105,129,129,144,144,144,64,64,190,190,206,206,131,151,151,151,176,216,242,242,266,280,296,395,395,395],"floor_reached":33,"playtime":1804,"items_purged":[],"score":329,"play_id":"545de13b-a16e-48e7-9bf5-721066a18647","local_time":"20190129230144","is_ascension_mode":true,"campfire_choices":[{"floor":7.0,"key":"REST"},{"data":"Echo Form","floor":10.0,"key":"SMITH"},{"data":"Zap","floor":12.0,"key":"SMITH"},{"floor":15.0,"key":"REST"},{"data":"Defragment","floor":23.0,"key":"SMITH"},{"floor":27.0,"key":"REST"},{"floor":32.0,"key":"REST"}],"neow_cost":"NONE","seed_source_timestamp":87053378576205,"circlet_count":0,"master_deck":["Strike_B","Defend_B","Zap+1","Dualcast","Meteor Strike","Melter","Echo Form+1","Capacitor","Doubt","Heatsinks","Cold Snap","Turbo","BootSequence","Defragment+1","Conserve Battery","Seek","Conserve Battery","Go for the Eyes+1","Fusion","Coolheaded","White Noise","Ball Lightning+1","Amplify","Redo"],"special_seed":0,"relics":["Cracked Core","Thread and Needle","Vajra","Happy Flower","Golden Idol","Empty Cage","Anchor","Art of War"],"potions_floor_usage":[],"damage_taken":[{"damage":1.0,"enemies":"Cultist","floor":1.0,"turns":3.0},{"damage":1.0,"enemies":"2 Louse","floor":4.0,"turns":2.0},{"damage":25.0,"enemies":"Lagavulin","floor":6.0,"turns":7.0},{"damage":5.0,"enemies":"Small Slimes","floor":11.0,"turns":3.0},{"damage":22.0,"enemies":"Slime Boss","floor":16.0,"turns":10.0},{"damage":5.0,"enemies":"3 Byrds","floor":18.0,"turns":6.0},{"damage":12.0,"enemies":"Spheric Guardian","floor":21.0,"turns":4.0},{"damage":21.0,"enemies":"Snake Plant","floor":24.0,"turns":5.0},{"damage":19.0,"enemies":"Book of Stabbing","floor":25.0,"turns":7.0},{"damage":9.0,"enemies":"Centurion and Healer","floor":28.0,"turns":8.0},{"damage":0.0,"enemies":"Chosen and Byrds","floor":29.0,"turns":7.0},{"damage":15.0,"enemies":"Snake Plant","floor":30.0,"turns":5.0},{"damage":43,"enemies":"Collector","floor":33,"turns":3}],"seed_played":"3337078772053076387","potions_obtained":[{"floor":1.0,"key":"SteroidPotion"},{"floor":16.0,"key":"FearPotion"},{"floor":18.0,"key":"Energy Potion"},{"floor":21.0,"key":"SkillPotion"}],"is_trial":false,"path_per_floor":["M","?","?","M","?","E","R","$","T","R","M","R","?","$","R","B",null,"M","?","?","M","?","R","M","E","T","R","M","M","M","?","R","B"],"character_chosen":"DEFECT","items_purchased":["Cold Snap","Vajra","Turbo","Defragment","Conserve Battery"],"campfire_rested":4,"item_purchase_floors":[8,8,8,14,14],"current_hp_per_floor":[74,74,74,73,73,48,70,70,70,70,65,65,47,47,69,47,68,63,63,63,51,51,51,30,11,11,33,24,24,9,9,31,0],"gold":395,"neow_bonus":"ONE_RANDOM_RARE_CARD","is_prod":false,"is_daily":false,"chose_seed":false,"campfire_upgraded":3,"win_rate":0,"timestamp":1548763304,"path_taken":["M","?","?","M","?","E","R","$","T","R","M","R","?","$","R","BOSS","M","?","?","M","?","R","M","E","T","R","?","M","M","?","R","BOSS"],"build_version":"2019-01-23","purchased_purges":0,"victory":false,"max_hp_per_floor":[75,75,75,75,75,75,75,75,75,75,75,75,75,75,75,75,75,75,75,75,75,75,75,75,75,75,75,75,75,75,75,75,75],"card_choices":[{"not_picked":["Steam Power","Stack"],"picked":"Melter","floor":1.0},{"not_picked":["Beam Cell","Reinforced Body"],"picked":"Capacitor","floor":4.0},{"not_picked":["Turbo","Compile Driver"],"picked":"Heatsinks","floor":6.0},{"not_picked":["Lockon","Leap"],"picked":"BootSequence","floor":11.0},{"not_picked":["Machine Learning","Amplify"],"picked":"Seek","floor":16.0},{"not_picked":["Doom and Gloom","Fusion+1"],"picked":"Conserve Battery","floor":18.0},{"not_picked":["Hologram","Reinforced Body+1"],"picked":"Go for the Eyes+1","floor":21.0},{"not_picked":["Reprogram","Heatsinks"],"picked":"Coolheaded","floor":24.0},{"not_picked":["Melter+1","Leap+1"],"picked":"White Noise","floor":25.0},{"not_picked":["Coolheaded","Reinforced Body"],"picked":"Ball Lightning+1","floor":28.0},{"not_picked":["Compile Driver+1","Cold Snap"],"picked":"Amplify","floor":29.0},{"not_picked":["Sweeping Beam","Turbo"],"picked":"Redo","floor":30.0}],"player_experience":573714,"relics_obtained":[{"floor":6.0,"key":"Thread and Needle"},{"floor":9.0,"key":"Happy Flower"},{"floor":25.0,"key":"Anchor"},{"floor":26.0,"key":"Art of War"}],"event_choices":[{"damage_healed":0.0,"max_hp_gain":0.0,"max_hp_loss":0.0,"gold_gain":0.0,"event_name":"Shining Light","player_choice":"Ignored","floor":2.0,"gold_loss":0.0,"damage_taken":0.0},{"damage_healed":0.0,"max_hp_gain":0.0,"max_hp_loss":0.0,"gold_gain":0.0,"cards_transformed":["Strike_B"],"event_name":"Living Wall","player_choice":"Change","floor":3.0,"gold_loss":0.0,"damage_taken":0.0,"cards_obtained":["Echo Form"]},{"damage_healed":0.0,"max_hp_gain":0.0,"max_hp_loss":0.0,"gold_gain":175.0,"event_name":"Liars Game","player_choice":"AGREE","floor":5.0,"gold_loss":0.0,"damage_taken":0.0,"cards_obtained":["Doubt"]},{"damage_healed":0.0,"max_hp_gain":0.0,"max_hp_loss":0.0,"gold_gain":0.0,"event_name":"Golden Idol","player_choice":"Take Damage","floor":13.0,"gold_loss":0.0,"damage_taken":18.0,"relics_obtained":["Golden Idol"]},{"cards_removed":["Defend_B"],"damage_healed":0.0,"max_hp_gain":0.0,"max_hp_loss":0.0,"gold_gain":0.0,"event_name":"Back to Basics","player_choice":"Elegance","floor":19.0,"gold_loss":0.0,"damage_taken":0.0},{"cards_removed":["Defend_B"],"damage_healed":0.0,"max_hp_gain":0.0,"max_hp_loss":0.0,"gold_gain":0.0,"event_name":"Beggar","player_choice":"Gave Gold","floor":20.0,"gold_loss":75.0,"damage_taken":0.0},{"damage_healed":0.0,"max_hp_gain":0.0,"max_hp_loss":0.0,"gold_gain":0.0,"cards_transformed":["Defend_B"],"event_name":"Transmorgrifier","player_choice":"Transformed","floor":22.0,"gold_loss":0.0,"damage_taken":0.0,"cards_obtained":["Fusion"]},{"damage_healed":0.0,"max_hp_gain":0.0,"max_hp_loss":0.0,"gold_gain":99.0,"event_name":"Nest","player_choice":"Stole From Cult","floor":31.0,"gold_loss":0.0,"damage_taken":0.0}],"is_beta":false,"boss_relics":[{"not_picked":["Ectoplasm","Velvet Choker"],"picked":"Empty Cage"}],"items_purged_floors":[],"is_endless":false,"potions_floor_spawned":[1,16,18,21],"killed_by":"Collector","ascension_level":5}