{"gold_per_floor":[114,133,133,19,19,19,29,63,63,81,81,31,61,61,61,136,136,148,148,63,63,63,63,63],"floor_reached":24,"playtime":660,"items_purged":["Strike_B"],"score":404,"play_id":"c07f52d5-563f-482f-acb9-c92a9e2463c3","local_time":"20190525110419","is_ascension_mode":true,"campfire_choices":[{"data":"Streamline","floor":6,"key":"SMITH"},{"floor":11,"key":"REST"},{"data":"Dualcast","floor":15,"key":"SMITH"},{"data":"Creative AI","floor":23,"key":"SMITH"}],"neow_cost":"NONE","seed_source_timestamp":346096492122873,"circlet_count":0,"master_deck":["AscendersBane","Strike_B+1","Strike_B+1","Defend_B+1","Defend_B+1","Defend_B+1","Defend_B+1","Zap","Dualcast+1","Streamline+1","Self Repair","Hello World","FTL","Cold Snap","Reboot","Creative AI+1"],"relics":["Black Star","FossilizedHelix","Smiling Mask","PreservedInsect","Singing Bowl","Shuriken","Coffee Dripper","Art of War"],"potions_floor_usage":[14,16],"damage_taken":[{"damage":7,"enemies":"Small Slimes","floor":1,"turns":3},{"damage":21,"enemies":"Jaw Worm","floor":2,"turns":6},{"damage":2,"enemies":"Cultist","floor":7,"turns":4},{"damage":45,"enemies":"Lagavulin","floor":8,"turns":8},{"damage":6,"enemies":"Looter","floor":10,"turns":3},{"damage":33,"enemies":"Gremlin Nob","floor":13,"turns":4},{"damage":0,"enemies":"Exordium Thugs","floor":14,"turns":1},{"damage":13,"enemies":"Hexaghost","floor":16,"turns":9},{"damage":18,"enemies":"Chosen","floor":18,"turns":6},{"damage":30,"enemies":"Slavers","floor":24,"turns":4}],"seed_played":"-2075908479199770104","potions_obtained":[{"floor":1,"key":"Poison Potion"},{"floor":5,"key":"SmokeBomb"},{"floor":8,"key":"FocusPotion"},{"floor":16,"key":"Strength Potion"}],"is_trial":false,"path_per_floor":["M","M","?","$","?","R","M","E","T","M","R","?","E","M","R","B",null,"M","?","?","?","?","R","E"],"character_chosen":"DEFECT","items_purchased":["Self Repair"],"campfire_rested":1,"item_purchase_floors":[4],"current_hp_per_floor":[57,36,59,59,59,59,64,26,26,20,41,41,15,15,15,9,56,47,26,26,26,26,26,0],"gold":63,"neow_bonus":"BOSS_RELIC","is_prod":false,"is_daily":false,"chose_seed":false,"campfire_upgraded":3,"win_rate":0,"timestamp":1558753459,"path_taken":["M","M","?","$","?","R","?","E","T","M","R","?","E","M","R","BOSS","M","?","?","?","?","R","E"],"build_version":"2019-01-23","purchased_purges":1,"victory":false,"max_hp_per_floor":[71,71,71,71,71,71,71,71,71,71,71,71,71,71,71,71,71,73,78,78,78,78,78,78],"card_choices":[{"not_picked":["Gash","Double Energy","Redo"],"picked":"SKIP","floor":1},{"not_picked":["Sweeping Beam","Tempest"],"picked":"Streamline","floor":2},{"not_picked":["Gash","Rip and Tear"],"picked":"Hello World","floor":7},{"not_picked":["Redo","Amplify"],"picked":"FTL","floor":8},{"not_picked":["Conserve Battery","Redo","Gash"],"picked":"SKIP","floor":10},{"not_picked":["Go for the Eyes","Doom and Gloom"],"picked":"Cold Snap","floor":13},{"not_picked":["Thunder Strike","Buffer"],"picked":"Reboot","floor":16},{"not_picked":["Gash","Cold Snap","Hologram+1"],"picked":"Singing Bowl","floor":18}],"player_experience":949605,"relics_obtained":[{"floor":8,"key":"FossilizedHelix"},{"floor":9,"key":"Smiling Mask"},{"floor":13,"key":"Singing Bowl"},{"floor":13,"key":"Shuriken"}],"event_choices":[{"damage_healed":23,"gold_gain":0,"player_choice":"Banana","damage_taken":0,"max_hp_gain":0,"max_hp_loss":0,"event_name":"Big Fish","floor":3,"gold_loss":0},{"damage_healed":0,"gold_gain":0,"player_choice":"Got Potions","damage_taken":0,"max_hp_gain":0,"max_hp_loss":0,"event_name":"Lab","floor":5,"gold_loss":0},{"damage_healed":0,"gold_gain":0,"player_choice":"Paid Gold","damage_taken":0,"relics_obtained":["PreservedInsect"],"max_hp_gain":0,"max_hp_loss":0,"event_name":"WeMeetAgain","floor":12,"gold_loss":50},{"damage_healed":0,"gold_gain":0,"player_choice":"Shed Blood","damage_taken":26,"max_hp_gain":5,"max_hp_loss":0,"event_name":"Forgotten Altar","floor":19,"gold_loss":0},{"damage_healed":0,"gold_gain":0,"player_choice":"Obtained Relic","damage_taken":0,"relics_obtained":["Art of War"],"max_hp_gain":0,"max_hp_loss":0,"event_name":"Addict","floor":20,"gold_loss":85},{"damage_healed":0,"gold_gain":0,"player_choice":"Simplicity","damage_taken":0,"max_hp_gain":0,"max_hp_loss":0,"event_name":"Back to Basics","floor":21,"gold_loss":0,"cards_upgraded":["Strike_B","Strike_B","Strike_B","Defend_B","Defend_B","Defend_B","Defend_B"]},{"damage_healed":0,"gold_gain":0,"cards_transformed":["Strike_B"],"player_choice":"Transformed","damage_taken":0,"max_hp_gain":0,"max_hp_loss":0,"event_name":"Transmorgrifier","floor":22,"gold_loss":0,"cards_obtained":["Creative AI"]}],"is_beta":false,"boss_relics":[{"not_picked":["Orrery","Velvet Choker"],"picked":"Coffee Dripper"}],"items_purged_floors":[4],"is_endless":false,"potions_floor_spawned":[1,8,14,16],"killed_by":"Slavers","ascension_level":20}