{"gold_per_floor":[118,8,23,23,47,74,74,101,179,179,189,214,214,224,224,301,351,367,119,119,130,142,172,172,172,224,259,46,64,64,79,79,155,155,166,178,53,71,71,102,102,120,147,175,175,195,230,330,330,330],"floor_reached":51,"playtime":4832,"items_purged":["Defend_R","Strike_R","Defend_R+1"],"score":1358,"play_id":"d9c91e74-cd66-4c01-a994-3742c656be17","local_time":"20190808120939","is_ascension_mode":true,"campfire_choices":[{"data":"Iron Wave","floor":7.0,"key":"SMITH"},{"data":"Metallicize","floor":10.0,"key":"SMITH"},{"data":"Limit Break","floor":15.0,"key":"SMITH"},{"floor":24.0,"key":"REST"},{"data":"Disarm","floor":30.0,"key":"SMITH"},{"data":"Spot Weakness","floor":32.0,"key":"SMITH"},{"data":"Sentinel","floor":41.0,"key":"PURGE"},{"data":"Strike_R","floor":45.0,"key":"PURGE"},{"data":"Strike_R","floor":49,"key":"PURGE"}],"neow_cost":"NONE","seed_source_timestamp":2468986186928100,"circlet_count":0,"master_deck":["AscendersBane","Bash","Iron Wave+1","Metallicize+1","Shrug It Off","Spot Weakness+1","Battle Trance","Metallicize+1","Limit Break+1","Clothesline","Brutality+1","Rupture+1","Inflame+1","Metallicize+1","Disarm+1","Reaper","Impervious","Disarm","Shrug It Off","Pommel Strike+1"],"special_seed":0,"relics":["Burning Blood","NeowsBlessing","Potion Belt","Vajra","Frozen Egg 2","Singing Bowl","Gambling Chip","Tiny House","Lantern","Pen Nib","Pocketwatch","Ancient Tea Set","Dream Catcher","Fusion Hammer","Peace Pipe","Bronze Scales","Regal Pillow","Paper Frog","Calipers"],"potions_floor_usage":[],"damage_taken":[{"damage":0.0,"enemies":"Cultist","floor":1.0,"turns":1.0},{"damage":0.0,"enemies":"Jaw Worm","floor":3.0,"turns":1.0},{"damage":0.0,"enemies":"3 Sentries","floor":6.0,"turns":1.0},{"damage":19.0,"enemies":"Lagavulin","floor":8.0,"turns":8.0},{"damage":0.0,"enemies":"Small Slimes","floor":11.0,"turns":3.0},{"damage":26.0,"enemies":"Gremlin Nob","floor":12.0,"turns":4.0},{"damage":9.0,"enemies":"Looter","floor":14.0,"turns":3.0},{"damage":2.0,"enemies":"Hexaghost","floor":16.0,"turns":7.0},{"damage":16.0,"enemies":"3 Byrds","floor":18.0,"turns":7.0},{"damage":24.0,"enemies":"2 Thieves","floor":21.0,"turns":3.0},{"damage":6.0,"enemies":"Shelled Parasite and Fungi","floor":22.0,"turns":5.0},{"damage":38.0,"enemies":"Slavers","floor":23.0,"turns":6.0},{"damage":21.0,"enemies":"Book of Stabbing","floor":27.0,"turns":6.0},{"damage":10.0,"enemies":"Snake Plant","floor":29.0,"turns":5.0},{"damage":18.0,"enemies":"Cultist and Chosen","floor":31.0,"turns":5.0},{"damage":38.0,"enemies":"Automaton","floor":33.0,"turns":6.0},{"damage":20.0,"enemies":"3 Shapes","floor":35.0,"turns":7.0},{"damage":10.0,"enemies":"3 Darklings","floor":36.0,"turns":5.0},{"damage":18.0,"enemies":"Spire Growth","floor":38.0,"turns":6.0},{"damage":18.0,"enemies":"Nemesis","floor":40.0,"turns":7.0},{"damage":29.0,"enemies":"Sphere and 2 Shapes","floor":42.0,"turns":5.0},{"damage":36.0,"enemies":"Reptomancer","floor":44.0,"turns":7.0},{"damage":33,"enemies":"4 Shapes","floor":46,"turns":5},{"damage":21,"enemies":"Nemesis","floor":47,"turns":5},{"damage":32,"enemies":"Mind Bloom Boss Battle","floor":48,"turns":9},{"damage":90,"enemies":"Awakened One","floor":50,"turns":7}],"seed_played":"-8940326536925909431","potions_obtained":[{"floor":3.0,"key":"EntropicBrew"},{"floor":8.0,"key":"Explosive Potion"},{"floor":16.0,"key":"Explosive Potion"},{"floor":17.0,"key":"Regen Potion"},{"floor":21.0,"key":"EssenceOfSteel"},{"floor":22.0,"key":"SpeedPotion"},{"floor":29.0,"key":"Fire Potion"},{"floor":31.0,"key":"AttackPotion"},{"floor":38.0,"key":"PowerPotion"},{"floor":47,"key":"SteroidPotion"},{"floor":48,"key":"SkillPotion"}],"is_trial":false,"path_per_floor":["M","$","M","?","T","E","R","E","T","R","M","E","?","M","R","B",null,"M","$","?","M","M","E","R","T","T","E","$","M","R","M","R","B",null,"M","M","$","M","?","E","R","M","T","E","R","M","E","?","R","B",null],"character_chosen":"IRONCLAD","items_purchased":["Metallicize","Lantern","Reaper","Anger"],"campfire_rested":1,"item_purchase_floors":[2,19,28,28],"current_hp_per_floor":[78,78,80,73,73,79,79,66,66,66,72,52,52,51,51,55,80,72,72,72,56,58,41,68,68,68,53,53,77,77,97,97,97,97,97,99,99,101,101,103,103,103,103,105,105,107,109,109,109,109],"gold":330,"neow_bonus":"THREE_ENEMY_KILL","is_prod":false,"is_daily":false,"chose_seed":false,"campfire_upgraded":5,"win_rate":0,"timestamp":1565287779,"path_taken":["M","$","M","?","?","E","R","E","T","R","M","E","?","M","R","BOSS","M","$","?","M","M","E","R","?","T","E","$","M","R","?","R","BOSS","M","M","$","M","?","E","R","M","T","E","R","M","E","?","R","BOSS"],"build_version":"2019-07-18","purchased_purges":3,"victory":true,"max_hp_per_floor":[80,80,80,80,80,80,80,80,80,80,80,80,80,82,82,82,87,89,89,89,91,93,93,93,93,93,93,93,95,95,97,97,97,97,97,99,99,101,101,103,103,103,103,105,105,107,109,109,109,109],"card_choices":[{"not_picked":["Armaments","Blood for Blood"],"picked":"Iron Wave","floor":1.0},{"not_picked":["Dual Wield","Thunderclap"],"picked":"Shrug It Off","floor":3.0},{"not_picked":["True Grit","Sword Boomerang"],"picked":"Spot Weakness","floor":6.0},{"not_picked":["Havoc","Pummel"],"picked":"Battle Trance","floor":8.0},{"not_picked":["Clash","Rage"],"picked":"Metallicize+1","floor":11.0},{"not_picked":["Wild Strike","Carnage"],"picked":"Limit Break","floor":12.0},{"not_picked":["Perfected Strike","Blood for Blood","Clash"],"picked":"Singing Bowl","floor":14.0},{"not_picked":["Dark Embrace+1","Offering"],"picked":"Brutality+1","floor":16.0},{"not_picked":["Armaments","Cleave"],"picked":"Rupture+1","floor":17.0},{"not_picked":["Warcry","Havoc","Body Slam"],"picked":"Singing Bowl","floor":18.0},{"not_picked":["Flex","Headbutt","Clothesline"],"picked":"Singing Bowl","floor":21.0},{"not_picked":["Warcry","Havoc","Clash"],"picked":"Singing Bowl","floor":22.0},{"not_picked":["Pommel Strike","Berserk+1"],"picked":"Metallicize+1","floor":23.0},{"not_picked":["Iron Wave","Clash"],"picked":"Disarm","floor":27.0},{"not_picked":["Body Slam","Clothesline","Flex"],"picked":"Singing Bowl","floor":29.0},{"not_picked":["Thunderclap","Perfected Strike","Cleave"],"picked":"Singing Bowl","floor":31.0},{"not_picked":["Feed","Demon Form+1"],"picked":"Impervious","floor":33.0},{"not_picked":["Flex","Clothesline"],"picked":"Disarm","floor":35.0},{"not_picked":["Dual Wield","Perfected Strike","Cleave+1"],"picked":"Singing Bowl","floor":36.0},{"not_picked":["Warcry+1","Perfected Strike","Body Slam"],"picked":"Singing Bowl","floor":38.0},{"not_picked":["Burning Pact","True Grit+1","Sentinel"],"picked":"Singing Bowl","floor":40.0},{"not_picked":["Armaments","Infernal Blade+1"],"picked":"Shrug It Off","floor":42.0},{"not_picked":["True Grit","Dropkick","Flex+1"],"picked":"Singing Bowl","floor":44.0},{"not_picked":["True Grit","Warcry","Ghostly Armor"],"picked":"Singing Bowl","floor":46},{"not_picked":["Dual Wield","Bludgeon","Juggernaut+1"],"picked":"Singing Bowl","floor":47},{"not_picked":["Shockwave","Heavy Blade"],"picked":"Pommel Strike+1","floor":48}],"player_experience":256473,"relics_obtained":[{"floor":5.0,"key":"Potion Belt"},{"floor":6.0,"key":"Vajra"},{"floor":8.0,"key":"Frozen Egg 2"},{"floor":9.0,"key":"Singing Bowl"},{"floor":12.0,"key":"Gambling Chip"},{"floor":23.0,"key":"Pen Nib"},{"floor":25.0,"key":"Pocketwatch"},{"floor":26.0,"key":"Ancient Tea Set"},{"floor":27.0,"key":"Dream Catcher"},{"floor":40.0,"key":"Peace Pipe"},{"floor":43.0,"key":"Bronze Scales"},{"floor":44.0,"key":"Regal Pillow"},{"floor":47,"key":"Paper Frog"},{"floor":48,"key":"Calipers"}],"event_choices":[{"cards_removed":["Defend_R"],"damage_healed":0.0,"max_hp_gain":0.0,"max_hp_loss":0.0,"gold_gain":0.0,"event_name":"Golden Wing","player_choice":"Card Removal","floor":4.0,"gold_loss":0.0,"damage_taken":7.0},{"damage_healed":0.0,"max_hp_gain":0.0,"max_hp_loss":0.0,"gold_gain":0.0,"cards_transformed":["Defend_R"],"event_name":"Transmorgrifier","player_choice":"Transformed","floor":13.0,"gold_loss":0.0,"damage_taken":0.0,"cards_obtained":["Clothesline"]},{"damage_healed":0.0,"max_hp_gain":0.0,"max_hp_loss":0.0,"gold_gain":0.0,"cards_transformed":["Strike_R","Strike_R"],"event_name":"Drug Dealer","player_choice":"Became Test Subject","floor":20.0,"gold_loss":0.0,"damage_taken":0.0,"cards_obtained":["Sentinel","Inflame"]},{"cards_removed":["Anger"],"damage_healed":0.0,"max_hp_gain":0.0,"max_hp_loss":0.0,"gold_gain":0.0,"event_name":"Falling","player_choice":"Removed Attack","floor":39.0,"gold_loss":0.0,"damage_taken":0.0},{"damage_healed":0,"gold_gain":0,"player_choice":"Fight","damage_taken":0,"max_hp_gain":0,"max_hp_loss":0,"event_name":"MindBloom","floor":48,"gold_loss":0}],"is_beta":true,"boss_relics":[{"not_picked":["Cursed Key","Pandora\u0027s Box"],"picked":"Tiny House"},{"not_picked":["Orrery","Empty Cage"],"picked":"Fusion Hammer"}],"items_purged_floors":[2,19,37],"is_endless":false,"potions_floor_spawned":[3,8,16,21,22,29,31,38,40,42,47,48],"ascension_level":13}