{"gold_per_floor":[110,110,185,199,124,124,137,154,206,37,54,71,71,71],"floor_reached":14,"playtime":251,"items_purged":["Strike_R"],"score":164,"play_id":"8ef3ebb5-214a-45d8-80d6-7e6761353b95","local_time":"20190516113814","is_ascension_mode":true,"campfire_choices":[{"data":"Armaments","floor":6.0,"key":"SMITH"}],"neow_cost":"NONE","seed_source_timestamp":2081503559271026,"circlet_count":0,"master_deck":["AscendersBane","Strike_R+1","Strike_R+1","Strike_R","Strike_R","Defend_R","Defend_R","Defend_R","Defend_R","Bash","Cleave","Armaments+1","Feel No Pain","Inflame"],"special_seed":0,"relics":["Burning Blood","NeowsBlessing","Smiling Mask","Bag of Preparation"],"potions_floor_usage":[],"damage_taken":[{"damage":0.0,"enemies":"Cultist","floor":1.0,"turns":1.0},{"damage":0.0,"enemies":"Jaw Worm","floor":4.0,"turns":1.0},{"damage":0.0,"enemies":"2 Louse","floor":7.0,"turns":1.0},{"damage":5.0,"enemies":"Red Slaver","floor":8.0,"turns":4.0},{"damage":10,"enemies":"Large Slime","floor":11,"turns":5},{"damage":29,"enemies":"Blue Slaver","floor":12,"turns":4},{"damage":24,"enemies":"Exordium Thugs","floor":14,"turns":5}],"seed_played":"8192768086017042110","potions_obtained":[{"floor":7.0,"key":"Swift Potion"}],"is_trial":false,"path_per_floor":["M","?","?","M","$","R","M","M","T","$","M","M","?","M"],"character_chosen":"IRONCLAD","items_purchased":["Bag of Preparation"],"campfire_rested":0,"item_purchase_floors":[10],"current_hp_per_floor":[74,51,40,46,46,46,52,53,53,53,49,26,26,2],"gold":71,"neow_bonus":"THREE_ENEMY_KILL","is_prod":false,"is_daily":false,"chose_seed":false,"campfire_upgraded":1,"win_rate":0,"timestamp":1557977894,"path_taken":["M","?","?","M","?","R","M","M","T","$","?","M","?","M"],"build_version":"2019-01-23","purchased_purges":1,"victory":false,"max_hp_per_floor":[75,75,75,75,75,75,75,75,75,75,75,75,75,75],"card_choices":[{"not_picked":["Wild Strike","Anger"],"picked":"Cleave","floor":1.0},{"not_picked":["Uppercut","Clothesline"],"picked":"Armaments","floor":4.0},{"not_picked":["Sentinel","Heavy Blade","Reckless Charge"],"picked":"SKIP","floor":7.0},{"not_picked":["Blood for Blood","Pommel Strike"],"picked":"Feel No Pain","floor":8.0},{"not_picked":["Warcry","Juggernaut","Armaments"],"picked":"SKIP","floor":11},{"not_picked":["Havoc","Flex"],"picked":"Inflame","floor":12}],"player_experience":840516,"relics_obtained":[{"floor":9.0,"key":"Smiling Mask"}],"event_choices":[{"damage_healed":0.0,"max_hp_gain":0.0,"max_hp_loss":0.0,"gold_gain":0.0,"event_name":"Shining Light","player_choice":"Entered Light","floor":2.0,"gold_loss":0.0,"damage_taken":23.0,"cards_upgraded":["Strike_R","Strike_R"]},{"damage_healed":0.0,"max_hp_gain":0.0,"max_hp_loss":0.0,"gold_gain":75.0,"event_name":"World of Goop","player_choice":"Gather Gold","floor":3.0,"gold_loss":0.0,"damage_taken":11.0},{"damage_healed":0,"gold_gain":0,"player_choice":"0 cards matched","damage_taken":0,"max_hp_gain":0,"max_hp_loss":0,"event_name":"Match and Keep!","floor":13,"gold_loss":0,"cards_obtained":[]},{"damage_healed":0,"gold_gain":0,"player_choice":"0 cards matched","damage_taken":0,"max_hp_gain":0,"max_hp_loss":0,"event_name":"Match and Keep!","floor":13,"gold_loss":0,"cards_obtained":[]}],"is_beta":false,"boss_relics":[],"items_purged_floors":[5],"is_endless":false,"potions_floor_spawned":[7],"killed_by":"Exordium Thugs","ascension_level":20}