{"gold_per_floor":[119,130,130,187,101,128,128,128,128,24,34,52,52,66,66,140,140,152,165,165],"floor_reached":20,"playtime":1032,"items_purged":[],"score":378,"play_id":"f4ee6773-3ace-4e19-9f67-ae30bb92334d","local_time":"20190306232455","is_ascension_mode":true,"campfire_choices":[{"data":"Armaments","floor":8,"key":"SMITH"},{"floor":13,"key":"REST"},{"data":"Corruption","floor":15,"key":"SMITH"}],"neow_cost":"NONE","seed_source_timestamp":62071534979691,"circlet_count":0,"master_deck":["AscendersBane","Strike_R","Strike_R","Strike_R","Strike_R","Strike_R","Defend_R","Defend_R","Defend_R","Defend_R","Bash","Armaments+1","Uppercut","Feel No Pain","Corruption+1","True Grit","Inflame","Rampage","True Grit","Exhume","Body Slam"],"relics":["Burning Blood","NeowsBlessing","Singing Bowl","Pantograph","Ornamental Fan","Snecko Eye"],"potions_floor_usage":[16,16,20],"damage_taken":[{"damage":0,"enemies":"Jaw Worm","floor":1,"turns":1},{"damage":0,"enemies":"Small Slimes","floor":2,"turns":1},{"damage":0,"enemies":"Gremlin Nob","floor":6,"turns":1},{"damage":14,"enemies":"2 Louse","floor":11,"turns":3},{"damage":22,"enemies":"Large Slime","floor":12,"turns":8},{"damage":3,"enemies":"2 Fungi Beasts","floor":14,"turns":5},{"damage":56,"enemies":"Hexaghost","floor":16,"turns":10},{"damage":38,"enemies":"Chosen","floor":18,"turns":9},{"damage":4,"enemies":"Shell Parasite","floor":19,"turns":4},{"damage":44,"enemies":"Colosseum Slavers","floor":20,"turns":4}],"seed_played":"4757573363907621982","potions_obtained":[{"floor":11,"key":"BloodPotion"},{"floor":14,"key":"Poison Potion"},{"floor":16,"key":"Poison Potion"}],"is_trial":false,"path_per_floor":["M","M","?","?","$","E","?","R","T","$","M","M","R","M","R","B",null,"M","M","?"],"character_chosen":"IRONCLAD","items_purchased":["Feel No Pain","Corruption","True Grit"],"campfire_rested":1,"item_purchase_floors":[5,10,10],"current_hp_per_floor":[74,75,57,57,57,65,65,65,65,65,57,41,64,67,67,34,66,36,38,0],"gold":165,"neow_bonus":"THREE_ENEMY_KILL","is_prod":false,"is_daily":false,"chose_seed":false,"campfire_upgraded":2,"win_rate":0,"timestamp":1551875095,"path_taken":["M","M","?","?","?","E","?","R","T","$","M","M","R","M","R","BOSS","M","M","?"],"build_version":"2019-01-23","purchased_purges":0,"victory":false,"max_hp_per_floor":[75,75,75,75,75,77,77,77,77,77,77,77,77,77,77,77,77,79,79,79],"card_choices":[{"not_picked":["Dropkick","Iron Wave"],"picked":"Armaments","floor":1},{"not_picked":["Clothesline","Pommel Strike"],"picked":"Uppercut","floor":2},{"not_picked":["Warcry","Berserk","Rupture"],"picked":"Singing Bowl","floor":6},{"not_picked":["Clash","Wild Strike"],"picked":"Inflame","floor":11},{"not_picked":["Dual Wield","Armaments"],"picked":"Rampage","floor":12},{"not_picked":["Rage","Anger"],"picked":"True Grit","floor":14},{"not_picked":["Immolate","Berserk"],"picked":"Exhume","floor":16},{"not_picked":["Cleave+1","Rampage","Heavy Blade"],"picked":"Singing Bowl","floor":18},{"not_picked":["Rupture","Havoc"],"picked":"Body Slam","floor":19}],"player_experience":816662,"relics_obtained":[{"floor":6,"key":"Pantograph"},{"floor":9,"key":"Ornamental Fan"}],"event_choices":[{"damage_healed":0,"gold_gain":0,"player_choice":"Success","damage_taken":18,"relics_obtained":["Singing Bowl"],"max_hp_gain":0,"max_hp_loss":0,"event_name":"Scrap Ooze","floor":3,"gold_loss":0},{"damage_healed":0,"gold_gain":57,"player_choice":"Gained Gold","damage_taken":0,"max_hp_gain":0,"max_hp_loss":0,"event_name":"Golden Wing","floor":4,"gold_loss":0},{"damage_healed":0,"gold_gain":0,"player_choice":"Ignored","damage_taken":0,"max_hp_gain":0,"max_hp_loss":0,"event_name":"Shining Light","floor":7,"gold_loss":0},{"damage_healed":0,"gold_gain":0,"player_choice":"Fight","damage_taken":0,"max_hp_gain":0,"max_hp_loss":0,"event_name":"Colosseum","floor":20,"gold_loss":0}],"is_beta":false,"boss_relics":[{"not_picked":["Runic Dome","Cursed Key"],"picked":"Snecko Eye"}],"items_purged_floors":[],"is_endless":false,"potions_floor_spawned":[11,14,16],"killed_by":"Colosseum Slavers","ascension_level":18}