{"gold_per_floor":[219,239,256,16,31,31,43,43,43,56,56,70,70,170,170,272,272,239,255,180,194,43,43,43],"floor_reached":24,"playtime":12689,"items_purged":["Normality"],"score":200,"play_id":"55f5abe8-7416-4656-99dd-3866dc9dda7c","local_time":"20190312162916","is_ascension_mode":true,"campfire_choices":[{"data":"Noxious Fumes","floor":6,"key":"SMITH"},{"floor":8,"key":"REST"},{"floor":11,"key":"REST"},{"data":"Neutralize","floor":13,"key":"SMITH"},{"data":"Well Laid Plans","floor":15,"key":"SMITH"},{"floor":23,"key":"REST"}],"neow_cost":"NONE","seed_source_timestamp":482430928957200,"circlet_count":0,"master_deck":["Defend_G","Defend_G","Defend_G","Defend_G","Defend_G","Strike_G","Strike_G","Strike_G","Strike_G","Strike_G","Survivor","Neutralize+1","Riddle With Holes","Tactician","Noxious Fumes+1","Flying Knee","Leg Sweep","Well Laid Plans+1","Poisoned Stab","Heel Hook","Wraith Form v2","Clumsy","Writhe","Outmaneuver+1"],"relics":["Ring of the Snake","HandDrill","Sundial","Calling Bell","Oddly Smooth Stone","Toxic Egg 2","Ginger","Anchor"],"potions_floor_usage":[16,16,19,19],"damage_taken":[{"damage":1,"enemies":"Jaw Worm","floor":1,"turns":5},{"damage":4,"enemies":"Cultist","floor":2,"turns":4},{"damage":0,"enemies":"2 Louse","floor":3,"turns":4},{"damage":7,"enemies":"Looter","floor":5,"turns":3},{"damage":5,"enemies":"2 Fungi Beasts","floor":7,"turns":3},{"damage":16,"enemies":"3 Louse","floor":10,"turns":3},{"damage":11,"enemies":"Blue Slaver","floor":12,"turns":4},{"damage":8,"enemies":"The Guardian","floor":16,"turns":10},{"damage":19,"enemies":"2 Thieves","floor":18,"turns":5},{"damage":12,"enemies":"Spheric Guardian","floor":19,"turns":6},{"damage":35,"enemies":"Cultist and Chosen","floor":21,"turns":8},{"damage":27,"enemies":"Slavers","floor":24,"turns":4}],"seed_played":"9188595907322807139","potions_obtained":[{"floor":1,"key":"EssenceOfSteel"},{"floor":5,"key":"Ancient Potion"},{"floor":10,"key":"Swift Potion"},{"floor":18,"key":"Strength Potion"},{"floor":21,"key":"SpeedPotion"}],"is_trial":false,"path_per_floor":["M","M","M","$","M","R","M","R","T","M","R","M","R","?","R","B",null,"M","M","$","M","$","R","E"],"character_chosen":"THE_SILENT","items_purchased":["HandDrill","Flying Knee","Anchor"],"campfire_rested":3,"item_purchase_floors":[4,4,22],"current_hp_per_floor":[69,65,65,65,58,58,53,70,70,54,70,59,59,59,59,51,70,51,39,39,4,4,25,0],"gold":43,"neow_bonus":"HUNDRED_GOLD","is_prod":false,"is_daily":false,"chose_seed":false,"campfire_upgraded":3,"win_rate":0,"timestamp":1552433356,"path_taken":["M","M","M","$","M","R","M","R","T","M","R","M","R","?","R","BOSS","M","M","?","M","$","R","E"],"build_version":"2019-01-23","purchased_purges":1,"victory":false,"max_hp_per_floor":[70,70,70,70,70,70,70,70,70,70,70,70,70,70,70,70,70,70,70,70,70,70,70,70],"card_choices":[{"not_picked":["Outmaneuver","Dodge and Roll"],"picked":"Riddle With Holes","floor":1},{"not_picked":["Heel Hook","Reflex"],"picked":"Tactician","floor":2},{"not_picked":["Sucker Punch","Malaise"],"picked":"Noxious Fumes","floor":3},{"not_picked":["Prepared","Quick Slash"],"picked":"Leg Sweep","floor":5},{"not_picked":["Escape Plan","Riddle With Holes"],"picked":"Well Laid Plans","floor":7},{"not_picked":["Reflex","Prepared"],"picked":"Poisoned Stab","floor":10},{"not_picked":["Dagger Spray","Dagger Throw"],"picked":"Heel Hook","floor":12},{"not_picked":["Die Die Die","Corpse Explosion"],"picked":"Wraith Form v2","floor":16},{"not_picked":["Flying Knee","Setup+1"],"picked":"Outmaneuver+1","floor":18},{"not_picked":["Outmaneuver+1","Endless Agony+1","Expertise+1"],"picked":"SKIP","floor":19},{"not_picked":["Riddle With Holes","Sucker Punch","Heel Hook"],"picked":"SKIP","floor":21}],"player_experience":225381,"relics_obtained":[{"floor":9,"key":"Sundial"},{"floor":17,"key":"Oddly Smooth Stone"},{"floor":17,"key":"Toxic Egg 2"},{"floor":17,"key":"Ginger"}],"event_choices":[{"damage_healed":0,"gold_gain":100,"player_choice":"Pray","damage_taken":0,"max_hp_gain":0,"max_hp_loss":0,"event_name":"Golden Shrine","floor":14,"gold_loss":0}],"is_beta":false,"boss_relics":[{"not_picked":["Runic Pyramid","Tiny House"],"picked":"Calling Bell"}],"items_purged_floors":[20],"is_endless":false,"potions_floor_spawned":[1,5,10,18,21],"killed_by":"Slavers","ascension_level":1}