{"gold_per_floor":[212,229,239,47,47,47,79,79,79,92,118,118,136,168,168,265,265,282,299,299,325,93,93,43,43,43,43,56,56,82,82,82,82],"floor_reached":33,"playtime":2248,"items_purged":["Strike_R"],"score":295,"play_id":"b1ba4cec-061f-4b4a-8eaf-06aa290f0ab0","local_time":"20181211214217","is_ascension_mode":true,"campfire_choices":[{"floor":6,"key":"REST"},{"floor":8,"key":"RECALL"},{"floor":15,"key":"REST"},{"floor":23,"key":"REST"},{"data":"Apotheosis","floor":25,"key":"SMITH"},{"floor":32,"key":"REST"}],"neow_cost":"NONE","seed_source_timestamp":1570140919765164,"circlet_count":0,"master_deck":["Strike_R","Strike_R","Defend_R","Defend_R","Defend_R","Bash","Blood for Blood","True Grit","Headbutt","Apotheosis+1","Thunderclap","Double Tap","Havoc","Clothesline","Barricade+1","Pummel+1","Battle Trance+1","Impervious+1","Flame Barrier+1","Body Slam","RitualDagger","Heavy Blade","Dual Wield","Rupture+1","Power Through"],"relics":["Burning Blood","Frozen Egg 2","PreservedInsect","Dream Catcher","Dead Branch","Incense Burner","Astrolabe","Red Mask","Bag of Marbles","Singing Bowl"],"potions_floor_usage":[16,16,16,16,16,30,30,30],"damage_taken":[{"damage":10,"enemies":"Small Slimes","floor":1,"turns":3},{"damage":0,"enemies":"2 Louse","floor":2,"turns":2},{"damage":1,"enemies":"Cultist","floor":3,"turns":4},{"damage":11,"enemies":"Lagavulin","floor":7,"turns":7},{"damage":18,"enemies":"Exordium Wildlife","floor":10,"turns":7},{"damage":19,"enemies":"3 Sentries","floor":11,"turns":6},{"damage":14,"enemies":"Looter","floor":13,"turns":4},{"damage":10,"enemies":"Lagavulin","floor":14,"turns":4},{"damage":38,"enemies":"Slime Boss","floor":16,"turns":10},{"damage":1,"enemies":"Spheric Guardian","floor":18,"turns":4},{"damage":3,"enemies":"Chosen","floor":19,"turns":7},{"damage":32,"enemies":"Masked Bandits","floor":21,"turns":7},{"damage":2,"enemies":"Snecko","floor":28,"turns":6},{"damage":44,"enemies":"Slavers","floor":30,"turns":8},{"damage":64,"enemies":"Collector","floor":33,"turns":8}],"seed_played":"7837509584563297338","potions_obtained":[{"floor":1,"key":"LiquidBronze"},{"floor":2,"key":"Dexterity Potion"},{"floor":10,"key":"Swift Potion"},{"floor":11,"key":"Weak Potion"},{"floor":14,"key":"EntropicBrew"},{"floor":28,"key":"Fire Potion"}],"is_trial":false,"path_per_floor":["M","M","M","$","?","R","E","R","T","M","E","?","M","E","R","B",null,"M","M","?","?","$","R","$","R","T","$","M","?","E","?","R","B"],"character_chosen":"IRONCLAD","items_purchased":["Apotheosis","Bag of Marbles","Dexterity Potion"],"campfire_rested":4,"item_purchase_floors":[4,22,24],"current_hp_per_floor":[76,80,80,80,62,80,75,75,75,63,50,50,42,38,62,30,80,80,80,74,48,48,72,72,72,72,72,76,76,38,38,64,0],"gold":82,"neow_bonus":"HUNDRED_GOLD","is_prod":false,"is_daily":false,"chose_seed":false,"campfire_upgraded":1,"win_rate":0,"timestamp":1544524937,"path_taken":["M","M","M","$","?","R","E","R","T","M","E","?","?","E","R","BOSS","M","M","?","?","?","R","$","R","T","$","M","?","E","?","R","BOSS"],"build_version":"2018-12-06","purchased_purges":1,"victory":false,"max_hp_per_floor":[80,80,80,80,80,80,80,80,80,80,80,80,80,80,80,80,80,80,80,80,80,80,80,80,80,80,80,80,80,80,80,82,82],"card_choices":[{"not_picked":["Infernal Blade","Havoc"],"picked":"Blood for Blood","floor":1},{"not_picked":["Headbutt","Body Slam"],"picked":"True Grit","floor":2},{"not_picked":["True Grit","Cleave"],"picked":"Headbutt","floor":3},{"not_picked":["Perfected Strike","Ghostly Armor","Pommel Strike"],"picked":"SKIP","floor":7},{"not_picked":["Flex","Clash"],"picked":"Thunderclap","floor":10},{"not_picked":["Thunderclap","Battle Trance"],"picked":"Double Tap","floor":11},{"not_picked":["Warcry","Perfected Strike"],"picked":"Havoc","floor":13},{"not_picked":["Headbutt","Blood for Blood","Infernal Blade"],"picked":"SKIP","floor":14},{"not_picked":["Armaments","Pommel Strike"],"picked":"Clothesline","floor":15},{"not_picked":["Feed","Reaper"],"picked":"Barricade+1","floor":16},{"not_picked":["Entrench+1","Headbutt+1"],"picked":"Flame Barrier+1","floor":18},{"not_picked":["Rage","Sentinel"],"picked":"Body Slam","floor":19},{"not_picked":["Armaments","Rage"],"picked":"Heavy Blade","floor":21},{"not_picked":["Wild Strike+1","Rage"],"picked":"Dual Wield","floor":28},{"not_picked":["Wild Strike","Flame Barrier"],"picked":"Power Through","floor":30},{"not_picked":["Armaments+1","Metallicize+1","Evolve+1"],"picked":"Singing Bowl","floor":32}],"player_experience":201316,"relics_obtained":[{"floor":7,"key":"PreservedInsect"},{"floor":9,"key":"Dream Catcher"},{"floor":11,"key":"Dead Branch"},{"floor":14,"key":"Incense Burner"},{"floor":21,"key":"Red Mask"},{"floor":30,"key":"Singing Bowl"}],"event_choices":[{"damage_healed":0,"gold_gain":0,"player_choice":"Success","damage_taken":18,"relics_obtained":["Frozen Egg 2"],"max_hp_gain":0,"max_hp_loss":0,"event_name":"Scrap Ooze","floor":5,"gold_loss":0},{"damage_healed":0,"gold_gain":0,"player_choice":"Ignored","damage_taken":0,"max_hp_gain":0,"max_hp_loss":0,"event_name":"WeMeetAgain","floor":12,"gold_loss":0},{"damage_healed":0,"gold_gain":0,"player_choice":"Joined the Cult","damage_taken":6,"max_hp_gain":0,"max_hp_loss":0,"event_name":"Nest","floor":20,"gold_loss":0,"cards_obtained":["RitualDagger"]},{"damage_healed":0,"gold_gain":0,"player_choice":"Fought Bandits","damage_taken":0,"max_hp_gain":0,"max_hp_loss":0,"event_name":"Masked Bandits","floor":21,"gold_loss":0},{"damage_healed":0,"gold_gain":0,"player_choice":"Read","damage_taken":0,"max_hp_gain":0,"max_hp_loss":0,"event_name":"The Library","floor":29,"gold_loss":0,"cards_obtained":["Rupture"]},{"damage_healed":0,"gold_gain":0,"player_choice":"Ignored","damage_taken":0,"max_hp_gain":0,"max_hp_loss":0,"event_name":"Ghosts","floor":31,"gold_loss":0}],"is_beta":false,"boss_relics":[{"not_picked":["Eternal Feather","Runic Dome"],"picked":"Astrolabe"}],"items_purged_floors":[22],"is_endless":false,"potions_floor_spawned":[1,2,10,11,14,28],"killed_by":"Collector","ascension_level":1}