{"gold_per_floor":[12,12,26,26,101,101,101,116,116,116,126,138,138,150,150,150],"floor_reached":16,"playtime":975,"items_purged":[],"score":92,"play_id":"c762aabc-16f8-4acc-8dc5-0570b399158e","local_time":"20190725015016","is_ascension_mode":false,"campfire_choices":[{"floor":6,"key":"REST"},{"data":"Limit Break","floor":10,"key":"SMITH"},{"data":"Clash","floor":13,"key":"SMITH"},{"data":"Shockwave","floor":15,"key":"SMITH"}],"neow_cost":"NO_GOLD","seed_source_timestamp":445213232304778,"circlet_count":0,"master_deck":["Strike_R","Strike_R+1","Strike_R","Strike_R","Defend_R","Defend_R+1","Defend_R","Clash+1","Limit Break+1","Pommel Strike","Shockwave+1"],"relics":["Burning Blood","Centennial Puzzle"],"potions_floor_usage":[12,16],"damage_taken":[{"damage":7,"enemies":"2 Louse","floor":1,"turns":2},{"damage":1,"enemies":"Cultist","floor":3,"turns":3},{"damage":0,"enemies":"Small Slimes","floor":8,"turns":2},{"damage":7,"enemies":"Blue Slaver","floor":11,"turns":4},{"damage":9,"enemies":"Large Slime","floor":12,"turns":7},{"damage":8,"enemies":"Red Slaver","floor":14,"turns":3},{"damage":81,"enemies":"Slime Boss","floor":16,"turns":11}],"seed_played":"2284145715057488796","potions_obtained":[{"floor":3,"key":"Poison Potion"},{"floor":11,"key":"FairyPotion"},{"floor":14,"key":"Ancient Potion"}],"is_trial":false,"path_per_floor":["M","?","M","?","?","R","?","M","T","R","M","M","R","M","R","B"],"character_chosen":"IRONCLAD","items_purchased":[],"campfire_rested":1,"item_purchase_floors":[],"current_hp_per_floor":[79,71,76,60,49,73,73,79,79,79,78,75,75,73,73,0],"gold":150,"neow_bonus":"REMOVE_TWO","is_prod":false,"is_daily":false,"chose_seed":false,"campfire_upgraded":3,"win_rate":0.0,"timestamp":1564012216,"path_taken":["M","?","?","?","?","R","?","M","T","R","?","M","R","M","R","BOSS"],"build_version":"2019-07-17","purchased_purges":0,"victory":false,"max_hp_per_floor":[80,80,80,80,80,80,80,80,80,80,80,80,80,80,80,80],"card_choices":[{"not_picked":["Seeing Red","Anger"],"picked":"Clash","floor":1},{"not_picked":["Shrug It Off","Headbutt","Pommel Strike"],"picked":"SKIP","floor":3},{"not_picked":["Shockwave","Twin Strike"],"picked":"Limit Break","floor":8},{"not_picked":["Flex","Ghostly Armor","True Grit"],"picked":"SKIP","floor":11},{"not_picked":["Heavy Blade","Ghostly Armor"],"picked":"Pommel Strike","floor":12},{"not_picked":["Combust","Intimidate"],"picked":"Shockwave","floor":14}],"player_experience":6258,"relics_obtained":[{"floor":9,"key":"Centennial Puzzle"}],"event_choices":[{"damage_healed":0,"gold_gain":0,"player_choice":"Damaged","damage_taken":8,"max_hp_gain":0,"max_hp_loss":0,"event_name":"Wheel of Change","floor":2,"gold_loss":0},{"damage_healed":0,"gold_gain":0,"player_choice":"Entered Light","damage_taken":16,"max_hp_gain":0,"max_hp_loss":0,"event_name":"Shining Light","floor":4,"gold_loss":0,"cards_upgraded":["Defend_R","Strike_R"]},{"damage_healed":0,"gold_gain":75,"player_choice":"Gather Gold","damage_taken":11,"max_hp_gain":0,"max_hp_loss":0,"event_name":"World of Goop","floor":5,"gold_loss":0},{"cards_removed":["Strike_R"],"damage_healed":0,"gold_gain":0,"player_choice":"Offered Basic","damage_taken":0,"max_hp_gain":0,"max_hp_loss":0,"event_name":"Bonfire Elementals","floor":7,"gold_loss":0}],"is_beta":false,"boss_relics":[],"items_purged_floors":[],"is_endless":false,"potions_floor_spawned":[3,11,14],"killed_by":"Slime Boss","ascension_level":0}