{"gold_per_floor":[112,112,387,406,420,420,345,364,364,279,299,210,210,223,223,302,302,313,313,313,72,89,89,119,119],"floor_reached":25,"playtime":1348,"items_purged":["Regret"],"score":401,"play_id":"1d6613c0-a4fe-4b95-a869-8f2ada82b3dc","local_time":"20190312224610","is_ascension_mode":true,"campfire_choices":[{"data":"Cleave","floor":6.0,"key":"SMITH"},{"data":"Corruption","floor":13.0,"key":"SMITH"},{"data":"Blood for Blood","floor":15.0,"key":"SMITH"},{"data":"Dark Embrace","floor":23.0,"key":"SMITH"}],"neow_cost":"NONE","seed_source_timestamp":248425190401955,"circlet_count":0,"master_deck":["AscendersBane","Strike_R","Strike_R","Strike_R","Defend_R","Defend_R","Defend_R","Defend_R","Bash","Shockwave","Cleave+1","Iron Wave","Shrug It Off","Corruption+1","Feed","Feel No Pain","Blood for Blood+1","Dark Embrace+1","Battle Trance","Heavy Blade","Shockwave","True Grit","Iron Wave+1","Offering"],"special_seed":0,"relics":["Burning Blood","NeowsBlessing","Shuriken","Potion Belt","Black Star","Membership Card","Blood Vial","Anchor"],"potions_floor_usage":[25],"damage_taken":[{"damage":0.0,"enemies":"Cultist","floor":1.0,"turns":1.0},{"damage":0.0,"enemies":"2 Louse","floor":4.0,"turns":1.0},{"damage":0.0,"enemies":"Small Slimes","floor":5.0,"turns":1.0},{"damage":17.0,"enemies":"Exordium Wildlife","floor":8.0,"turns":3.0},{"damage":1.0,"enemies":"2 Fungi Beasts","floor":11.0,"turns":2.0},{"damage":12.0,"enemies":"Lots of Slimes","floor":14.0,"turns":4.0},{"damage":50.0,"enemies":"Slime Boss","floor":16.0,"turns":11.0},{"damage":15.0,"enemies":"Chosen","floor":18.0,"turns":8.0},{"damage":8.0,"enemies":"3 Byrds","floor":22.0,"turns":7.0},{"damage":70.0,"enemies":"Book of Stabbing","floor":24.0,"turns":7.0},{"damage":13,"enemies":"Centurion and Healer","floor":25,"turns":7}],"seed_played":"-2759314602731452581","potions_obtained":[{"floor":1.0,"key":"Fire Potion"},{"floor":4.0,"key":"Poison Potion"},{"floor":16.0,"key":"Regen Potion"},{"floor":24.0,"key":"Block Potion"}],"is_trial":false,"path_per_floor":["M","?","?","M","M","R","$","M","T","$","M","$","R","M","R","B",null,"M","?","?","$","M","R","E","M"],"character_chosen":"IRONCLAD","items_purchased":["Corruption","Feel No Pain","Membership Card","True Grit"],"campfire_rested":0,"item_purchase_floors":[10,12,21,21],"current_hp_per_floor":[74,69,69,75,75,75,75,64,64,64,69,69,69,66,66,22,64,55,55,55,55,71,71,7,0],"gold":119,"neow_bonus":"THREE_ENEMY_KILL","is_prod":false,"is_daily":false,"chose_seed":false,"campfire_upgraded":4,"win_rate":0,"timestamp":1552391170,"path_taken":["M","?","?","?","M","R","$","M","T","?","M","$","R","M","R","BOSS","M","?","?","$","M","R","E","M"],"build_version":"2019-01-23","purchased_purges":1,"victory":false,"max_hp_per_floor":[75,75,75,75,75,75,75,75,75,75,75,75,75,78,78,78,78,78,78,78,78,81,81,81,81],"card_choices":[{"not_picked":["Seeing Red","Blood for Blood"],"picked":"Shockwave","floor":1.0},{"not_picked":["Second Wind","Sword Boomerang"],"picked":"Cleave","floor":4.0},{"not_picked":["Bloodletting","Battle Trance"],"picked":"Iron Wave","floor":5.0},{"not_picked":["Iron Wave","Flex"],"picked":"Shrug It Off","floor":8.0},{"not_picked":["Heavy Blade","Headbutt"],"picked":"Feed","floor":11.0},{"not_picked":["Heavy Blade","Battle Trance"],"picked":"Blood for Blood","floor":14.0},{"not_picked":["Fiend Fire","Feed"],"picked":"Dark Embrace","floor":16.0},{"not_picked":["Dropkick+1","Clash"],"picked":"Battle Trance","floor":18.0},{"not_picked":["Clash","Anger"],"picked":"Iron Wave+1","floor":22.0},{"not_picked":["Spot Weakness","Heavy Blade"],"picked":"Offering","floor":24.0}],"player_experience":837770,"relics_obtained":[{"floor":9.0,"key":"Potion Belt"},{"floor":24.0,"key":"Blood Vial"},{"floor":24.0,"key":"Anchor"}],"event_choices":[{"damage_healed":0.0,"max_hp_gain":0.0,"max_hp_loss":0.0,"gold_gain":0.0,"event_name":"Scrap Ooze","player_choice":"Success","floor":2.0,"gold_loss":0.0,"damage_taken":5.0,"relics_obtained":["Shuriken"]},{"damage_healed":0.0,"max_hp_gain":0.0,"max_hp_loss":0.0,"gold_gain":275.0,"event_name":"Golden Shrine","player_choice":"Desecrate","floor":3.0,"gold_loss":0.0,"damage_taken":0.0,"cards_obtained":["Regret"]},{"damage_healed":0.0,"max_hp_gain":0.0,"max_hp_loss":0.0,"gold_gain":0.0,"cards_transformed":["Strike_R","Strike_R"],"event_name":"Drug Dealer","player_choice":"Became Test Subject","floor":19.0,"gold_loss":0.0,"damage_taken":0.0,"cards_obtained":["Heavy Blade","Shockwave"]},{"damage_healed":0.0,"max_hp_gain":0.0,"max_hp_loss":0.0,"gold_gain":0.0,"event_name":"Vampires","player_choice":"Ignored","floor":20.0,"gold_loss":0.0,"damage_taken":0.0}],"is_beta":false,"boss_relics":[{"not_picked":["Mark of Pain","Runic Dome"],"picked":"Black Star"}],"items_purged_floors":[7],"is_endless":false,"potions_floor_spawned":[1,4,16,24],"killed_by":"Centurion and Healer","ascension_level":18}