{"gold_per_floor":[18,18,33,33,33,33,33,67,67,80,98,98,110,123,123,197,197,214,214,263,282,282],"floor_reached":22,"playtime":725,"items_purged":[],"score":372,"play_id":"a6045d66-1ac1-4076-b1f1-4cd4906aa801","local_time":"20190525005628","is_ascension_mode":true,"campfire_choices":[{"data":"Zap","floor":6,"key":"SMITH"},{"data":"Streamline","floor":12,"key":"SMITH"},{"data":"Capacitor","floor":15,"key":"SMITH"}],"neow_cost":"NO_GOLD","seed_source_timestamp":309548433964174,"circlet_count":0,"master_deck":["AscendersBane","Strike_B","Strike_B","Strike_B","Defend_B","Defend_B","Defend_B","Defend_B","Zap+1","Dualcast+1","Electrodynamics","Cold Snap","Reinforced Body","Streamline+1","Hologram","Skim","Capacitor+1","Core Surge"],"special_seed":0,"relics":["Cracked Core","Kunai","White Beast Statue","Oddly Smooth Stone"],"potions_floor_usage":[16,18,21,22],"damage_taken":[{"damage":1.0,"enemies":"2 Louse","floor":1.0,"turns":3.0},{"damage":4.0,"enemies":"Jaw Worm","floor":3.0,"turns":4.0},{"damage":8,"enemies":"3 Sentries","floor":8,"turns":4},{"damage":2,"enemies":"Small Slimes","floor":10,"turns":3},{"damage":0,"enemies":"2 Fungi Beasts","floor":11,"turns":2},{"damage":5,"enemies":"Large Slime","floor":13,"turns":4},{"damage":8,"enemies":"Looter","floor":14,"turns":2},{"damage":6,"enemies":"The Guardian","floor":16,"turns":11},{"damage":21,"enemies":"Spheric Guardian","floor":18,"turns":6},{"damage":6,"enemies":"3 Byrds","floor":21,"turns":3},{"damage":28,"enemies":"Snecko","floor":22,"turns":5}],"seed_played":"6953674332280228373","potions_obtained":[{"floor":1.0,"key":"PowerPotion"},{"floor":8,"key":"PowerPotion"},{"floor":16,"key":"Strength Potion"},{"floor":18,"key":"LiquidBronze"},{"floor":21,"key":"SneckoOil"}],"is_trial":false,"path_per_floor":["M","?","M","?","?","R","$","E","T","M","M","R","M","M","R","B",null,"M","?","T","M","M"],"character_chosen":"DEFECT","items_purchased":[],"campfire_rested":0,"item_purchase_floors":[],"current_hp_per_floor":[63,56,52,52,52,52,52,44,44,42,42,42,37,29,29,23,59,38,18,18,12,0],"gold":282,"neow_bonus":"THREE_RARE_CARDS","is_prod":false,"is_daily":false,"chose_seed":false,"campfire_upgraded":3,"win_rate":0,"timestamp":1558716988,"path_taken":["M","?","M","?","?","R","?","E","T","M","M","R","M","M","R","BOSS","M","?","?","M","M"],"build_version":"2019-01-23","purchased_purges":0,"victory":false,"max_hp_per_floor":[71,71,71,71,71,71,71,71,71,71,71,71,71,71,71,71,71,71,76,76,76,76],"card_choices":[{"not_picked":["Echo Form","Meteor Strike"],"picked":"Electrodynamics","floor":0.0},{"not_picked":["Beam Cell","Sweeping Beam"],"picked":"Cold Snap","floor":1.0},{"not_picked":["Chaos","Barrage"],"picked":"Reinforced Body","floor":3.0},{"not_picked":["Conserve Battery","Go for the Eyes"],"picked":"Streamline","floor":8},{"not_picked":["Double Energy","Cold Snap"],"picked":"Hologram","floor":10},{"not_picked":["Conserve Battery","Meteor Strike","Static Discharge"],"picked":"SKIP","floor":11},{"not_picked":["Compile Driver","Conserve Battery"],"picked":"Skim","floor":13},{"not_picked":["Streamline","Ball Lightning"],"picked":"Capacitor","floor":14},{"not_picked":["Biased Cognition","Amplify"],"picked":"Core Surge","floor":16},{"not_picked":["Aggregate","Cold Snap","Redo"],"picked":"SKIP","floor":18},{"not_picked":["Compile Driver","Ball Lightning+1","Conserve Battery"],"picked":"SKIP","floor":21}],"player_experience":944794,"relics_obtained":[{"floor":8,"key":"Kunai"},{"floor":20,"key":"Oddly Smooth Stone"}],"event_choices":[{"cards_removed":["Strike_B"],"damage_healed":0.0,"max_hp_gain":0.0,"max_hp_loss":0.0,"gold_gain":0.0,"event_name":"Golden Wing","player_choice":"Card Removal","floor":2.0,"gold_loss":0.0,"damage_taken":7.0},{"damage_healed":0.0,"max_hp_gain":0.0,"max_hp_loss":0.0,"gold_gain":0.0,"event_name":"Liars Game","player_choice":"Ignored","floor":4.0,"gold_loss":0.0,"damage_taken":0.0},{"damage_healed":0,"gold_gain":0,"player_choice":"Grow","damage_taken":0,"max_hp_gain":0,"max_hp_loss":0,"event_name":"Living Wall","floor":5,"gold_loss":0,"cards_upgraded":["Dualcast"]},{"damage_healed":0,"gold_gain":0,"player_choice":"Shed Blood","damage_taken":25,"max_hp_gain":5,"max_hp_loss":0,"event_name":"Forgotten Altar","floor":19,"gold_loss":0}],"is_beta":false,"boss_relics":[{"not_picked":["Lizard Tail","Busted Crown"],"picked":"White Beast Statue"}],"items_purged_floors":[],"is_endless":false,"potions_floor_spawned":[1,8,13,14,16,18,21],"killed_by":"Snecko","ascension_level":20}