{"gold_per_floor":[116,116,127,147,163,163,198,228,228,228,248,248,17,31,31,128,128,146,236,33,45,62,62,62],"floor_reached":24,"playtime":2045,"items_purged":["Strike_B"],"score":198,"play_id":"2d1635e3-4932-4ea1-844a-2acdd34acf24","local_time":"20181130194737","is_ascension_mode":false,"campfire_choices":[{"floor":6,"key":"REST"},{"floor":12,"key":"REST"},{"floor":15,"key":"REST"},{"floor":23,"key":"REST"}],"neow_cost":"NONE","seed_source_timestamp":1052218517555826,"circlet_count":0,"master_deck":["Strike_B+1","Strike_B","Strike_B","Defend_B","Defend_B","Defend_B","Defend_B","Zap","Dualcast","Genetic Algorithm","Panacea+1","Zap","Stack","Reprogram","Hologram","Gash","Ball Lightning","Streamline","Static Discharge","Echo Form","Steam","Rebound"],"relics":["Cracked Core","Bronze Scales","Boot","Tiny Chest","Question Card","Bag of Preparation","Busted Crown","Toolbox"],"potions_floor_usage":[7,16,21,21,22],"damage_taken":[{"damage":2,"enemies":"2 Louse","floor":1,"turns":3},{"damage":1,"enemies":"Cultist","floor":3,"turns":3},{"damage":14,"enemies":"Jaw Worm","floor":4,"turns":4},{"damage":11,"enemies":"3 Louse","floor":5,"turns":3},{"damage":27,"enemies":"3 Sentries","floor":7,"turns":6},{"damage":13,"enemies":"Exordium Wildlife","floor":11,"turns":3},{"damage":18,"enemies":"Gremlin Gang","floor":14,"turns":4},{"damage":20,"enemies":"Slime Boss","floor":16,"turns":7},{"damage":12,"enemies":"Shell Parasite","floor":18,"turns":3},{"damage":12,"enemies":"2 Thieves","floor":21,"turns":3},{"damage":13,"enemies":"3 Cultists","floor":22,"turns":5},{"damage":47,"enemies":"Gremlin Leader","floor":24,"turns":5}],"seed_played":"-1587758448565377895","potions_obtained":[{"floor":1,"key":"Poison Potion"},{"floor":11,"key":"Fire Potion"},{"floor":14,"key":"Weak Potion"},{"floor":16,"key":"SteroidPotion"},{"floor":18,"key":"PowerPotion"},{"floor":21,"key":"Swift Potion"}],"is_trial":false,"path_per_floor":["M","?","M","M","M","R","E","T","T","?","M","R","$","M","R","B",null,"M","?","$","M","M","R","E"],"character_chosen":"DEFECT","items_purchased":["Bag of Preparation","Toolbox"],"campfire_rested":4,"item_purchase_floors":[13,20],"current_hp_per_floor":[73,73,72,58,47,69,42,42,42,27,14,36,36,18,40,20,75,63,49,49,37,24,46,0],"gold":62,"neow_bonus":"RANDOM_COMMON_RELIC","is_prod":false,"is_daily":false,"chose_seed":false,"campfire_upgraded":0,"win_rate":0.0,"timestamp":1543567657,"path_taken":["M","?","?","?","M","R","E","?","T","?","M","R","$","M","R","BOSS","M","?","$","M","M","R","E"],"build_version":"2018-11-15","purchased_purges":1,"victory":false,"max_hp_per_floor":[75,75,75,75,75,75,75,75,75,75,75,75,75,75,75,75,75,75,75,75,75,75,75,75],"card_choices":[{"not_picked":["Leap","Beam Cell"],"picked":"Genetic Algorithm","floor":1},{"not_picked":["FTL","Sweeping Beam"],"picked":"Reprogram","floor":3},{"not_picked":["Auto Shields","Stack"],"picked":"Hologram","floor":4},{"not_picked":["Genetic Algorithm","Defragment"],"picked":"Gash","floor":5},{"not_picked":["Leap","Sweeping Beam"],"picked":"Ball Lightning","floor":7},{"not_picked":["Rip and Tear","Go for the Eyes","Fusion"],"picked":"Streamline","floor":11},{"not_picked":["Scrape","Skim","Leap"],"picked":"Static Discharge","floor":14},{"not_picked":["Machine Learning","Electrodynamics","Creative AI"],"picked":"Echo Form","floor":16},{"not_picked":["Barrage"],"picked":"Steam","floor":18},{"not_picked":["Glacier"],"picked":"Rebound","floor":21},{"not_picked":["Barrage","Static Discharge"],"picked":"SKIP","floor":22}],"player_experience":76947,"relics_obtained":[{"floor":7,"key":"Boot"},{"floor":8,"key":"Tiny Chest"},{"floor":9,"key":"Question Card"}],"event_choices":[{"damage_healed":0,"gold_gain":0,"player_choice":"3 cards matched","damage_taken":0,"max_hp_gain":0,"max_hp_loss":0,"event_name":"Match and Keep!","floor":2,"gold_loss":0,"cards_obtained":["Panacea","Zap","Stack"]},{"damage_healed":0,"gold_gain":0,"player_choice":"Entered Light","damage_taken":15,"max_hp_gain":0,"max_hp_loss":0,"event_name":"Shining Light","floor":10,"gold_loss":0,"cards_upgraded":["Strike_B","Panacea"]},{"damage_healed":0,"gold_gain":90,"player_choice":"GOLD ","damage_taken":14,"max_hp_gain":0,"max_hp_loss":0,"event_name":"Knowing Skull","floor":19,"potions_obtained":[],"gold_loss":0,"cards_obtained":[]}],"is_beta":false,"boss_relics":[{"not_picked":["Tiny House","Snecko Eye"],"picked":"Busted Crown"}],"items_purged_floors":[13],"is_endless":false,"potions_floor_spawned":[1,11,14,16,18,21],"killed_by":"Gremlin Leader","ascension_level":0}