{"gold_per_floor":[114,114,39,39,56,56,66,80,107,120,20,20,20,39,39,135,135,135,10,10,10,10,10,10,10,10,10,10,10,10,10,10,10,10,10,10,10,10,10,10,10,10,10,10,10,10,10,10,10,10],"floor_reached":51,"playtime":40008,"items_purged":["Defend_G","Strike_G","Strike_G"],"score":802,"play_id":"5099ed45-d47a-41fd-95ba-d53cca8b29a3","local_time":"20190313231730","is_ascension_mode":true,"campfire_choices":[{"floor":6,"key":"REST"},{"data":"Well Laid Plans","floor":12,"key":"SMITH"},{"data":"Blur","floor":15,"key":"SMITH"},{"floor":23,"key":"REST"},{"data":"Burst","floor":27,"key":"SMITH"},{"data":"Phantasmal Killer","floor":30,"key":"SMITH"},{"data":"Survivor","floor":32,"key":"SMITH"},{"data":"Cloak And Dagger","floor":40,"key":"SMITH"},{"floor":42,"key":"REST"},{"floor":44,"key":"REST"},{"floor":46,"key":"REST"},{"data":"Defend_G","floor":49,"key":"SMITH"}],"neow_cost":"TEN_PERCENT_HP_LOSS","seed_source_timestamp":566011969232600,"circlet_count":0,"master_deck":["Defend_G+1","Strike_G+1","Survivor+1","Neutralize+1","Phantasmal Killer+1","Dash+1","Well Laid Plans+1","Blur+1","Burst+1","Cloak And Dagger+1","Crippling Poison+1","Heel Hook"],"relics":["Ring of the Snake","Whetstone","SsserpentHead","Ectoplasm","Dodecahedron","Empty Cage","Bronze Scales","Bottled Lightning"],"potions_floor_usage":[8,33,41,41,50,50,50],"damage_taken":[{"damage":0,"enemies":"Cultist","floor":1,"turns":4},{"damage":0,"enemies":"2 Louse","floor":5,"turns":3},{"damage":0,"enemies":"Small Slimes","floor":7,"turns":3},{"damage":5,"enemies":"Gremlin Gang","floor":8,"turns":3},{"damage":0,"enemies":"Lots of Slimes","floor":10,"turns":5},{"damage":4,"enemies":"Exordium Thugs","floor":14,"turns":4},{"damage":9,"enemies":"The Guardian","floor":16,"turns":14},{"damage":14,"enemies":"3 Byrds","floor":18,"turns":10},{"damage":0,"enemies":"Spheric Guardian","floor":21,"turns":4},{"damage":0,"enemies":"Chosen and Byrds","floor":22,"turns":6},{"damage":0,"enemies":"Centurion and Healer","floor":24,"turns":7},{"damage":0,"enemies":"Snake Plant","floor":29,"turns":4},{"damage":0,"enemies":"Shelled Parasite and Fungi","floor":31,"turns":6},{"damage":0,"enemies":"Automaton","floor":33,"turns":16},{"damage":0,"enemies":"3 Darklings","floor":35,"turns":11},{"damage":0,"enemies":"3 Shapes","floor":36,"turns":5},{"damage":0,"enemies":"3 Darklings","floor":37,"turns":5},{"damage":0,"enemies":"Transient","floor":39,"turns":5},{"damage":49,"enemies":"Reptomancer","floor":41,"turns":12},{"damage":0,"enemies":"Jaw Worm Horde","floor":45,"turns":4},{"damage":31,"enemies":"Time Eater","floor":50,"turns":15}],"seed_played":"8234129363315998186","potions_obtained":[{"floor":1,"key":"GhostInAJar"},{"floor":7,"key":"Fire Potion"},{"floor":8,"key":"Weak Potion"},{"floor":21,"key":"SkillPotion"},{"floor":33,"key":"Weak Potion"},{"floor":41,"key":"Strength Potion"},{"floor":45,"key":"Swift Potion"}],"is_trial":false,"path_per_floor":["M","?","$","?","M","R","M","M","T","M","$","R","?","M","R","B",null,"M","$","?","M","M","R","M","$","T","R","$","M","R","M","R","B",null,"M","M","M","?","M","R","E","R","T","R","M","R","?","?","R","B",null],"character_chosen":"THE_SILENT","items_purchased":[],"campfire_rested":5,"item_purchase_floors":[],"current_hp_per_floor":[63,56,56,56,56,63,63,58,58,58,58,58,58,54,54,45,63,49,49,49,49,49,63,63,63,63,63,63,63,63,63,63,63,63,63,63,63,60,60,60,11,29,29,47,47,60,60,60,60,29],"gold":10,"neow_bonus":"TRANSFORM_TWO_CARDS","is_prod":false,"is_daily":false,"chose_seed":false,"campfire_upgraded":7,"win_rate":0,"timestamp":1552544250,"path_taken":["M","?","$","?","?","R","M","M","T","M","?","R","?","M","R","BOSS","M","?","?","M","M","R","?","?","T","R","?","M","R","M","R","BOSS","M","M","M","?","M","R","E","R","T","R","M","R","?","?","R","BOSS"],"build_version":"2019-01-23","purchased_purges":3,"victory":true,"max_hp_per_floor":[63,63,63,63,63,63,63,63,63,63,63,63,63,63,63,63,63,63,63,63,63,63,63,63,63,63,63,63,63,63,63,63,63,63,63,63,63,60,60,60,60,60,60,60,60,60,60,60,60,60],"card_choices":[{"not_picked":["Blur","Deflect","Prepared"],"picked":"SKIP","floor":1},{"not_picked":["Underhanded Strike","Dodge and Roll"],"picked":"Well Laid Plans","floor":5},{"not_picked":["Dagger Throw","Deflect","Acrobatics"],"picked":"SKIP","floor":7},{"not_picked":["Calculated Gamble","Acrobatics","Backflip"],"picked":"SKIP","floor":8},{"not_picked":["Storm of Steel","Underhanded Strike","Prepared"],"picked":"SKIP","floor":10},{"not_picked":["Outmaneuver","Deadly Poison"],"picked":"Blur","floor":14},{"not_picked":["Die Die Die","Bullet Time"],"picked":"Burst","floor":16},{"not_picked":["Dagger Throw","Setup+1","Quick Slash"],"picked":"SKIP","floor":18},{"not_picked":["Dash","Concentrate","Endless Agony"],"picked":"SKIP","floor":21},{"not_picked":["Heel Hook","Accuracy","Underhanded Strike+1"],"picked":"SKIP","floor":22},{"not_picked":["Backflip","Bane","Dagger Throw"],"picked":"SKIP","floor":24},{"not_picked":["Backflip","Deflect"],"picked":"Cloak And Dagger","floor":29},{"not_picked":["Outmaneuver+1","Deadly Poison","Setup"],"picked":"SKIP","floor":31},{"not_picked":["Calculated Gamble+1","Prepared+1","Backflip"],"picked":"SKIP","floor":35},{"not_picked":["Backflip","Cloak And Dagger"],"picked":"Caltrops+1","floor":36},{"not_picked":["Cloak And Dagger+1","Eviscerate"],"picked":"Crippling Poison+1","floor":37},{"not_picked":["Crippling Poison","Deflect","Sucker Punch+1"],"picked":"SKIP","floor":39},{"not_picked":["Blade Dance","Deadly Poison"],"picked":"Heel Hook","floor":41},{"not_picked":["Underhanded Strike","Endless Agony","Deadly Poison"],"picked":"SKIP","floor":45}],"player_experience":244810,"relics_obtained":[{"floor":9,"key":"Whetstone"},{"floor":26,"key":"Dodecahedron"},{"floor":41,"key":"Bronze Scales"},{"floor":43,"key":"Bottled Lightning"}],"event_choices":[{"cards_removed":["Defend_G"],"damage_healed":0,"gold_gain":0,"player_choice":"Card Removal","damage_taken":7,"max_hp_gain":0,"max_hp_loss":0,"event_name":"Golden Wing","floor":2,"gold_loss":0},{"damage_healed":0,"gold_gain":0,"player_choice":"Upgraded","damage_taken":0,"max_hp_gain":0,"max_hp_loss":0,"event_name":"Upgrade Shrine","floor":4,"gold_loss":0,"cards_upgraded":["Dash"]},{"damage_healed":0,"gold_gain":0,"player_choice":"Trade","damage_taken":0,"relics_obtained":["SsserpentHead"],"max_hp_gain":0,"max_hp_loss":0,"event_name":"FaceTrader","floor":13,"gold_loss":0},{"damage_healed":0,"gold_gain":0,"player_choice":"Ignored","damage_taken":0,"max_hp_gain":0,"max_hp_loss":0,"event_name":"Golden Shrine","floor":20,"gold_loss":0},{"damage_healed":0,"gold_gain":0,"player_choice":"Max HP","damage_taken":0,"max_hp_gain":0,"max_hp_loss":3,"event_name":"Winding Halls","floor":38,"gold_loss":0},{"cards_removed":["Caltrops"],"damage_healed":0,"gold_gain":0,"player_choice":"Removed Power","damage_taken":0,"max_hp_gain":0,"max_hp_loss":0,"event_name":"Falling","floor":47,"gold_loss":0},{"damage_healed":0,"gold_gain":0,"player_choice":"Ignored","damage_taken":0,"max_hp_gain":0,"max_hp_loss":0,"event_name":"Mysterious Sphere","floor":48,"gold_loss":0}],"is_beta":false,"boss_relics":[{"not_picked":["Orrery","Runic Dome"],"picked":"Ectoplasm"},{"not_picked":["Fusion Hammer","Sozu"],"picked":"Empty Cage"}],"items_purged_floors":[3,11,19],"is_endless":false,"potions_floor_spawned":[1,7,8,21,24,29,33,41,45],"ascension_level":1}