{"gold_per_floor":[115,190,210,110,110,139,139,152,177,209,237,260,272,318,330,446,458,483,595,624,1,17,17,37,37,113,113,126,152,152,0,0,0],"floor_reached":33,"playtime":3229,"items_purged":["Strike_R"],"score":316,"play_id":"166656e7-da62-4bf2-93ed-451e1aa5c7ea","local_time":"20190331223205","is_ascension_mode":true,"campfire_choices":[{"floor":7,"key":"REST"},{"floor":13,"key":"REST"},{"floor":15,"key":"REST"},{"floor":23,"key":"RECALL"},{"floor":27,"key":"REST"},{"floor":30,"key":"REST"},{"data":"Corruption","floor":32,"key":"SMITH"}],"neow_cost":"PERCENT_DAMAGE","seed_source_timestamp":118406013318400,"circlet_count":0,"master_deck":["Strike_R","Strike_R","Strike_R","Defend_R","Defend_R","Defend_R","Bash","Inflame","Headbutt+1","Pommel Strike+1","Double Tap","Dual Wield","Shrug It Off","Limit Break","Feed","Spot Weakness","Infernal Blade","Corruption+1"],"relics":["Burning Blood","Anchor","Magic Flower","MawBank","Whetstone","Lizard Tail","Incense Burner","Molten Egg 2","Lee\u0027s Waffle","Happy Flower","Boot","MutagenicStrength","Regal Pillow"],"potions_floor_usage":[6,14,16,16,19,22,24,24,29,33],"damage_taken":[{"damage":1,"enemies":"2 Louse","floor":1,"turns":3},{"damage":12,"enemies":"Small Slimes","floor":3,"turns":3},{"damage":26,"enemies":"Lagavulin","floor":6,"turns":5},{"damage":0,"enemies":"Jaw Worm","floor":8,"turns":3},{"damage":21,"enemies":"Exordium Thugs","floor":10,"turns":5},{"damage":16,"enemies":"3 Louse","floor":11,"turns":4},{"damage":21,"enemies":"Exordium Wildlife","floor":12,"turns":6},{"damage":30,"enemies":"Gremlin Nob","floor":14,"turns":4},{"damage":30,"enemies":"Slime Boss","floor":16,"turns":6},{"damage":28,"enemies":"3 Byrds","floor":18,"turns":7},{"damage":40,"enemies":"Colosseum Slavers","floor":19,"turns":4},{"damage":51,"enemies":"Colosseum Nobs","floor":19,"turns":6},{"damage":0,"enemies":"Chosen","floor":20,"turns":3},{"damage":51,"enemies":"3 Cultists","floor":22,"turns":7},{"damage":21,"enemies":"Snecko","floor":24,"turns":6},{"damage":21,"enemies":"Shelled Parasite and Fungi","floor":28,"turns":5},{"damage":50,"enemies":"Book of Stabbing","floor":29,"turns":6},{"damage":96,"enemies":"Automaton","floor":33,"turns":8}],"seed_played":"-4106392068168626558","potions_obtained":[{"floor":1,"key":"Poison Potion"},{"floor":11,"key":"Swift Potion"},{"floor":12,"key":"SneckoOil"},{"floor":14,"key":"BloodPotion"},{"floor":18,"key":"PowerPotion"},{"floor":19,"key":"Ancient Potion"},{"floor":22,"key":"Regen Potion"},{"floor":28,"key":"Strength Potion"},{"floor":29,"key":"Energy Potion"}],"is_trial":false,"path_per_floor":["M","?","M","$","?","E","R","M","T","M","M","M","R","E","R","B",null,"M","?","M","$","M","R","M","?","T","R","M","E","R","?","R","B"],"character_chosen":"IRONCLAD","items_purchased":["Pommel Strike","Lee\u0027s Waffle","Happy Flower","Boot","Corruption","Poison Potion"],"campfire_rested":5,"item_purchase_floors":[4,21,21,21,21,21],"current_hp_per_floor":[61,50,44,44,37,17,41,50,50,38,31,19,43,22,46,37,80,66,64,73,90,53,53,65,65,65,92,85,44,87,87,87,0],"gold":0,"neow_bonus":"REMOVE_TWO","is_prod":false,"is_daily":false,"chose_seed":false,"campfire_upgraded":1,"win_rate":0,"timestamp":1554096725,"path_taken":["M","?","M","$","?","E","R","M","T","M","M","M","R","E","R","BOSS","M","?","M","$","M","R","M","?","T","R","M","E","R","?","R","BOSS"],"build_version":"2019-01-23","purchased_purges":1,"victory":false,"max_hp_per_floor":[80,80,80,80,80,80,80,80,80,80,80,80,80,80,80,80,80,83,83,83,90,93,93,93,93,93,93,96,96,96,96,96,96],"card_choices":[{"not_picked":["Warcry","Clothesline"],"picked":"Inflame","floor":1},{"not_picked":["Armaments","Twin Strike"],"picked":"Headbutt","floor":3},{"not_picked":["Armaments","Havoc"],"picked":"Double Tap","floor":6},{"not_picked":["Perfected Strike","Thunderclap"],"picked":"Dual Wield","floor":8},{"not_picked":["Iron Wave","Thunderclap"],"picked":"Shrug It Off","floor":10},{"not_picked":["Iron Wave","Clash"],"picked":"Limit Break","floor":11},{"not_picked":["Headbutt","Iron Wave","Seeing Red"],"picked":"SKIP","floor":12},{"not_picked":["Havoc","Anger","Carnage"],"picked":"SKIP","floor":14},{"not_picked":["Offering","Limit Break"],"picked":"Feed","floor":16},{"not_picked":["Dropkick","Clothesline"],"picked":"Spot Weakness","floor":18},{"not_picked":["Clothesline+1","Ghostly Armor"],"picked":"Infernal Blade","floor":19},{"not_picked":["Wild Strike+1","Hemokinesis+1","Sentinel+1"],"picked":"SKIP","floor":20},{"not_picked":["Warcry+1","Thunderclap+1","Headbutt+1"],"picked":"SKIP","floor":22},{"not_picked":["Perfected Strike+1","Twin Strike+1","Limit Break"],"picked":"SKIP","floor":24},{"not_picked":["Iron Wave+1","Wild Strike+1","Carnage+1"],"picked":"SKIP","floor":28},{"not_picked":["Cleave+1","Combust","Dual Wield"],"picked":"SKIP","floor":29}],"player_experience":398136,"relics_obtained":[{"floor":6,"key":"Magic Flower"},{"floor":9,"key":"MawBank"},{"floor":14,"key":"Whetstone"},{"floor":19,"key":"Incense Burner"},{"floor":19,"key":"Molten Egg 2"},{"floor":29,"key":"Regal Pillow"}],"event_choices":[{"damage_healed":0,"gold_gain":75,"player_choice":"Gather Gold","damage_taken":11,"max_hp_gain":0,"max_hp_loss":0,"event_name":"World of Goop","floor":2,"gold_loss":0},{"damage_healed":0,"gold_gain":0,"player_choice":"Success","damage_taken":7,"relics_obtained":["Anchor"],"max_hp_gain":0,"max_hp_loss":0,"event_name":"Scrap Ooze","floor":5,"gold_loss":0},{"damage_healed":0,"gold_gain":0,"player_choice":"Fight","damage_taken":0,"max_hp_gain":0,"max_hp_loss":0,"event_name":"Colosseum","floor":19,"gold_loss":0},{"damage_healed":0,"gold_gain":0,"player_choice":"Fought Nobs","damage_taken":0,"max_hp_gain":0,"max_hp_loss":0,"event_name":"Colosseum","floor":19,"gold_loss":0},{"damage_healed":0,"gold_gain":0,"player_choice":"Inject Mutagens","damage_taken":0,"relics_obtained":["MutagenicStrength"],"max_hp_gain":0,"max_hp_loss":0,"event_name":"Drug Dealer","floor":25,"gold_loss":0},{"damage_healed":0,"gold_gain":0,"player_choice":"Paid Fearfully","damage_taken":0,"max_hp_gain":0,"max_hp_loss":0,"event_name":"Masked Bandits","floor":31,"gold_loss":152}],"is_beta":false,"boss_relics":[{"not_picked":["Coffee Dripper","Runic Dome"],"picked":"Lizard Tail"}],"items_purged_floors":[4],"is_endless":false,"potions_floor_spawned":[1,11,12,14,18,19,22,28,29],"killed_by":"Automaton","ascension_level":1}