{"gold_per_floor":[118,118,268,343,343,370,209,244,292,292,292,349,360,374,374,448,448,461,476,450,470,428,428,428],"floor_reached":24,"playtime":1016,"items_purged":[],"score":479,"play_id":"b12f46fd-7a0f-48a0-8724-e9d96aa5e452","local_time":"20190307160807","is_ascension_mode":true,"campfire_choices":[{"data":"Armaments","floor":10,"key":"SMITH"},{"floor":15,"key":"REST"},{"floor":23,"key":"REST"}],"neow_cost":"NONE","seed_source_timestamp":98409012435967,"circlet_count":0,"master_deck":["AscendersBane","Strike_R","Strike_R+1","Strike_R","Strike_R+1","Defend_R","Defend_R","Defend_R","Defend_R","Bash","Flame Barrier","Entrench","Doubt","Seeing Red","Corruption","Rampage","Armaments+1","Disarm","Dark Embrace","Clothesline","Barricade","Shrug It Off","Uppercut","Feel No Pain","Body Slam+1"],"relics":["Burning Blood","NeowsBlessing","Omamori","Singing Bowl","Juzu Bracelet","Whetstone","Dream Catcher","Incense Burner","Lizard Tail"],"potions_floor_usage":[12,16,16,24],"damage_taken":[{"damage":0,"enemies":"Jaw Worm","floor":1,"turns":1},{"damage":0,"enemies":"Gremlin Nob","floor":6,"turns":1},{"damage":0,"enemies":"Lagavulin","floor":8,"turns":1},{"damage":49,"enemies":"Gremlin Nob","floor":12,"turns":6},{"damage":0,"enemies":"2 Louse","floor":13,"turns":2},{"damage":4,"enemies":"Cultist","floor":14,"turns":4},{"damage":41,"enemies":"Slime Boss","floor":16,"turns":13},{"damage":24,"enemies":"Chosen","floor":18,"turns":9},{"damage":75,"enemies":"3 Byrds","floor":19,"turns":6},{"damage":12,"enemies":"Snake Plant","floor":21,"turns":7},{"damage":46,"enemies":"Book of Stabbing","floor":24,"turns":8}],"seed_played":"-7254707673386198428","potions_obtained":[{"floor":1,"key":"Block Potion"},{"floor":12,"key":"Energy Potion"},{"floor":13,"key":"Dexterity Potion"},{"floor":21,"key":"Weak Potion"}],"is_trial":false,"path_per_floor":["M","?","?","?","T","E","$","E","T","R","?","?","M","M","R","B",null,"M","M","$","M","$","R","E"],"character_chosen":"IRONCLAD","items_purchased":["Corruption","Rampage","Shrug It Off","Feel No Pain"],"campfire_rested":2,"item_purchase_floors":[7,7,20,22],"current_hp_per_floor":[74,74,74,63,63,69,69,75,75,75,70,27,35,37,60,25,64,48,27,27,21,21,45,0],"gold":428,"neow_bonus":"THREE_ENEMY_KILL","is_prod":false,"is_daily":false,"chose_seed":false,"campfire_upgraded":1,"win_rate":0,"timestamp":1551935287,"path_taken":["M","?","?","?","?","E","?","E","T","R","?","?","M","M","R","BOSS","M","M","$","M","$","R","E"],"build_version":"2019-01-23","purchased_purges":0,"victory":false,"max_hp_per_floor":[75,75,75,75,75,75,75,75,75,75,75,75,77,77,77,77,77,79,81,81,81,81,81,81],"card_choices":[{"not_picked":["Heavy Blade","Warcry"],"picked":"Flame Barrier","floor":1},{"not_picked":["Perfected Strike","Clash"],"picked":"Seeing Red","floor":6},{"not_picked":["Spot Weakness","Headbutt"],"picked":"Armaments","floor":8},{"not_picked":["Anger","Iron Wave"],"picked":"Disarm","floor":12},{"not_picked":["Hemokinesis","Battle Trance","Burning Pact"],"picked":"Singing Bowl","floor":13},{"not_picked":["Perfected Strike","Pummel"],"picked":"Dark Embrace","floor":14},{"not_picked":["Iron Wave","Perfected Strike"],"picked":"Clothesline","floor":15},{"not_picked":["Bludgeon","Limit Break"],"picked":"Barricade","floor":16},{"not_picked":["Twin Strike","Bloodletting","Perfected Strike"],"picked":"Singing Bowl","floor":18},{"not_picked":["Twin Strike","Rampage","Thunderclap"],"picked":"Singing Bowl","floor":19},{"not_picked":["Havoc","Twin Strike"],"picked":"Uppercut","floor":21},{"not_picked":["Sword Boomerang","Warcry"],"picked":"Body Slam+1","floor":23}],"player_experience":823878,"relics_obtained":[{"floor":5,"key":"Omamori"},{"floor":6,"key":"Singing Bowl"},{"floor":8,"key":"Juzu Bracelet"},{"floor":9,"key":"Whetstone"},{"floor":12,"key":"Incense Burner"}],"event_choices":[{"damage_healed":0,"gold_gain":0,"cards_transformed":["Strike_R"],"player_choice":"Change","damage_taken":0,"max_hp_gain":0,"max_hp_loss":0,"event_name":"Living Wall","floor":2,"gold_loss":0,"cards_obtained":["Entrench"]},{"damage_healed":0,"gold_gain":150,"player_choice":"AGREE","damage_taken":0,"max_hp_gain":0,"max_hp_loss":0,"event_name":"Liars Game","floor":3,"gold_loss":0,"cards_obtained":["Doubt"]},{"damage_healed":0,"gold_gain":75,"player_choice":"Gather Gold","damage_taken":11,"max_hp_gain":0,"max_hp_loss":0,"event_name":"World of Goop","floor":4,"gold_loss":0},{"damage_healed":0,"gold_gain":0,"player_choice":"Success","damage_taken":5,"relics_obtained":["Dream Catcher"],"max_hp_gain":0,"max_hp_loss":0,"event_name":"Scrap Ooze","floor":11,"gold_loss":0},{"damage_healed":0,"gold_gain":0,"player_choice":"Searched \u00271\u0027 times","damage_taken":0,"max_hp_gain":0,"max_hp_loss":0,"event_name":"Dead Adventurer","floor":12,"gold_loss":0}],"is_beta":false,"boss_relics":[{"not_picked":["Black Blood","Philosopher\u0027s Stone"],"picked":"Lizard Tail"}],"items_purged_floors":[],"is_endless":false,"potions_floor_spawned":[1,12,13,21],"killed_by":"Book of Stabbing","ascension_level":18}