{"gold_per_floor":[17,17,36,48,65,65,65,76,76,76],"floor_reached":10,"playtime":377,"items_purged":[],"score":120,"play_id":"3da8ea22-88e4-4cc8-a815-5f0cb8eec20b","local_time":"20190809143951","is_ascension_mode":true,"campfire_choices":[{"data":"Acrobatics","floor":6,"key":"SMITH"}],"neow_cost":"NO_GOLD","seed_source_timestamp":6175943938828,"circlet_count":0,"master_deck":["AscendersBane","Strike_G","Strike_G","Defend_G","Defend_G","Defend_G","Defend_G","Defend_G","Survivor","Neutralize","Concentrate","Quick Slash","Acrobatics+1","PiercingWail","Deadly Poison"],"special_seed":0,"relics":["Ring of the Snake","Mummified Hand"],"potions_floor_usage":[10],"damage_taken":[{"damage":7.0,"enemies":"Jaw Worm","floor":1.0,"turns":9.0},{"damage":3,"enemies":"Cultist","floor":3,"turns":4},{"damage":5,"enemies":"Small Slimes","floor":4,"turns":3},{"damage":1,"enemies":"Blue Slaver","floor":5,"turns":5},{"damage":0,"enemies":"Red Slaver","floor":8,"turns":4},{"damage":30,"enemies":"Gremlin Gang","floor":10,"turns":4}],"seed_played":"-4461906751169407797","potions_obtained":[{"floor":3,"key":"Weak Potion"},{"floor":8,"key":"GamblersBrew"}],"is_trial":false,"path_per_floor":["M","?","M","M","M","R","$","M","T","M"],"character_chosen":"THE_SILENT","items_purchased":[],"campfire_rested":0,"item_purchase_floors":[],"current_hp_per_floor":[52,52,49,44,43,43,43,43,43,13],"gold":76,"neow_bonus":"TRANSFORM_TWO_CARDS","is_prod":false,"is_daily":false,"chose_seed":false,"campfire_upgraded":1,"win_rate":0,"timestamp":1565332791,"path_taken":["M","?","M","?","M","R","$","?","T","M"],"build_version":"2019-07-17","purchased_purges":0,"victory":false,"max_hp_per_floor":[66,66,66,66,66,66,66,66,66,66],"card_choices":[{"not_picked":["Underhanded Strike","PiercingWail"],"picked":"Acrobatics","floor":1.0},{"not_picked":["Concentrate","Dagger Throw"],"picked":"Deadly Poison","floor":3},{"not_picked":["Deadly Poison","Acrobatics","Predator"],"picked":"SKIP","floor":4},{"not_picked":["Finisher","PiercingWail","Footwork"],"picked":"SKIP","floor":5},{"not_picked":["Quick Slash","Unload","Outmaneuver"],"picked":"SKIP","floor":8}],"player_experience":1164573,"relics_obtained":[{"floor":9,"key":"Mummified Hand"}],"event_choices":[{"damage_healed":0,"gold_gain":0,"cards_transformed":["Strike_G"],"player_choice":"Transformed","damage_taken":0,"max_hp_gain":0,"max_hp_loss":0,"event_name":"Transmorgrifier","floor":2,"gold_loss":0,"cards_obtained":["PiercingWail"]}],"is_beta":false,"boss_relics":[],"items_purged_floors":[],"is_endless":false,"potions_floor_spawned":[3,8],"killed_by":"Gremlin Gang","ascension_level":20}