{"gold_per_floor":[16,27,47,64,78,78,112,112,112,142,142,167,167,236,236,310,310,321,301,62,112,12,12,12],"floor_reached":24,"playtime":659,"items_purged":["Strike_R","Strike_R"],"score":482,"play_id":"4eb4b43d-b48f-435a-8d46-bf46e4c853b6","local_time":"20190520205150","is_ascension_mode":true,"campfire_choices":[{"data":"Demon Form","floor":6.0,"key":"SMITH"},{"floor":11.0,"key":"REST"},{"data":"Sword Boomerang","floor":13.0,"key":"SMITH"},{"data":"Limit Break","floor":15.0,"key":"SMITH"},{"data":"Feel No Pain","floor":23,"key":"SMITH"}],"neow_cost":"NO_GOLD","seed_source_timestamp":336747890854084,"circlet_count":0,"master_deck":["AscendersBane","Strike_R","Strike_R","Strike_R","Defend_R","Defend_R","Defend_R","Defend_R","Bash","Demon Form+1","Feel No Pain+1","Power Through","Sword Boomerang+1","Limit Break+1","Feel No Pain","Offering","Second Wind"],"special_seed":0,"relics":["Burning Blood","Letter Opener","SsserpentHead","Question Card","Darkstone Periapt","Centennial Puzzle","Coffee Dripper","Strawberry","Magic Flower"],"potions_floor_usage":[],"damage_taken":[{"damage":2.0,"enemies":"Cultist","floor":1.0,"turns":4.0},{"damage":7.0,"enemies":"2 Louse","floor":2.0,"turns":5.0},{"damage":6.0,"enemies":"Jaw Worm","floor":3.0,"turns":5.0},{"damage":30.0,"enemies":"Red Slaver","floor":4.0,"turns":5.0},{"damage":1.0,"enemies":"Looter","floor":5.0,"turns":4.0},{"damage":20.0,"enemies":"Gremlin Nob","floor":7.0,"turns":4.0},{"damage":18.0,"enemies":"3 Sentries","floor":10.0,"turns":7.0},{"damage":0.0,"enemies":"Lagavulin","floor":12.0,"turns":4.0},{"damage":8.0,"enemies":"Blue Slaver","floor":14.0,"turns":3.0},{"damage":47.0,"enemies":"The Guardian","floor":16.0,"turns":8.0},{"damage":45.0,"enemies":"Shell Parasite","floor":18.0,"turns":6.0},{"damage":12.0,"enemies":"2 Thieves","floor":19.0,"turns":4.0},{"damage":34,"enemies":"Slavers","floor":24,"turns":1}],"seed_played":"-8633309013361848894","potions_obtained":[{"floor":1.0,"key":"Block Potion"},{"floor":2.0,"key":"Regen Potion"},{"floor":5.0,"key":"Block Potion"},{"floor":16.0,"key":"FearPotion"}],"is_trial":false,"path_per_floor":["M","M","M","M","M","R","E","?","T","E","R","E","R","M","R","B",null,"M","M","$","T","$","R","E"],"character_chosen":"IRONCLAD","items_purchased":["Strawberry"],"campfire_rested":1,"item_purchase_floors":[20],"current_hp_per_floor":[72,71,75,51,56,56,42,42,42,30,52,58,58,56,56,15,60,21,15,22,22,22,22,0],"gold":12,"neow_bonus":"THREE_RARE_CARDS","is_prod":false,"is_daily":false,"chose_seed":false,"campfire_upgraded":4,"win_rate":0,"timestamp":1558356710,"path_taken":["M","M","?","M","M","R","E","?","T","E","R","E","R","?","R","BOSS","M","M","$","?","$","R","E"],"build_version":"2019-01-23","purchased_purges":2,"victory":false,"max_hp_per_floor":[75,75,75,75,75,75,75,75,75,75,75,75,75,75,75,75,75,75,75,82,82,82,82,82],"card_choices":[{"not_picked":["Reaper","Bludgeon"],"picked":"Demon Form","floor":0.0},{"not_picked":["Body Slam","Flex"],"picked":"Feel No Pain","floor":1.0},{"not_picked":["True Grit","Warcry"],"picked":"Power Through","floor":2.0},{"not_picked":["Iron Wave","Havoc"],"picked":"Sword Boomerang","floor":3.0},{"not_picked":["Pommel Strike","Dual Wield","Anger"],"picked":"SKIP","floor":4.0},{"not_picked":["Clash","Hemokinesis","Thunderclap"],"picked":"SKIP","floor":5.0},{"not_picked":["Whirlwind","Clash"],"picked":"Limit Break","floor":7.0},{"not_picked":["Fire Breathing","Armaments","Perfected Strike","Power Through"],"picked":"SKIP","floor":10.0},{"not_picked":["Iron Wave","Intimidate","Spot Weakness","Havoc"],"picked":"SKIP","floor":12.0},{"not_picked":["Battle Trance","Clothesline","Wild Strike"],"picked":"Feel No Pain","floor":14.0},{"not_picked":["Impervious","Feed","Double Tap"],"picked":"Offering","floor":16.0},{"not_picked":["Warcry+1","Body Slam","Sever Soul"],"picked":"Second Wind","floor":18.0},{"not_picked":["Havoc","Heavy Blade","Wild Strike","Clothesline"],"picked":"SKIP","floor":19.0}],"player_experience":910593,"relics_obtained":[{"floor":7.0,"key":"Letter Opener"},{"floor":9.0,"key":"Question Card"},{"floor":10.0,"key":"Darkstone Periapt"},{"floor":12.0,"key":"Centennial Puzzle"},{"floor":21,"key":"Magic Flower"}],"event_choices":[{"damage_healed":0.0,"max_hp_gain":0.0,"max_hp_loss":0.0,"gold_gain":0.0,"event_name":"FaceTrader","player_choice":"Trade","floor":8.0,"gold_loss":0.0,"damage_taken":0.0,"relics_obtained":["SsserpentHead"]}],"is_beta":false,"boss_relics":[{"not_picked":["Fusion Hammer","Runic Cube"],"picked":"Coffee Dripper"}],"items_purged_floors":[20,22],"is_endless":false,"potions_floor_spawned":[1,2,5,16],"killed_by":"Slavers","ascension_level":20}