{"gold_per_floor":[115,115,40,56,56,56,56,56,80,94,111,11,11,23,23,94,94,111,111,111,111],"floor_reached":21,"playtime":518,"items_purged":["Strike_G"],"score":334,"play_id":"33afcdd3-cc92-41d3-8a81-0237420d4247","local_time":"20190709100159","is_ascension_mode":true,"campfire_choices":[{"data":"Crippling Poison","floor":6.0,"key":"SMITH"},{"data":"Poisoned Stab","floor":8.0,"key":"SMITH"},{"data":"Neutralize","floor":13.0,"key":"SMITH"},{"data":"Acrobatics","floor":15.0,"key":"SMITH"}],"neow_cost":"NONE","seed_source_timestamp":64764836736516,"circlet_count":0,"master_deck":["AscendersBane","Strike_G","Strike_G","Defend_G","Defend_G","Defend_G","Defend_G","Defend_G","Survivor","Neutralize+1","Poisoned Stab+1","Crippling Poison+1","Acrobatics+1","Catalyst","Calculated Gamble","Well Laid Plans"],"special_seed":0,"relics":["Ring of the Snake","Orrery"],"potions_floor_usage":[],"damage_taken":[{"damage":4.0,"enemies":"Small Slimes","floor":1.0,"turns":4.0},{"damage":0.0,"enemies":"2 Louse","floor":4.0,"turns":3.0},{"damage":1.0,"enemies":"Jaw Worm","floor":10.0,"turns":3.0},{"damage":9.0,"enemies":"Exordium Thugs","floor":11.0,"turns":5.0},{"damage":1.0,"enemies":"2 Fungi Beasts","floor":14.0,"turns":4.0},{"damage":21.0,"enemies":"The Guardian","floor":16.0,"turns":13.0},{"damage":3.0,"enemies":"Spheric Guardian","floor":18.0,"turns":4.0},{"damage":0,"enemies":"2 Thieves","floor":21,"turns":1}],"seed_played":"8868825000695093879","potions_obtained":[{"floor":1.0,"key":"SteroidPotion"},{"floor":14.0,"key":"Dexterity Potion"},{"floor":16.0,"key":"GhostInAJar"}],"is_trial":false,"path_per_floor":["M","?","?","M","?","R","$","R","T","M","M","$","R","M","R","B",null,"M","?","?","M"],"character_chosen":"THE_SILENT","items_purchased":["Acrobatics"],"campfire_rested":0,"item_purchase_floors":[12],"current_hp_per_floor":[55,55,55,55,55,55,55,55,55,54,45,45,45,44,44,23,55,52,65,76,76],"gold":111,"neow_bonus":"THREE_CARDS","is_prod":false,"is_daily":false,"chose_seed":false,"campfire_upgraded":4,"win_rate":0,"timestamp":1562637719,"path_taken":["M","?","?","M","?","R","?","R","T","M","M","$","R","M","R","BOSS","M","?","?","M"],"build_version":"2019-07-05","purchased_purges":1,"victory":false,"max_hp_per_floor":[66,66,66,66,66,66,66,66,66,66,66,66,66,66,66,66,66,66,66,76,76],"card_choices":[{"not_picked":["Quick Slash","Blade Dance"],"picked":"Poisoned Stab","floor":0.0},{"not_picked":["Heel Hook","Flying Knee"],"picked":"Crippling Poison","floor":1.0},{"not_picked":["Poisoned Stab","Blade Dance","Bane"],"picked":"SKIP","floor":4.0},{"not_picked":["Dagger Spray","Dodge and Roll","All Out Attack"],"picked":"SKIP","floor":10.0},{"not_picked":["Dagger Spray","Unload","Blade Dance"],"picked":"SKIP","floor":11.0},{"not_picked":["All Out Attack","Prepared","Sucker Punch"],"picked":"SKIP","floor":14.0},{"not_picked":["Envenom","Tools of the Trade"],"picked":"Glass Knife","floor":16.0},{"not_picked":["PiercingWail","Glass Knife"],"picked":"Catalyst","floor":17.0},{"not_picked":["Sucker Punch","Accuracy"],"picked":"Calculated Gamble","floor":17.0},{"not_picked":["Dagger Spray","Catalyst"],"picked":"Well Laid Plans","floor":18.0}],"player_experience":1072344,"relics_obtained":[],"event_choices":[{"damage_healed":0.0,"max_hp_gain":0.0,"max_hp_loss":0.0,"gold_gain":0.0,"event_name":"Liars Game","player_choice":"Ignored","floor":2.0,"gold_loss":0.0,"damage_taken":0.0},{"cards_removed":["Strike_G"],"damage_healed":0.0,"max_hp_gain":0.0,"max_hp_loss":0.0,"gold_gain":0.0,"event_name":"The Cleric","player_choice":"Card Removal","floor":3.0,"gold_loss":75.0,"damage_taken":0.0},{"cards_removed":["Strike_G"],"damage_healed":0.0,"max_hp_gain":0.0,"max_hp_loss":0.0,"gold_gain":0.0,"event_name":"Living Wall","player_choice":"Forget","floor":5.0,"gold_loss":0.0,"damage_taken":0.0},{"damage_healed":13,"gold_gain":0,"player_choice":"Heal","damage_taken":0,"max_hp_gain":0,"max_hp_loss":0,"event_name":"The Library","floor":19,"gold_loss":0},{"cards_removed":["Glass Knife"],"damage_healed":1,"gold_gain":0,"player_choice":"Offered Rare","damage_taken":0,"max_hp_gain":10,"max_hp_loss":0,"event_name":"Bonfire Elementals","floor":20,"gold_loss":0}],"is_beta":false,"boss_relics":[{"not_picked":["Coffee Dripper","Ring of the Serpent"],"picked":"Orrery"}],"items_purged_floors":[12],"is_endless":false,"potions_floor_spawned":[1,14,16],"killed_by":"2 Thieves","ascension_level":20}