{"gold_per_floor":[14,32,49,65,84,109,126,155,155,174,209,209,219,236,236,337,337,352,18,31,31,31,31,64,79,79,94,123,143,143,163,163,265,265,281,281,326,339,357,383,383,416,440,471,471,471,496,496,496,496,496,496,87,116,116],"floor_reached":55,"playtime":4197,"items_purged":["Strike_R"],"score":1397,"play_id":"e4b8d091-8afc-4ba9-b076-2f58ec5cac92","local_time":"20190621185605","is_ascension_mode":true,"campfire_choices":[{"floor":15.0,"key":"REST"},{"data":"Armaments","floor":23.0,"key":"SMITH"},{"floor":30,"key":"REST"},{"floor":32,"key":"REST"},{"floor":41,"key":"REST"},{"floor":45,"key":"REST"},{"floor":49,"key":"RECALL"},{"floor":52,"key":"REST"}],"neow_cost":"NO_GOLD","seed_source_timestamp":0,"circlet_count":0,"master_deck":["AscendersBane","Strike_R+1","Strike_R+1","Strike_R+1","Strike_R+1","Defend_R+1","Defend_R+1","Defend_R+1","Defend_R+1","Bash","Battle Trance","Cleave","Pommel Strike","Spot Weakness","Clothesline","Ghostly Armor","Heavy Blade","Impervious","Ghostly Armor","Shockwave","True Grit","Flex","Demon Form","Armaments+1","Juggernaut","Rage","Twin Strike","Cleave","Juggernaut","Spot Weakness+1","Madness","Madness","Shrug It Off","Inflame+1","Dual Wield+1","Disarm+1","Dark Shackles+1","Sword Boomerang","Shrug It Off+1","Flex+1"],"special_seed":0,"relics":["Burning Blood","Gremlin Horn","Bag of Preparation","Kunai","Bronze Scales","Busted Crown","Self Forming Clay","Centennial Puzzle","Strawberry","Thread and Needle","Black Star","Incense Burner","Dodecahedron","Juzu Bracelet","Singing Bowl","Du-Vu Doll","Blue Candle","Bag of Marbles","Art of War","Toxic Egg 2","Happy Flower","Vajra","Bottled Flame"],"potions_floor_usage":[24,28,29,40,42,44,50,55,55],"damage_taken":[{"damage":3.0,"enemies":"Small Slimes","floor":1.0,"turns":4.0},{"damage":5.0,"enemies":"Cultist","floor":2.0,"turns":4.0},{"damage":16.0,"enemies":"Jaw Worm","floor":3.0,"turns":4.0},{"damage":11.0,"enemies":"Blue Slaver","floor":4.0,"turns":3.0},{"damage":1.0,"enemies":"2 Fungi Beasts","floor":5.0,"turns":3.0},{"damage":51.0,"enemies":"Lagavulin","floor":6.0,"turns":8.0},{"damage":11.0,"enemies":"Looter","floor":7.0,"turns":5.0},{"damage":20.0,"enemies":"3 Sentries","floor":8.0,"turns":5.0},{"damage":10.0,"enemies":"Red Slaver","floor":10.0,"turns":4.0},{"damage":10.0,"enemies":"Gremlin Nob","floor":11.0,"turns":5.0},{"damage":3.0,"enemies":"Large Slime","floor":13.0,"turns":9.0},{"damage":2.0,"enemies":"3 Louse","floor":14.0,"turns":3.0},{"damage":45.0,"enemies":"Hexaghost","floor":16.0,"turns":11.0},{"damage":18.0,"enemies":"2 Thieves","floor":18.0,"turns":3.0},{"damage":17.0,"enemies":"Spheric Guardian","floor":20.0,"turns":4.0},{"damage":8,"enemies":"Gremlin Leader","floor":24,"turns":5},{"damage":24,"enemies":"Centurion and Healer","floor":25,"turns":7},{"damage":13,"enemies":"Shelled Parasite and Fungi","floor":27,"turns":9},{"damage":24,"enemies":"Slavers","floor":28,"turns":4},{"damage":4,"enemies":"Snake Plant","floor":29,"turns":4},{"damage":13,"enemies":"Centurion and Healer","floor":31,"turns":5},{"damage":56,"enemies":"Automaton","floor":33,"turns":10},{"damage":32,"enemies":"3 Darklings","floor":35,"turns":5},{"damage":17,"enemies":"2 Orb Walkers","floor":37,"turns":5},{"damage":0,"enemies":"Orb Walker","floor":38,"turns":4},{"damage":10,"enemies":"3 Darklings","floor":39,"turns":4},{"damage":11,"enemies":"Reptomancer","floor":40,"turns":6},{"damage":51,"enemies":"Nemesis","floor":42,"turns":9},{"damage":6,"enemies":"Reptomancer","floor":44,"turns":5},{"damage":42,"enemies":"Giant Head","floor":47,"turns":6},{"damage":36,"enemies":"Awakened One","floor":50,"turns":11},{"damage":95,"enemies":"Shield and Spear","floor":54,"turns":8},{"damage":116,"enemies":"The Heart","floor":55,"turns":8}],"seed_played":"8625690283404196445","potions_obtained":[{"floor":4.0,"key":"Fire Potion"},{"floor":6.0,"key":"PowerPotion"},{"floor":8.0,"key":"SkillPotion"},{"floor":10.0,"key":"SkillPotion"},{"floor":12.0,"key":"Fruit Juice"},{"floor":12.0,"key":"Block Potion"},{"floor":12.0,"key":"Ancient Potion"},{"floor":13.0,"key":"AttackPotion"},{"floor":18.0,"key":"AttackPotion"},{"floor":24,"key":"SkillPotion"},{"floor":27,"key":"EssenceOfSteel"},{"floor":31,"key":"Fire Potion"},{"floor":37,"key":"Regen Potion"},{"floor":40,"key":"Energy Potion"},{"floor":47,"key":"Regen Potion"}],"is_trial":false,"path_per_floor":["M","M","M","M","M","E","M","E","T","M","E","?","M","M","R","B",null,"M","$","M","?","?","R","E","M","T","M","E","M","R","M","R","B",null,"M","?","?","M","M","E","R","E","T","E","R","?","E","?","R","B",null,"R","$","E","B"],"character_chosen":"IRONCLAD","items_purchased":["Self Forming Clay","Happy Flower","Dark Shackles+1","Sword Boomerang","Shrug It Off+1","PowerPotion","Swift Potion"],"campfire_rested":6,"item_purchase_floors":[19,53,53,53,53,53,53],"current_hp_per_floor":[78,82,75,73,81,39,34,23,23,22,21,26,29,36,70,31,94,85,85,77,77,77,77,79,61,68,65,50,56,98,94,137,87,131,105,87,79,85,81,76,120,77,77,89,134,161,125,125,125,110,148,161,161,72,0],"gold":116,"neow_bonus":"THREE_RARE_CARDS","is_prod":false,"is_daily":false,"chose_seed":false,"campfire_upgraded":1,"win_rate":0,"timestamp":1561157765,"path_taken":["M","M","M","M","M","E","M","E","T","M","E","?","M","M","R","BOSS","M","$","?","?","?","R","E","M","T","M","E","M","R","M","R","BOSS","M","?","?","M","M","E","R","E","T","E","R","?","E","?","R","BOSS","R","$","E","BOSS"],"build_version":"2019-01-23","purchased_purges":1,"victory":false,"max_hp_per_floor":[83,86,89,92,95,98,98,101,101,104,107,112,112,115,115,115,115,118,118,121,121,121,121,125,125,132,136,139,143,143,146,146,146,146,146,146,149,149,149,149,149,151,151,151,151,161,161,161,161,161,161,161,161,161,161],"card_choices":[{"not_picked":["Offering","Fiend Fire"],"picked":"Feed","floor":0.0},{"not_picked":["Headbutt","Iron Wave"],"picked":"Battle Trance","floor":1.0},{"not_picked":["Iron Wave","Sword Boomerang"],"picked":"Cleave","floor":2.0},{"not_picked":["Dropkick","Limit Break"],"picked":"Pommel Strike","floor":3.0},{"not_picked":["Dual Wield","Feel No Pain"],"picked":"Spot Weakness","floor":4.0},{"not_picked":["Sword Boomerang","Havoc"],"picked":"Clothesline","floor":5.0},{"not_picked":["Shrug It Off","Rampage"],"picked":"Ghostly Armor","floor":6.0},{"not_picked":["Second Wind","Infernal Blade"],"picked":"Heavy Blade","floor":7.0},{"not_picked":["Entrench","Clash"],"picked":"Impervious","floor":8.0},{"not_picked":["Clothesline","Rage"],"picked":"Ghostly Armor","floor":10.0},{"not_picked":["Havoc","Clash"],"picked":"Shockwave","floor":11.0},{"not_picked":["Cleave","Flex"],"picked":"True Grit","floor":13.0},{"not_picked":["Cleave","Twin Strike"],"picked":"Flex","floor":14.0},{"not_picked":["Limit Break","Fiend Fire"],"picked":"Demon Form","floor":16.0},{"not_picked":["Clash"],"picked":"SKIP","floor":18.0},{"not_picked":["Infernal Blade"],"picked":"SKIP","floor":20.0},{"not_picked":[],"picked":"Juggernaut","floor":24},{"not_picked":[],"picked":"Rage","floor":25},{"not_picked":["Second Wind"],"picked":"SKIP","floor":27},{"not_picked":[],"picked":"Twin Strike","floor":28},{"not_picked":[],"picked":"Cleave","floor":29},{"not_picked":["Dropkick"],"picked":"SKIP","floor":31},{"not_picked":[],"picked":"Juggernaut","floor":33},{"not_picked":[],"picked":"Spot Weakness+1","floor":35},{"not_picked":[],"picked":"Shrug It Off","floor":37},{"not_picked":["True Grit"],"picked":"SKIP","floor":38},{"not_picked":[],"picked":"Inflame+1","floor":39},{"not_picked":["Anger+1"],"picked":"SKIP","floor":40},{"not_picked":["Havoc"],"picked":"Singing Bowl","floor":42},{"not_picked":[],"picked":"Dual Wield+1","floor":44},{"not_picked":[],"picked":"Disarm","floor":47},{"not_picked":[],"picked":"Flex+1","floor":54}],"player_experience":310654,"relics_obtained":[{"floor":6.0,"key":"Gremlin Horn"},{"floor":8.0,"key":"Bag of Preparation"},{"floor":9.0,"key":"Kunai"},{"floor":11.0,"key":"Bronze Scales"},{"floor":24,"key":"Centennial Puzzle"},{"floor":26,"key":"Strawberry"},{"floor":28,"key":"Thread and Needle"},{"floor":37,"key":"Incense Burner"},{"floor":40,"key":"Dodecahedron"},{"floor":40,"key":"Juzu Bracelet"},{"floor":42,"key":"Singing Bowl"},{"floor":42,"key":"Du-Vu Doll"},{"floor":44,"key":"Blue Candle"},{"floor":44,"key":"Bag of Marbles"},{"floor":47,"key":"Art of War"},{"floor":47,"key":"Toxic Egg 2"},{"floor":54,"key":"Vajra"},{"floor":54,"key":"Bottled Flame"}],"event_choices":[{"damage_healed":0.0,"max_hp_gain":0.0,"max_hp_loss":0.0,"gold_gain":0.0,"event_name":"Lab","player_choice":"Got Potions","floor":12.0,"gold_loss":0.0,"damage_taken":0.0},{"damage_healed":0.0,"max_hp_gain":0.0,"max_hp_loss":0.0,"gold_gain":0.0,"event_name":"The Library","player_choice":"Read","floor":21.0,"gold_loss":0.0,"damage_taken":0.0,"cards_obtained":["Armaments"]},{"damage_healed":0.0,"max_hp_gain":0.0,"max_hp_loss":0.0,"gold_gain":0.0,"event_name":"Back to Basics","player_choice":"Simplicity","floor":22.0,"gold_loss":0.0,"damage_taken":0.0,"cards_upgraded":["Strike_R","Strike_R","Strike_R","Strike_R","Defend_R","Defend_R","Defend_R","Defend_R"]},{"damage_healed":0,"gold_gain":0,"player_choice":"Embrace Madness","damage_taken":18,"max_hp_gain":0,"max_hp_loss":0,"event_name":"Winding Halls","floor":36,"gold_loss":0,"cards_obtained":["Madness","Madness"]},{"damage_healed":0,"gold_gain":0,"player_choice":"Fight","damage_taken":0,"max_hp_gain":0,"max_hp_loss":0,"event_name":"Mysterious Sphere","floor":37,"gold_loss":0},{"cards_removed":["Feed"],"damage_healed":17,"gold_gain":0,"player_choice":"Offered Rare","damage_taken":0,"max_hp_gain":10,"max_hp_loss":0,"event_name":"Bonfire Elementals","floor":46,"gold_loss":0},{"damage_healed":0,"gold_gain":0,"player_choice":"Ignored","damage_taken":0,"max_hp_gain":0,"max_hp_loss":0,"event_name":"Tomb of Lord Red Mask","floor":48,"gold_loss":0}],"is_beta":false,"boss_relics":[{"not_picked":["Velvet Choker","Calling Bell"],"picked":"Busted Crown"},{"not_picked":["Orrery","Astrolabe"],"picked":"Black Star"}],"items_purged_floors":[19],"is_endless":false,"potions_floor_spawned":[4,6,7,8,10,13,18,24,27,31,37,40,47],"killed_by":"The Heart","ascension_level":12}