{"gold_per_floor":[411,24,24,99,64,105,121,121,121,121,136,151,151,151,151,272,335,356,356,356,70,85,85,125,125,125,125,40,40,60,76,76,207,207,226,244,59,80,80,80,40,373,397,397,397,408,11,39,39,39],"floor_reached":51,"playtime":4381,"items_purged":["Strike_B"],"score":792,"play_id":"6f5ca0c5-dbcc-404c-9f8f-de36c0fcb259","local_time":"20190127013654","is_ascension_mode":true,"campfire_choices":[{"floor":8.0,"key":"REST"},{"data":"Sunder","floor":10.0,"key":"SMITH"},{"data":"Redo","floor":13.0,"key":"SMITH"},{"floor":15.0,"key":"REST"},{"floor":23.0,"key":"REST"},{"floor":25.0,"key":"REST"},{"floor":27.0,"key":"REST"},{"floor":32.0,"key":"REST"},{"floor":40.0,"key":"REST"},{"data":"Creative AI","floor":45.0,"key":"SMITH"},{"floor":49.0,"key":"REST"}],"neow_cost":"TEN_PERCENT_HP_LOSS","seed_source_timestamp":1273177709873,"circlet_count":0,"master_deck":["Defend_B","Defend_B","Defend_B","Zap","Dualcast","Sunder+1","Heatsinks","Sweeping Beam","Conserve Battery","Auto Shields+1","Loop","Redo+1","Conserve Battery","Amplify","BootSequence","Streamline","Creative AI+1","Aggregate","Leap","Steam+1","Double Energy","Coolheaded","Chill","Meteor Strike","Hologram+1","White Noise","Glacier","Self Repair+1","Defragment+1","White Noise","Capacitor+1","Gash","Cold Snap+1"],"special_seed":0,"relics":["Cracked Core","Old Coin","Cables","Art of War","Blood Vial","Tiny House","WingedGreaves","Mummified Hand","Kunai","Vajra","Frozen Egg 2","Lizard Tail","Juzu Bracelet","Pen Nib","Anchor","Sundial"],"potions_floor_usage":[50,50],"damage_taken":[{"damage":9.0,"enemies":"Jaw Worm","floor":1.0,"turns":3.0},{"damage":7.0,"enemies":"Gremlin Nob","floor":6.0,"turns":3.0},{"damage":5.0,"enemies":"Small Slimes","floor":7.0,"turns":2.0},{"damage":0.0,"enemies":"2 Louse","floor":11.0,"turns":2.0},{"damage":13.0,"enemies":"Exordium Thugs","floor":12.0,"turns":3.0},{"damage":26.0,"enemies":"The Guardian","floor":16.0,"turns":11.0},{"damage":22.0,"enemies":"3 Byrds","floor":18.0,"turns":5.0},{"damage":6.0,"enemies":"2 Thieves","floor":22.0,"turns":3.0},{"damage":60.0,"enemies":"Slavers","floor":24.0,"turns":7.0},{"damage":18.0,"enemies":"Colosseum Slavers","floor":29.0,"turns":5.0},{"damage":12.0,"enemies":"3 Cultists","floor":30.0,"turns":5.0},{"damage":4.0,"enemies":"Snecko","floor":31.0,"turns":5.0},{"damage":18.0,"enemies":"Champ","floor":33.0,"turns":15.0},{"damage":2.0,"enemies":"Orb Walker","floor":35.0,"turns":4.0},{"damage":2.0,"enemies":"3 Shapes","floor":36.0,"turns":7.0},{"damage":29.0,"enemies":"Spire Growth","floor":38.0,"turns":8.0},{"damage":23.0,"enemies":"Maw","floor":46.0,"turns":9.0},{"damage":27.0,"enemies":"Reptomancer","floor":48.0,"turns":8.0},{"damage":42,"enemies":"Time Eater","floor":50,"turns":25}],"seed_played":"3999294691480962957","potions_obtained":[{"floor":1.0,"key":"Fire Potion"},{"floor":11.0,"key":"Explosive Potion"},{"floor":12.0,"key":"SneckoOil"},{"floor":17.0,"key":"GamblersBrew"},{"floor":22.0,"key":"SpeedPotion"},{"floor":30.0,"key":"EssenceOfSteel"},{"floor":31.0,"key":"AttackPotion"},{"floor":33.0,"key":"EntropicBrew"},{"floor":35.0,"key":"SkillPotion"},{"floor":38.0,"key":"GamblersBrew"},{"floor":48.0,"key":"SkillPotion"}],"is_trial":false,"path_per_floor":["M","$","?","?","?","E","M","R","T","R","M","M","R","?","R","B",null,"M","?","T","$","M","R","E","R","T","R","?","?","M","M","R","B",null,"M","M","$","M","?","R","$","?","T","?","R","M","$","E","R","B",null],"character_chosen":"DEFECT","items_purchased":["Cables","Heatsinks","Sweeping Beam","Conserve Battery","Mummified Hand","Leap","Glacier","Juzu Bracelet","Defragment+1","Capacitor+1","Anchor","Gash","SkillPotion"],"campfire_rested":8,"item_purchase_floors":[2,2,2,2,21,21,37,37,41,47,47,47,47],"current_hp_per_floor":[59,59,42,31,48,41,36,56,56,56,58,47,47,47,67,42,73,51,51,51,51,47,68,10,31,31,52,52,36,26,24,45,29,73,71,71,71,44,44,65,65,65,65,65,65,54,54,39,60,30],"gold":39,"neow_bonus":"ONE_RARE_RELIC","is_prod":false,"is_daily":false,"chose_seed":false,"campfire_upgraded":3,"win_rate":0,"timestamp":1548513414,"path_taken":["M","$","?","?","?","E","M","R","T","R","M","?","R","?","R","BOSS","M","?","?","$","M","R","E","R","T","R","?","?","?","M","R","BOSS","M","M","$","M","?","R","$","?","T","?","R","M","$","E","R","BOSS"],"build_version":"2019-01-23","purchased_purges":1,"victory":true,"max_hp_per_floor":[68,68,68,68,68,68,68,68,68,68,68,68,68,68,68,68,73,73,73,73,73,73,73,73,73,73,73,73,73,73,73,73,73,73,73,73,73,73,73,73,73,73,73,73,73,73,73,73,73,73],"card_choices":[{"not_picked":["Rebound","Beam Cell"],"picked":"Sunder","floor":1.0},{"not_picked":["Sweeping Beam","Lockon"],"picked":"Auto Shields","floor":6.0},{"not_picked":["Beam Cell","Stack"],"picked":"Loop","floor":7.0},{"not_picked":["Steam Power","Ball Lightning"],"picked":"Redo","floor":11.0},{"not_picked":["Darkness","Static Discharge"],"picked":"Conserve Battery","floor":12.0},{"not_picked":["Reboot","Thunder Strike"],"picked":"Amplify","floor":16.0},{"not_picked":["Go for the Eyes","Stack"],"picked":"BootSequence","floor":17.0},{"not_picked":["Consume","Reinforced Body"],"picked":"Streamline","floor":18.0},{"not_picked":["Ball Lightning","Beam Cell"],"picked":"Steam+1","floor":22.0},{"not_picked":["Hyperbeam","Auto Shields"],"picked":"Double Energy","floor":24.0},{"not_picked":["Sweeping Beam","Conserve Battery"],"picked":"Coolheaded","floor":30.0},{"not_picked":["Reprogram","Leap"],"picked":"Chill","floor":31.0},{"not_picked":["Rainbow","Hyperbeam"],"picked":"Meteor Strike","floor":33.0},{"not_picked":["Doom and Gloom+1","Leap"],"picked":"Hologram+1","floor":35.0},{"not_picked":["Leap","Genetic Algorithm+1"],"picked":"White Noise","floor":36.0},{"not_picked":["Cold Snap","Undo"],"picked":"Self Repair+1","floor":38.0},{"not_picked":["Compile Driver+1","Sweeping Beam"],"picked":"White Noise","floor":46.0},{"not_picked":["Hyperbeam","Melter+1"],"picked":"Cold Snap+1","floor":48.0}],"player_experience":556316,"relics_obtained":[{"floor":6.0,"key":"Art of War"},{"floor":9.0,"key":"Blood Vial"},{"floor":20.0,"key":"WingedGreaves"},{"floor":24.0,"key":"Kunai"},{"floor":26.0,"key":"Vajra"},{"floor":43.0,"key":"Pen Nib"},{"floor":48.0,"key":"Sundial"}],"event_choices":[{"damage_healed":0.0,"max_hp_gain":0.0,"max_hp_loss":0.0,"gold_gain":0.0,"event_name":"Golden Idol","player_choice":"Take Damage","floor":3.0,"gold_loss":0.0,"damage_taken":17.0,"relics_obtained":["Golden Idol"]},{"damage_healed":0.0,"max_hp_gain":0.0,"max_hp_loss":0.0,"gold_gain":75.0,"event_name":"World of Goop","player_choice":"Gather Gold","floor":4.0,"gold_loss":0.0,"damage_taken":11.0},{"damage_healed":17.0,"max_hp_gain":0.0,"max_hp_loss":0.0,"gold_gain":0.0,"event_name":"The Cleric","player_choice":"Healed","floor":5.0,"gold_loss":35.0,"damage_taken":0.0},{"cards_removed":["Strike_B"],"damage_healed":0.0,"max_hp_gain":0.0,"max_hp_loss":0.0,"gold_gain":0.0,"event_name":"Purifier","player_choice":"Purged","floor":14.0,"gold_loss":0.0,"damage_taken":0.0},{"damage_healed":0.0,"max_hp_gain":0.0,"max_hp_loss":0.0,"gold_gain":0.0,"cards_transformed":["Strike_B","Defend_B"],"event_name":"Drug Dealer","player_choice":"Became Test Subject","floor":19.0,"gold_loss":0.0,"damage_taken":0.0,"cards_obtained":["Creative AI","Aggregate"]},{"damage_healed":0.0,"max_hp_gain":0.0,"max_hp_loss":0.0,"gold_gain":0.0,"event_name":"Addict","player_choice":"Obtained Relic","floor":28.0,"gold_loss":85.0,"damage_taken":0.0,"relics_obtained":["Frozen Egg 2"]},{"damage_healed":0.0,"max_hp_gain":0.0,"max_hp_loss":0.0,"gold_gain":0.0,"event_name":"Colosseum","player_choice":"Fight","floor":29.0,"gold_loss":0.0,"damage_taken":0.0},{"damage_healed":0.0,"max_hp_gain":0.0,"max_hp_loss":0.0,"gold_gain":0.0,"event_name":"Colosseum","player_choice":"Fled From Nobs","floor":29.0,"gold_loss":0.0,"damage_taken":0.0},{"cards_removed":["Strike_B"],"damage_healed":0.0,"max_hp_gain":0.0,"max_hp_loss":0.0,"gold_gain":0.0,"event_name":"Purifier","player_choice":"Purged","floor":39.0,"gold_loss":0.0,"damage_taken":0.0},{"damage_healed":0.0,"max_hp_gain":0.0,"max_hp_loss":0.0,"gold_gain":333.0,"event_name":"The Moai Head","player_choice":"Gave Idol","floor":42.0,"relics_lost":["Golden Idol"],"gold_loss":0.0,"damage_taken":0.0},{"damage_healed":0.0,"max_hp_gain":0.0,"max_hp_loss":0.0,"gold_gain":0.0,"event_name":"Tomb of Lord Red Mask","player_choice":"Ignored","floor":44.0,"gold_loss":0.0,"damage_taken":0.0}],"is_beta":false,"boss_relics":[{"not_picked":["Sozu","Ectoplasm"],"picked":"Tiny House"},{"not_picked":["Empty Cage","Velvet Choker"],"picked":"Lizard Tail"}],"items_purged_floors":[47],"is_endless":false,"potions_floor_spawned":[1,11,12,22,30,31,33,35,38,48],"ascension_level":4}