{"gold_per_floor":[112,112,13,13,31,31,31,44,71,88,104,104],"floor_reached":12,"playtime":421,"items_purged":[],"score":88,"play_id":"d22ceacd-371c-4d85-8417-b5c2ae2a254a","local_time":"20190130182917","is_ascension_mode":true,"campfire_choices":[{"data":"Capacitor","floor":6.0,"key":"SMITH"}],"neow_cost":"PERCENT_DAMAGE","seed_source_timestamp":123430785468264,"circlet_count":0,"master_deck":["Strike_B","Strike_B","Defend_B","Defend_B","Defend_B","Defend_B","Zap","Dualcast","Glacier","Capacitor+1","Redo","Conserve Battery","Conserve Battery","Sweeping Beam","Buffer"],"special_seed":0,"relics":["Cracked Core","Bag of Marbles"],"potions_floor_usage":[],"damage_taken":[{"damage":1.0,"enemies":"Small Slimes","floor":1.0,"turns":3.0},{"damage":7.0,"enemies":"Jaw Worm","floor":5.0,"turns":4.0},{"damage":0.0,"enemies":"Cultist","floor":8.0,"turns":5.0},{"damage":5.0,"enemies":"Looter","floor":10.0,"turns":3.0},{"damage":3.0,"enemies":"2 Fungi Beasts","floor":11.0,"turns":4.0},{"damage":49,"enemies":"Gremlin Nob","floor":12,"turns":4}],"seed_played":"2300981043498160116","potions_obtained":[],"is_trial":false,"path_per_floor":["M","?","$","?","M","R","?","M","T","M","M","E"],"character_chosen":"DEFECT","items_purchased":["Capacitor","Redo"],"campfire_rested":0,"item_purchase_floors":[3,3],"current_hp_per_floor":[67,60,60,60,53,53,53,53,53,48,45,0],"gold":104,"neow_bonus":"TWENTY_PERCENT_HP_BONUS","is_prod":false,"is_daily":false,"chose_seed":false,"campfire_upgraded":1,"win_rate":0,"timestamp":1548833357,"path_taken":["M","?","$","?","M","R","?","M","T","M","?","E"],"build_version":"2019-01-23","purchased_purges":0,"victory":false,"max_hp_per_floor":[89,89,89,89,89,89,89,89,89,89,89,89],"card_choices":[{"not_picked":["Steam","Static Discharge"],"picked":"Glacier","floor":1.0},{"not_picked":["Beam Cell","Hologram"],"picked":"Conserve Battery","floor":5.0},{"not_picked":["Reinforced Body","Leap"],"picked":"Conserve Battery","floor":8.0},{"not_picked":["Melter","Gash"],"picked":"Sweeping Beam","floor":10.0},{"not_picked":["BootSequence","Gash"],"picked":"Buffer","floor":11.0}],"player_experience":581968,"relics_obtained":[{"floor":9.0,"key":"Bag of Marbles"}],"event_choices":[{"cards_removed":["Strike_B"],"damage_healed":0.0,"max_hp_gain":0.0,"max_hp_loss":0.0,"gold_gain":0.0,"event_name":"Golden Wing","player_choice":"Card Removal","floor":2.0,"gold_loss":0.0,"damage_taken":7.0},{"damage_healed":0.0,"max_hp_gain":0.0,"max_hp_loss":0.0,"gold_gain":0.0,"event_name":"The Cleric","player_choice":"Leave","floor":4.0,"gold_loss":0.0,"damage_taken":0.0},{"cards_removed":["Strike_B"],"damage_healed":0.0,"max_hp_gain":0.0,"max_hp_loss":0.0,"gold_gain":0.0,"event_name":"Purifier","player_choice":"Purged","floor":7.0,"gold_loss":0.0,"damage_taken":0.0}],"is_beta":false,"boss_relics":[],"items_purged_floors":[],"is_endless":false,"potions_floor_spawned":[],"killed_by":"Gremlin Nob","ascension_level":5}