{"gold_per_floor":[113,113,125,17,192,224,224,244,312,339,358,369,379,99,99,172,222,236,161,50,50],"floor_reached":21,"playtime":969,"items_purged":["Strike_R"],"score":364,"play_id":"74e785b6-0cb1-4865-87b5-4f89ee359958","local_time":"20190711214235","is_ascension_mode":true,"campfire_choices":[{"data":"Warcry","floor":7.0,"key":"SMITH"},{"data":"Armaments","floor":15.0,"key":"SMITH"}],"neow_cost":"NONE","seed_source_timestamp":0,"circlet_count":0,"master_deck":["AscendersBane","Strike_R+1","Strike_R","Strike_R","Strike_R","Defend_R","Defend_R+1","Defend_R","Defend_R","Bash","Warcry+1","Flex","Inflame","Flame Barrier","Doubt","Pommel Strike","Clothesline","Feel No Pain","Twin Strike+1","Armaments+1","Sword Boomerang","Inflame","Reaper","Exhume","Feed","Flex","Fire Breathing","Rage","Corruption"],"special_seed":0,"relics":["Burning Blood","NeowsBlessing","Boot","Shuriken","Art of War","Tiny House"],"potions_floor_usage":[16,16],"damage_taken":[{"damage":0.0,"enemies":"Cultist","floor":1.0,"turns":1.0},{"damage":0.0,"enemies":"Small Slimes","floor":3.0,"turns":1.0},{"damage":0.0,"enemies":"Lagavulin","floor":6.0,"turns":1.0},{"damage":8.0,"enemies":"2 Louse","floor":8.0,"turns":2.0},{"damage":34.0,"enemies":"Gremlin Nob","floor":10.0,"turns":5.0},{"damage":7.0,"enemies":"Exordium Thugs","floor":11.0,"turns":5.0},{"damage":11.0,"enemies":"Looter","floor":12.0,"turns":4.0},{"damage":12.0,"enemies":"Exordium Wildlife","floor":13.0,"turns":5.0},{"damage":11,"enemies":"The Guardian","floor":16,"turns":14},{"damage":41,"enemies":"Chosen","floor":18,"turns":10},{"damage":45,"enemies":"2 Thieves","floor":19,"turns":5},{"damage":46,"enemies":"Chosen and Byrds","floor":21,"turns":4}],"seed_played":"-6783593142804346792","potions_obtained":[{"floor":3.0,"key":"Strength Potion"},{"floor":10.0,"key":"Fire Potion"},{"floor":11.0,"key":"Dexterity Potion"},{"floor":16,"key":"FearPotion"},{"floor":17,"key":"Block Potion"}],"is_trial":false,"path_per_floor":["M","?","M","$","?","E","R","M","T","E","M","M","M","$","R","B",null,"M","M","$","M"],"character_chosen":"IRONCLAD","items_purchased":["Inflame","Flame Barrier","Inflame","Reaper","Exhume","Corruption"],"campfire_rested":0,"item_purchase_floors":[4,4,14,14,14,20],"current_hp_per_floor":[74,59,65,65,65,71,71,69,69,41,40,35,29,29,29,24,67,42,19,19,0],"gold":50,"neow_bonus":"THREE_ENEMY_KILL","is_prod":false,"is_daily":false,"chose_seed":false,"campfire_upgraded":2,"win_rate":0,"timestamp":1562895755,"path_taken":["M","?","M","$","?","E","R","M","T","E","M","M","M","$","R","BOSS","M","M","$","M"],"build_version":"2019-07-05","purchased_purges":1,"victory":false,"max_hp_per_floor":[75,75,75,75,75,75,75,75,75,75,75,75,75,75,75,75,80,80,80,80,83],"card_choices":[{"not_picked":["True Grit","Clash"],"picked":"Warcry","floor":1.0},{"not_picked":["Perfected Strike","Fire Breathing"],"picked":"Flex","floor":3.0},{"not_picked":["Fiend Fire","Havoc"],"picked":"Pommel Strike","floor":6.0},{"not_picked":["Havoc","Pommel Strike"],"picked":"Clothesline","floor":8.0},{"not_picked":["Pommel Strike","Anger"],"picked":"Feel No Pain","floor":10.0},{"not_picked":["Thunderclap","Sever Soul"],"picked":"Twin Strike","floor":11.0},{"not_picked":["Pommel Strike","Rage"],"picked":"Armaments","floor":12.0},{"not_picked":["Armaments","Headbutt"],"picked":"Sword Boomerang","floor":13.0},{"not_picked":["Berserk","Brutality"],"picked":"Feed","floor":16},{"not_picked":["Armaments","Anger"],"picked":"Flex","floor":17},{"not_picked":["Rupture+1","Second Wind"],"picked":"Fire Breathing","floor":18},{"not_picked":["Hemokinesis","Entrench"],"picked":"Rage","floor":19}],"player_experience":367960,"relics_obtained":[{"floor":6.0,"key":"Boot"},{"floor":9.0,"key":"Shuriken"},{"floor":10.0,"key":"Art of War"}],"event_choices":[{"damage_healed":0.0,"max_hp_gain":0.0,"max_hp_loss":0.0,"gold_gain":0.0,"event_name":"Shining Light","player_choice":"Entered Light","floor":2.0,"gold_loss":0.0,"damage_taken":15.0,"cards_upgraded":["Defend_R","Strike_R"]},{"damage_healed":0.0,"max_hp_gain":0.0,"max_hp_loss":0.0,"gold_gain":175.0,"event_name":"Liars Game","player_choice":"AGREE","floor":5.0,"gold_loss":0.0,"damage_taken":0.0,"cards_obtained":["Doubt"]}],"is_beta":false,"boss_relics":[{"not_picked":["Pandora\u0027s Box","Runic Cube"],"picked":"Tiny House"}],"items_purged_floors":[20],"is_endless":false,"potions_floor_spawned":[3,10,11,16],"killed_by":"Chosen and Byrds","ascension_level":14}