{"gold_per_floor":[116,134,134,147,160,160,176,176,201,227,238,238,218,235,235,309,309,324,335,123,123],"floor_reached":21,"playtime":688,"items_purged":["Strike_B"],"score":366,"play_id":"af2a2e20-755e-47aa-8ab3-45af8ec36182","local_time":"20190527145522","is_ascension_mode":true,"campfire_choices":[{"data":"Streamline","floor":6.0,"key":"SMITH"},{"floor":8.0,"key":"REST"},{"floor":12.0,"key":"REST"},{"data":"Zap","floor":15.0,"key":"SMITH"}],"neow_cost":"NONE","seed_source_timestamp":532679702054999,"circlet_count":0,"master_deck":["AscendersBane","Strike_B","Strike_B","Strike_B","Defend_B","Defend_B","Defend_B","Defend_B","Zap+1","Dualcast","Streamline+1","Turbo","Auto Shields","Echo Form","Defragment","Self Repair","Hologram"],"special_seed":0,"relics":["Cracked Core","Oddly Smooth Stone","Bronze Scales","Centennial Puzzle","Runic Dome"],"potions_floor_usage":[],"damage_taken":[{"damage":0.0,"enemies":"Jaw Worm","floor":1.0,"turns":3.0},{"damage":3.0,"enemies":"2 Louse","floor":2.0,"turns":2.0},{"damage":0.0,"enemies":"Cultist","floor":4.0,"turns":3.0},{"damage":32.0,"enemies":"Lots of Slimes","floor":5.0,"turns":5.0},{"damage":11.0,"enemies":"3 Louse","floor":7.0,"turns":3.0},{"damage":40.0,"enemies":"3 Sentries","floor":10.0,"turns":10.0},{"damage":4.0,"enemies":"Exordium Thugs","floor":11.0,"turns":5.0},{"damage":0.0,"enemies":"2 Fungi Beasts","floor":14.0,"turns":3.0},{"damage":22.0,"enemies":"The Guardian","floor":16.0,"turns":9.0},{"damage":22,"enemies":"2 Thieves","floor":18,"turns":4},{"damage":21,"enemies":"Shell Parasite","floor":19,"turns":5},{"damage":17,"enemies":"Centurion and Healer","floor":21,"turns":1}],"seed_played":"8581017108737609481","potions_obtained":[{"floor":2.0,"key":"Dexterity Potion"},{"floor":5.0,"key":"Weak Potion"},{"floor":13.0,"key":"SpeedPotion"},{"floor":14.0,"key":"FocusPotion"},{"floor":16.0,"key":"PowerPotion"}],"is_trial":false,"path_per_floor":["M","M","?","M","M","R","M","R","T","E","M","R","?","M","R","B",null,"M","M","$","M"],"character_chosen":"DEFECT","items_purchased":["Self Repair","Hologram"],"campfire_rested":2,"item_purchase_floors":[20,20],"current_hp_per_floor":[64,61,66,66,34,34,23,45,45,5,1,23,23,23,23,1,57,35,14,14,0],"gold":123,"neow_bonus":"RANDOM_COMMON_RELIC","is_prod":false,"is_daily":false,"chose_seed":false,"campfire_upgraded":2,"win_rate":0,"timestamp":1558940122,"path_taken":["M","M","?","M","M","R","M","R","T","E","M","R","?","?","R","BOSS","M","M","$","M"],"build_version":"2019-01-23","purchased_purges":1,"victory":false,"max_hp_per_floor":[71,71,76,76,76,76,76,76,76,76,76,76,76,76,76,76,76,76,76,76,76],"card_choices":[{"not_picked":["Barrage","Doom and Gloom"],"picked":"Streamline","floor":1.0},{"not_picked":["Fusion","Sunder","Hologram"],"picked":"SKIP","floor":2.0},{"not_picked":["Conserve Battery","Reprogram","Compile Driver"],"picked":"SKIP","floor":4.0},{"not_picked":["Lockon","Multi-Cast"],"picked":"Turbo","floor":5.0},{"not_picked":["Redo","Streamline","Rebound"],"picked":"SKIP","floor":7.0},{"not_picked":["Machine Learning","Beam Cell"],"picked":"Auto Shields","floor":10.0},{"not_picked":["Leap","Blizzard","Beam Cell"],"picked":"SKIP","floor":11.0},{"not_picked":["Streamline","Rebound","Sweeping Beam"],"picked":"SKIP","floor":14.0},{"not_picked":["All For One","Seek"],"picked":"Echo Form","floor":16.0},{"not_picked":["Gash","Stack"],"picked":"Defragment","floor":18},{"not_picked":["Streamline+1","Rebound","Redo"],"picked":"SKIP","floor":19}],"player_experience":952210,"relics_obtained":[{"floor":9.0,"key":"Bronze Scales"},{"floor":10.0,"key":"Centennial Puzzle"}],"event_choices":[{"damage_healed":0.0,"max_hp_gain":5.0,"max_hp_loss":0.0,"gold_gain":0.0,"event_name":"Big Fish","player_choice":"Donut","floor":3.0,"gold_loss":0.0,"damage_taken":0.0},{"damage_healed":0.0,"max_hp_gain":0.0,"max_hp_loss":0.0,"gold_gain":0.0,"event_name":"The Woman in Blue","player_choice":"Bought 1 Potion","floor":13.0,"gold_loss":0.0,"damage_taken":0.0}],"is_beta":false,"boss_relics":[{"not_picked":["Velvet Choker","Orrery"],"picked":"Runic Dome"}],"items_purged_floors":[20],"is_endless":false,"potions_floor_spawned":[2,5,7,14,16,19],"killed_by":"Centurion and Healer","ascension_level":20}