{"gold_per_floor":[119,130,149,324,6,6,33,48,74,74,92,157,172,192,192,291,291,308,322,322,42,55,55,55,55,78,28,46,96,157,157],"floor_reached":31,"playtime":6882,"items_purged":["Defend_G","Doubt","Strike_G","Strike_G"],"score":239,"play_id":"a9681640-a323-4da9-b7d8-321285beefe1","local_time":"20190228221213","is_ascension_mode":false,"campfire_choices":[{"data":"Footwork","floor":6.0,"key":"SMITH"},{"floor":10.0,"key":"REST"},{"floor":15.0,"key":"REST"},{"floor":23.0,"key":"REST"},{"floor":25,"key":"REST"}],"neow_cost":"NONE","seed_source_timestamp":0,"circlet_count":0,"master_deck":["Defend_G","Defend_G","Defend_G","Defend_G","Strike_G","Strike_G","Strike_G","Survivor","Neutralize","Dagger Spray","Escape Plan","Footwork+1","Apotheosis","Infinite Blades","Blade Dance","Catalyst","Well Laid Plans","Accuracy","Burst","Finisher","Venomology","Noxious Fumes","Deflect","Bandage Up","Envenom","Shame"],"special_seed":0,"relics":["Ring of the Snake","Dream Catcher","Smiling Mask","Lantern","White Beast Statue","SsserpentHead","Happy Flower","Ancient Tea Set"],"potions_floor_usage":[28,30,30,31,31,31],"damage_taken":[{"damage":0.0,"enemies":"Small Slimes","floor":1.0,"turns":5.0},{"damage":0.0,"enemies":"Jaw Worm","floor":2.0,"turns":4.0},{"damage":0.0,"enemies":"Cultist","floor":3.0,"turns":5.0},{"damage":14.0,"enemies":"Lagavulin","floor":7.0,"turns":11.0},{"damage":4.0,"enemies":"2 Fungi Beasts","floor":8.0,"turns":4.0},{"damage":7.0,"enemies":"Exordium Wildlife","floor":11.0,"turns":6.0},{"damage":34.0,"enemies":"Gremlin Nob","floor":12.0,"turns":5.0},{"damage":8.0,"enemies":"Large Slime","floor":13.0,"turns":5.0},{"damage":10.0,"enemies":"2 Fungi Beasts","floor":14.0,"turns":5.0},{"damage":38.0,"enemies":"The Guardian","floor":16.0,"turns":10.0},{"damage":26.0,"enemies":"3 Byrds","floor":18.0,"turns":7.0},{"damage":17.0,"enemies":"Shell Parasite","floor":19.0,"turns":9.0},{"damage":23.0,"enemies":"Snake Plant","floor":22.0,"turns":3.0},{"damage":28,"enemies":"Centurion and Healer","floor":28,"turns":6},{"damage":20,"enemies":"Shelled Parasite and Fungi","floor":30,"turns":6},{"damage":34,"enemies":"Chosen and Byrds","floor":31,"turns":6}],"seed_played":"1186485305290228159","potions_obtained":[{"floor":2.0,"key":"FearPotion"},{"floor":3.0,"key":"FearPotion"},{"floor":14.0,"key":"Regen Potion"},{"floor":16.0,"key":"SteroidPotion"},{"floor":18.0,"key":"Fire Potion"},{"floor":19.0,"key":"LiquidBronze"},{"floor":22.0,"key":"Swift Potion"},{"floor":28,"key":"FearPotion"},{"floor":30,"key":"Dexterity Potion"}],"is_trial":false,"path_per_floor":["M","M","M","?","$","R","E","M","T","R","M","?","M","M","R","B",null,"M","M","?","$","M","R","$","R","T","$","M","?","M","M"],"character_chosen":"THE_SILENT","items_purchased":["Apotheosis","Infinite Blades","Bandage Up","Envenom"],"campfire_rested":4,"item_purchase_floors":[5,5,21,21],"current_hp_per_floor":[77,77,77,77,77,77,63,59,59,77,70,36,28,18,41,18,77,51,34,34,34,15,38,38,61,61,61,39,39,27,0],"gold":157,"neow_bonus":"TEN_PERCENT_HP_BONUS","is_prod":false,"is_daily":false,"chose_seed":false,"campfire_upgraded":1,"win_rate":0,"timestamp":1551417133,"path_taken":["M","M","M","?","$","R","E","M","T","R","M","?","?","M","R","BOSS","M","M","?","$","M","R","?","R","T","$","M","?","?","M"],"build_version":"2019-01-23","purchased_purges":4,"victory":false,"max_hp_per_floor":[77,77,77,77,77,77,77,77,77,77,77,77,77,77,77,77,77,77,77,77,77,77,77,77,77,77,77,77,77,77,77],"card_choices":[{"not_picked":["Finisher","Outmaneuver"],"picked":"Dagger Spray","floor":1.0},{"not_picked":["Flying Knee","Endless Agony"],"picked":"Escape Plan","floor":2.0},{"not_picked":["Predator","Dagger Throw"],"picked":"Footwork","floor":3.0},{"not_picked":["Prepared","Outmaneuver"],"picked":"Blade Dance","floor":7.0},{"not_picked":["Acrobatics","Heel Hook"],"picked":"Catalyst","floor":8.0},{"not_picked":["Dodge and Roll","Infinite Blades"],"picked":"Well Laid Plans","floor":10.0},{"not_picked":["All Out Attack","Bane"],"picked":"Accuracy","floor":11.0},{"not_picked":["Reflex","Caltrops"],"picked":"Burst","floor":12.0},{"not_picked":["Dagger Throw","Heel Hook","Acrobatics"],"picked":"SKIP","floor":13.0},{"not_picked":["Caltrops","Bane"],"picked":"Finisher","floor":14.0},{"not_picked":["Glass Knife","Phantasmal Killer"],"picked":"Venomology","floor":16.0},{"not_picked":["Blade Dance","Masterful Stab"],"picked":"Noxious Fumes","floor":18.0},{"not_picked":["Prepared+1","Flying Knee"],"picked":"Deflect","floor":19.0},{"not_picked":["Backflip","Quick Slash+1","Outmaneuver"],"picked":"SKIP","floor":22.0},{"not_picked":["Burst","Underhanded Strike","Accuracy"],"picked":"SKIP","floor":28},{"not_picked":["PiercingWail+1","Bane","Sucker Punch"],"picked":"SKIP","floor":30}],"player_experience":144094,"relics_obtained":[{"floor":7.0,"key":"Dream Catcher"},{"floor":9.0,"key":"Smiling Mask"},{"floor":12.0,"key":"Lantern"},{"floor":26,"key":"Happy Flower"}],"event_choices":[{"damage_healed":0.0,"max_hp_gain":0.0,"max_hp_loss":0.0,"gold_gain":175.0,"event_name":"Liars Game","player_choice":"AGREE","floor":4.0,"gold_loss":0.0,"damage_taken":0.0,"cards_obtained":["Doubt"]},{"damage_healed":0.0,"max_hp_gain":0.0,"max_hp_loss":0.0,"gold_gain":30.0,"event_name":"Dead Adventurer","player_choice":"Searched \u00273\u0027 times","floor":12.0,"gold_loss":0.0,"damage_taken":0.0},{"damage_healed":0.0,"max_hp_gain":0.0,"max_hp_loss":0.0,"gold_gain":0.0,"event_name":"FaceTrader","player_choice":"Trade","floor":20.0,"gold_loss":0.0,"damage_taken":0.0,"relics_obtained":["SsserpentHead"]},{"damage_healed":0,"gold_gain":0,"player_choice":"Stole Relic","damage_taken":0,"relics_obtained":["Ancient Tea Set"],"max_hp_gain":0,"max_hp_loss":0,"event_name":"Addict","floor":29,"gold_loss":0,"cards_obtained":["Shame"]}],"is_beta":false,"boss_relics":[{"not_picked":["Snecko Eye","Sozu"],"picked":"White Beast Statue"}],"items_purged_floors":[5,21,24,27],"is_endless":false,"potions_floor_spawned":[2,3,14,16,18,19,22,28,30],"killed_by":"Chosen and Byrds","ascension_level":0}