{"gold_per_floor":[13,26,46,221,35,35,91,91,117,42,42],"floor_reached":11,"playtime":1348,"items_purged":["Defend_G"],"score":71,"play_id":"0cff632d-51dc-4cc4-b6ce-1baa4cfa3c53","local_time":"20190228223501","is_ascension_mode":false,"campfire_choices":[{"data":"Chrysalis","floor":6,"key":"SMITH"}],"neow_cost":"NO_GOLD","seed_source_timestamp":368306740819300,"circlet_count":0,"master_deck":["Defend_G+1","Defend_G+1","Defend_G","Strike_G","Strike_G","Strike_G","Strike_G","Survivor","Neutralize","Well Laid Plans","Accuracy","Doubt","Chrysalis+1"],"relics":["Ring of the Snake","Tiny Chest","Ice Cream","War Paint"],"potions_floor_usage":[7,11],"damage_taken":[{"damage":2,"enemies":"Small Slimes","floor":1,"turns":5},{"damage":0,"enemies":"Jaw Worm","floor":2,"turns":5},{"damage":0,"enemies":"2 Louse","floor":3,"turns":3},{"damage":30,"enemies":"3 Sentries","floor":7,"turns":5},{"damage":19,"enemies":"Lagavulin","floor":11,"turns":3}],"seed_played":"4324839451353727580","potions_obtained":[{"floor":1,"key":"LiquidBronze"},{"floor":3,"key":"Poison Potion"}],"is_trial":false,"path_per_floor":["M","M","M","?","$","R","E","?","T","$","E"],"character_chosen":"THE_SILENT","items_purchased":["Chrysalis"],"campfire_rested":0,"item_purchase_floors":[5],"current_hp_per_floor":[68,68,68,68,68,68,38,13,13,13,0],"gold":42,"neow_bonus":"REMOVE_TWO","is_prod":false,"is_daily":false,"chose_seed":false,"campfire_upgraded":1,"win_rate":0,"timestamp":1551418501,"path_taken":["M","M","M","?","$","R","E","?","T","$","E"],"build_version":"2019-01-23","purchased_purges":1,"victory":false,"max_hp_per_floor":[70,70,70,70,70,70,70,70,70,70,70],"card_choices":[{"not_picked":["Underhanded Strike","Deadly Poison"],"picked":"Well Laid Plans","floor":1},{"not_picked":["Poisoned Stab","Prepared"],"picked":"Accuracy","floor":2},{"not_picked":["Sucker Punch","Expertise","All Out Attack"],"picked":"SKIP","floor":3},{"not_picked":["Flying Knee","Dagger Throw","Dodge and Roll"],"picked":"SKIP","floor":7}],"player_experience":150976,"relics_obtained":[{"floor":7,"key":"Tiny Chest"},{"floor":9,"key":"War Paint"}],"event_choices":[{"damage_healed":0,"gold_gain":175,"player_choice":"AGREE","damage_taken":0,"max_hp_gain":0,"max_hp_loss":0,"event_name":"Liars Game","floor":4,"gold_loss":0,"cards_obtained":["Doubt"]},{"damage_healed":0,"gold_gain":0,"player_choice":"Success","damage_taken":25,"relics_obtained":["Ice Cream"],"max_hp_gain":0,"max_hp_loss":0,"event_name":"Scrap Ooze","floor":8,"gold_loss":0}],"is_beta":false,"boss_relics":[],"items_purged_floors":[10],"is_endless":false,"potions_floor_spawned":[1,3],"killed_by":"Lagavulin","ascension_level":0}