{"gold_per_floor":[117,117,137,87,52,52,86,86,86,110,129,129,129,152,152,282,282,300,314,73,96,96,127,140,165,165,165,165,178,178,178,178,282,282,299,317,317,328,341,368,368,396,422,422],"floor_reached":44,"playtime":6586,"items_purged":["Defend_B"],"score":564,"play_id":"ca05f656-581b-4a03-a2a4-89b7eb317a80","local_time":"20190626222844","is_ascension_mode":true,"campfire_choices":[{"data":"Chill","floor":6.0,"key":"SMITH"},{"data":"Cold Snap","floor":8.0,"key":"SMITH"},{"data":"Ball Lightning","floor":13.0,"key":"SMITH"},{"data":"Zap","floor":15.0,"key":"SMITH"},{"data":"Echo Form","floor":27.0,"key":"SMITH"},{"data":"Bite","floor":30.0,"key":"SMITH"},{"data":"Streamline","floor":32.0,"key":"SMITH"},{"data":"Genetic Algorithm","floor":41,"key":"SMITH"}],"neow_cost":"NONE","seed_source_timestamp":0,"circlet_count":0,"master_deck":["Defend_B","Defend_B","Zap+1","Dualcast","Cold Snap+1","Chill+1","Defragment+1","Ball Lightning+1","Redo","Echo Form+1","Sweeping Beam","Streamline+1","Loop","Bite+1","Bite","Bite","Bite","Bite","Coolheaded","Lockon","Undo+1","Tempest+1","Machine Learning","Leap+1","Rebound","Parasite","Defragment+1","Cold Snap+1","Genetic Algorithm+1"],"special_seed":0,"relics":["Cracked Core","Bloody Idol","Strawberry","Question Card","Busted Crown","Oddly Smooth Stone","Blood Vial","Meat on the Bone","Dodecahedron","Bottled Lightning","Omamori"],"potions_floor_usage":[40,42,42],"damage_taken":[{"damage":1.0,"enemies":"Cultist","floor":1.0,"turns":3.0},{"damage":0.0,"enemies":"Small Slimes","floor":3.0,"turns":3.0},{"damage":25.0,"enemies":"Gremlin Nob","floor":7.0,"turns":5.0},{"damage":3.0,"enemies":"2 Louse","floor":10.0,"turns":2.0},{"damage":0.0,"enemies":"Exordium Thugs","floor":11.0,"turns":5.0},{"damage":0.0,"enemies":"Exordium Wildlife","floor":14.0,"turns":5.0},{"damage":6.0,"enemies":"Slime Boss","floor":16.0,"turns":8.0},{"damage":18.0,"enemies":"3 Byrds","floor":18.0,"turns":5.0},{"damage":3.0,"enemies":"Chosen","floor":19.0,"turns":4.0},{"damage":19.0,"enemies":"Centurion and Healer","floor":21.0,"turns":3.0},{"damage":60.0,"enemies":"Gremlin Leader","floor":23.0,"turns":8.0},{"damage":0.0,"enemies":"3 Cultists","floor":24.0,"turns":5.0},{"damage":18.0,"enemies":"Snecko","floor":25.0,"turns":5.0},{"damage":8.0,"enemies":"Cultist and Chosen","floor":29.0,"turns":6.0},{"damage":57.0,"enemies":"Champ","floor":33.0,"turns":11.0},{"damage":0.0,"enemies":"3 Shapes","floor":35.0,"turns":4.0},{"damage":18.0,"enemies":"3 Darklings","floor":36.0,"turns":6.0},{"damage":35.0,"enemies":"Writhing Mass","floor":38.0,"turns":6.0},{"damage":0.0,"enemies":"4 Shapes","floor":39.0,"turns":9.0},{"damage":34,"enemies":"Reptomancer","floor":40,"turns":9},{"damage":31,"enemies":"Nemesis","floor":42,"turns":9},{"damage":46,"enemies":"Transient","floor":44,"turns":3}],"seed_played":"8845696891751972706","potions_obtained":[{"floor":1.0,"key":"Strength Potion"},{"floor":3.0,"key":"EssenceOfSteel"},{"floor":10.0,"key":"Strength Potion"},{"floor":16.0,"key":"EntropicBrew"},{"floor":18.0,"key":"FearPotion"},{"floor":29.0,"key":"Regen Potion"},{"floor":33.0,"key":"PowerPotion"},{"floor":36.0,"key":"Dexterity Potion"},{"floor":40,"key":"Ancient Potion"}],"is_trial":false,"path_per_floor":["M","?","M","?","?","R","E","R","T","M","M","?","R","M","R","B",null,"M","M","$","M","?","E","M","M","T","R","?","M","R","?","R","B",null,"M","M","?","M","M","E","R","E","T","M"],"character_chosen":"DEFECT","items_purchased":["Streamline","Oddly Smooth Stone"],"campfire_rested":0,"item_purchase_floors":[20,20],"current_hp_per_floor":[81,76,76,76,76,76,58,58,58,55,55,55,55,55,55,49,83,65,62,62,43,43,9,31,27,27,27,27,33,33,33,33,42,58,58,52,52,46,58,44,44,38,43,0],"gold":422,"neow_bonus":"TEN_PERCENT_HP_BONUS","is_prod":false,"is_daily":false,"chose_seed":false,"campfire_upgraded":8,"win_rate":0,"timestamp":1561613324,"path_taken":["M","?","M","?","?","R","E","R","T","M","M","?","R","M","R","BOSS","M","M","$","M","?","E","M","M","T","R","?","?","R","?","R","BOSS","M","M","?","?","M","E","R","E","T","?"],"build_version":"2019-01-23","purchased_purges":1,"victory":false,"max_hp_per_floor":[82,76,76,76,76,76,83,83,83,83,83,83,83,83,83,83,83,83,83,83,83,58,58,58,58,58,58,58,58,58,58,58,58,58,58,58,58,58,58,58,58,58,58,58],"card_choices":[{"not_picked":["Sunder","Leap"],"picked":"Cold Snap","floor":1.0},{"not_picked":["Blizzard","Reinforced Body"],"picked":"Chill","floor":3.0},{"not_picked":["Steam","BootSequence","Storm"],"picked":"SKIP","floor":7.0},{"not_picked":["Auto Shields","Steam","Capacitor"],"picked":"Defragment","floor":10.0},{"not_picked":["Gash","Heatsinks","Stack"],"picked":"Ball Lightning","floor":11.0},{"not_picked":["Rebound","Conserve Battery","Tempest"],"picked":"Redo","floor":14.0},{"not_picked":["Multi-Cast","All For One","Buffer"],"picked":"Echo Form","floor":16.0},{"not_picked":["Go for the Eyes"],"picked":"Sweeping Beam","floor":18.0},{"not_picked":["Ball Lightning+1","Double Energy+1"],"picked":"SKIP","floor":19.0},{"not_picked":["Glacier"],"picked":"Loop","floor":21.0},{"not_picked":["Rip and Tear+1"],"picked":"Coolheaded","floor":23.0},{"not_picked":["Leap"],"picked":"Lockon","floor":24.0},{"not_picked":["Hello World"],"picked":"Undo+1","floor":25.0},{"not_picked":["Chill"],"picked":"Tempest+1","floor":29.0},{"not_picked":["Core Surge"],"picked":"Machine Learning","floor":33.0},{"not_picked":["Stack"],"picked":"Leap+1","floor":35.0},{"not_picked":["Stack"],"picked":"Rebound","floor":36.0},{"not_picked":["Aggregate+1"],"picked":"Defragment+1","floor":38.0},{"not_picked":["Sunder+1"],"picked":"Cold Snap+1","floor":39},{"not_picked":["Chill"],"picked":"Genetic Algorithm","floor":40},{"not_picked":["Streamline+1","Turbo+1"],"picked":"SKIP","floor":42}],"player_experience":579483,"relics_obtained":[{"floor":7.0,"key":"Strawberry"},{"floor":9.0,"key":"Question Card"},{"floor":23.0,"key":"Blood Vial"},{"floor":26.0,"key":"Meat on the Bone"},{"floor":40,"key":"Dodecahedron"},{"floor":42,"key":"Bottled Lightning"},{"floor":43,"key":"Omamori"}],"event_choices":[{"damage_healed":0.0,"max_hp_gain":0.0,"max_hp_loss":6.0,"gold_gain":0.0,"event_name":"Golden Idol","player_choice":"Lose Max HP","floor":2.0,"gold_loss":0.0,"damage_taken":0.0,"relics_obtained":["Golden Idol"]},{"cards_removed":["Defend_B"],"damage_healed":0.0,"max_hp_gain":0.0,"max_hp_loss":0.0,"gold_gain":0.0,"event_name":"The Cleric","player_choice":"Card Removal","floor":4.0,"gold_loss":50.0,"damage_taken":0.0},{"damage_healed":0.0,"max_hp_gain":0.0,"max_hp_loss":0.0,"gold_gain":0.0,"event_name":"World of Goop","player_choice":"Left Gold","floor":5.0,"gold_loss":35.0,"damage_taken":0.0},{"damage_healed":0.0,"max_hp_gain":0.0,"max_hp_loss":0.0,"gold_gain":0.0,"event_name":"Upgrade Shrine","player_choice":"Upgraded","floor":12.0,"gold_loss":0.0,"damage_taken":0.0,"cards_upgraded":["Defragment"]},{"damage_healed":0.0,"max_hp_gain":0.0,"max_hp_loss":25.0,"gold_gain":0.0,"event_name":"Vampires","player_choice":"Became a vampire","floor":22.0,"gold_loss":0.0,"damage_taken":0.0,"cards_obtained":["Bite","Bite","Bite","Bite","Bite"]},{"damage_healed":0.0,"max_hp_gain":0.0,"max_hp_loss":0.0,"gold_gain":0.0,"event_name":"Match and Keep!","player_choice":"0 cards matched","floor":28.0,"gold_loss":0.0,"damage_taken":0.0,"cards_obtained":[]},{"damage_healed":0.0,"max_hp_gain":0.0,"max_hp_loss":0.0,"gold_gain":0.0,"event_name":"Forgotten Altar","player_choice":"Gave Idol","floor":31.0,"relics_lost":["Golden Idol"],"gold_loss":0.0,"damage_taken":0.0,"relics_obtained":["Bloody Idol"]},{"damage_healed":0.0,"max_hp_gain":0.0,"max_hp_loss":0.0,"gold_gain":0.0,"event_name":"SecretPortal","player_choice":"Ignored","floor":37.0,"gold_loss":0.0,"damage_taken":0.0}],"is_beta":false,"boss_relics":[{"not_picked":["Tiny House","Orrery"],"picked":"Busted Crown"},{"not_picked":["Cursed Key","Philosopher\u0027s Stone","Fusion Hammer"]}],"items_purged_floors":[20],"is_endless":false,"potions_floor_spawned":[1,3,10,16,18,29,33,36,40],"killed_by":"Transient","ascension_level":2}