{"gold_per_floor":[117,192,157,157,167,199,199,199,274,274,274,291,326,326,326,326],"floor_reached":16,"playtime":554,"items_purged":[],"score":196,"play_id":"dc6614bc-13db-4238-9034-0ae51dcf11fc","local_time":"20190304231552","is_ascension_mode":true,"campfire_choices":[{"floor":7,"key":"REST"},{"data":"Armaments","floor":11,"key":"SMITH"},{"floor":15,"key":"REST"}],"neow_cost":"NONE","seed_source_timestamp":688282993827132,"circlet_count":0,"master_deck":["AscendersBane","Strike_R","Strike_R","Strike_R","Strike_R","Defend_R","Defend_R","Defend_R","Defend_R","Bash","Body Slam","Armaments+1","Flame Barrier","Pommel Strike"],"relics":["Burning Blood","Juzu Bracelet","Pantograph","Meat on the Bone","Letter Opener","Blood Vial","Paper Frog"],"potions_floor_usage":[13,16],"damage_taken":[{"damage":2,"enemies":"Cultist","floor":1,"turns":4},{"damage":14,"enemies":"2 Louse","floor":5,"turns":3},{"damage":37,"enemies":"Gremlin Nob","floor":6,"turns":5},{"damage":9,"enemies":"Jaw Worm","floor":12,"turns":6},{"damage":26,"enemies":"Lagavulin","floor":13,"turns":7},{"damage":78,"enemies":"Slime Boss","floor":16,"turns":9}],"seed_played":"-6556246229671597888","potions_obtained":[{"floor":6,"key":"EssenceOfSteel"},{"floor":13,"key":"AttackPotion"}],"is_trial":false,"path_per_floor":["M","?","?","?","M","E","R","?","T","?","R","M","E","T","R","B"],"character_chosen":"IRONCLAD","items_purchased":[],"campfire_rested":2,"item_purchase_floors":[],"current_hp_per_floor":[72,61,75,68,60,29,51,51,51,75,75,72,52,52,74,0],"gold":326,"neow_bonus":"RANDOM_COMMON_RELIC","is_prod":false,"is_daily":false,"chose_seed":false,"campfire_upgraded":1,"win_rate":0,"timestamp":1551701752,"path_taken":["M","?","?","?","M","E","R","?","T","?","R","M","E","?","R","BOSS"],"build_version":"2019-01-23","purchased_purges":0,"victory":false,"max_hp_per_floor":[75,75,75,75,75,75,75,75,75,75,75,75,75,75,75,75],"card_choices":[{"not_picked":["Cleave","Shockwave"],"picked":"Body Slam","floor":1},{"not_picked":["Clothesline","Body Slam"],"picked":"Armaments","floor":5},{"not_picked":["Perfected Strike","Twin Strike"],"picked":"Flame Barrier","floor":6},{"not_picked":["Rage","Burning Pact"],"picked":"Pommel Strike","floor":12},{"not_picked":["Rupture","Thunderclap","Sword Boomerang"],"picked":"SKIP","floor":13}],"player_experience":795952,"relics_obtained":[{"floor":6,"key":"Pantograph"},{"floor":9,"key":"Letter Opener"},{"floor":13,"key":"Blood Vial"},{"floor":14,"key":"Paper Frog"}],"event_choices":[{"damage_healed":0,"gold_gain":75,"player_choice":"Gather Gold","damage_taken":11,"max_hp_gain":0,"max_hp_loss":0,"event_name":"World of Goop","floor":2,"gold_loss":0},{"damage_healed":18,"gold_gain":0,"player_choice":"Healed","damage_taken":0,"max_hp_gain":0,"max_hp_loss":0,"event_name":"The Cleric","floor":3,"gold_loss":35},{"cards_removed":["Strike_R"],"damage_healed":0,"gold_gain":0,"player_choice":"Card Removal","damage_taken":7,"max_hp_gain":0,"max_hp_loss":0,"event_name":"Golden Wing","floor":4,"gold_loss":0},{"damage_healed":0,"gold_gain":0,"player_choice":"Searched \u00272\u0027 times","damage_taken":0,"relics_obtained":["Meat on the Bone"],"max_hp_gain":0,"max_hp_loss":0,"event_name":"Dead Adventurer","floor":8,"gold_loss":0},{"damage_healed":25,"gold_gain":0,"player_choice":"Banana","damage_taken":0,"max_hp_gain":0,"max_hp_loss":0,"event_name":"Big Fish","floor":10,"gold_loss":0}],"is_beta":false,"boss_relics":[],"items_purged_floors":[],"is_endless":false,"potions_floor_spawned":[6,13],"killed_by":"Slime Boss","ascension_level":17}