{"gold_per_floor":[11,22,22,36,53,53,84,95,95,95,95,95,108,108,108,211,211,224,243,259,259,34,34,69,83,83,83,114,114,130,130,130,225,225,243,243,79,79,95,95,113,130,130,130,67,67,77,77,77,77],"floor_reached":50,"playtime":6024,"items_purged":["Strike_G"],"score":580,"play_id":"88961b3e-928e-4f0e-b81b-f4d40adb3ea3","local_time":"20190610192604","is_ascension_mode":true,"campfire_choices":[{"data":"Dash","floor":6.0,"key":"SMITH"},{"data":"Secret Technique","floor":10.0,"key":"SMITH"},{"data":"Survivor","floor":12.0,"key":"SMITH"},{"data":"Caltrops","floor":15.0,"key":"SMITH"},{"floor":23,"key":"REST"},{"floor":27,"key":"REST"},{"floor":32,"key":"REST"},{"floor":40,"key":"REST"},{"floor":44,"key":"REST"},{"floor":46,"key":"REST"},{"floor":49,"key":"REST"}],"neow_cost":"NO_GOLD","seed_source_timestamp":0,"circlet_count":0,"master_deck":["Defend_G","Defend_G+1","Defend_G+1","Strike_G","Strike_G","Strike_G","Survivor+1","Neutralize","Secret Technique+1","Blind","Flying Knee","Riddle With Holes","Predator","Dash+1","Calculated Gamble","Poisoned Stab","Caltrops+1","Well Laid Plans","Envenom","Flying Knee","PiercingWail","Dagger Throw","Dash+1","Crippling Poison+1","Dodge and Roll+1","Dash+1","Corpse Explosion","Venomology+1","Grand Finale+1","Wraith Form v2+1","Dodge and Roll+1","Deflect+1","Parasite","Flechettes+1","Phantasmal Killer","Choke","Blur","Bane+1","Finisher+1"],"special_seed":0,"relics":["Ring of the Snake","War Paint","Gremlin Horn","Prayer Wheel","GremlinMask","Sozu","Anchor","The Courier","Shuriken","Art of War","Astrolabe","Frozen Eye","Kunai","Mercury Hourglass","Darkstone Periapt"],"potions_floor_usage":[],"damage_taken":[{"damage":2.0,"enemies":"Cultist","floor":1.0,"turns":5.0},{"damage":0.0,"enemies":"Jaw Worm","floor":2.0,"turns":5.0},{"damage":0.0,"enemies":"2 Louse","floor":4.0,"turns":2.0},{"damage":3.0,"enemies":"Gremlin Gang","floor":5.0,"turns":6.0},{"damage":14.0,"enemies":"3 Sentries","floor":7.0,"turns":5.0},{"damage":2.0,"enemies":"Blue Slaver","floor":8.0,"turns":3.0},{"damage":1.0,"enemies":"Exordium Thugs","floor":13.0,"turns":3.0},{"damage":40.0,"enemies":"Hexaghost","floor":16.0,"turns":9.0},{"damage":14.0,"enemies":"Shell Parasite","floor":18.0,"turns":5.0},{"damage":1,"enemies":"3 Byrds","floor":19,"turns":3},{"damage":9,"enemies":"Snake Plant","floor":20,"turns":5},{"damage":20,"enemies":"Colosseum Slavers","floor":21,"turns":5},{"damage":6,"enemies":"Gremlin Leader","floor":24,"turns":7},{"damage":14,"enemies":"Centurion and Healer","floor":25,"turns":10},{"damage":12,"enemies":"Slavers","floor":28,"turns":8},{"damage":21,"enemies":"Snecko","floor":30,"turns":4},{"damage":28,"enemies":"Automaton","floor":33,"turns":12},{"damage":18,"enemies":"3 Darklings","floor":35,"turns":3},{"damage":4,"enemies":"3 Shapes","floor":39,"turns":5},{"damage":25,"enemies":"Writhing Mass","floor":41,"turns":8},{"damage":34,"enemies":"Spire Growth","floor":42,"turns":6},{"damage":0,"enemies":"3 Darklings","floor":47,"turns":5},{"damage":70,"enemies":"Awakened One","floor":50,"turns":19}],"seed_played":"6963532017563877126","potions_obtained":[{"floor":4.0,"key":"AttackPotion"},{"floor":5.0,"key":"Energy Potion"}],"is_trial":false,"path_per_floor":["M","M","?","M","M","R","E","M","T","R","T","R","M","?","R","B",null,"M","M","M","?","$","R","E","M","T","R","E","?","M","?","R","B",null,"M","?","$","?","M","R","M","M","T","R","?","R","M","T","R","B"],"character_chosen":"THE_SILENT","items_purchased":["Anchor","Frozen Eye"],"campfire_rested":7,"item_purchase_floors":[22,37],"current_hp_per_floor":[68,68,68,68,65,65,51,49,49,49,49,49,48,48,48,8,70,56,55,46,26,26,47,41,27,27,48,36,36,15,15,36,8,70,52,52,52,52,48,69,44,10,10,31,31,52,52,52,70,0],"gold":77,"neow_bonus":"RANDOM_COLORLESS_2","is_prod":false,"is_daily":false,"chose_seed":false,"campfire_upgraded":4,"win_rate":0,"timestamp":1560219964,"path_taken":["M","?","?","M","M","R","E","M","T","R","?","R","M","?","R","BOSS","M","?","M","?","?","R","E","M","T","R","E","?","?","?","R","BOSS","M","?","$","?","M","R","?","M","T","R","?","R","?","?","R","BOSS"],"build_version":"2019-01-23","purchased_purges":1,"victory":false,"max_hp_per_floor":[70,70,70,70,70,70,70,70,70,70,70,70,70,70,70,70,70,70,70,70,70,70,70,70,70,70,70,70,70,70,70,70,70,70,70,70,70,70,70,70,70,70,70,70,70,70,70,70,70,70],"card_choices":[{"not_picked":["Deadly Poison","Bane"],"picked":"Flying Knee","floor":1.0},{"not_picked":["Bane","Deadly Poison"],"picked":"Riddle With Holes","floor":2.0},{"not_picked":["Blur","Backstab"],"picked":"Dash","floor":4.0},{"not_picked":["Cloak And Dagger","Backflip"],"picked":"Calculated Gamble","floor":5.0},{"not_picked":["Setup","Expertise"],"picked":"Poisoned Stab","floor":7.0},{"not_picked":["Riddle With Holes","Sucker Punch"],"picked":"Caltrops","floor":8.0},{"not_picked":["Poisoned Stab","Adrenaline"],"picked":"Well Laid Plans","floor":13.0},{"not_picked":["Flechettes","Dodge and Roll","Endless Agony"],"picked":"SKIP","floor":13.0},{"not_picked":["Wraith Form v2","Storm of Steel"],"picked":"Envenom","floor":16.0},{"not_picked":["Leg Sweep","Blade Dance"],"picked":"Flying Knee","floor":18},{"not_picked":["Accuracy","Masterful Stab","Infinite Blades"],"picked":"SKIP","floor":18},{"not_picked":["Acrobatics+1","Flying Knee+1"],"picked":"PiercingWail","floor":19},{"not_picked":["Outmaneuver","Calculated Gamble","Poisoned Stab"],"picked":"SKIP","floor":19},{"not_picked":["Cloak And Dagger","Acrobatics"],"picked":"Dagger Throw","floor":20},{"not_picked":["Backflip","Sucker Punch","Deflect"],"picked":"SKIP","floor":20},{"not_picked":["Concentrate","Endless Agony","Venomology"],"picked":"SKIP","floor":24},{"not_picked":["Accuracy","Deflect"],"picked":"Dash+1","floor":25},{"not_picked":["Sucker Punch","Dodge and Roll"],"picked":"Eviscerate+1","floor":25},{"not_picked":["Reflex","Caltrops"],"picked":"Crippling Poison+1","floor":28},{"not_picked":["Tactician","Sucker Punch+1"],"picked":"Dodge and Roll","floor":30},{"not_picked":["Slice","Riddle With Holes","Acrobatics"],"picked":"SKIP","floor":30},{"not_picked":["Die Die Die","Doppelganger"],"picked":"Corpse Explosion","floor":33},{"not_picked":["Outmaneuver+1","Backflip"],"picked":"Dodge and Roll+1","floor":35},{"not_picked":["Predator+1","Flying Knee+1","Dodge and Roll"],"picked":"SKIP","floor":35},{"not_picked":["Dagger Spray","Flying Knee"],"picked":"Deflect+1","floor":39},{"not_picked":["Underhanded Strike+1","Slice+1","All Out Attack+1"],"picked":"SKIP","floor":39},{"not_picked":["Eviscerate","Reflex+1"],"picked":"Flechettes+1","floor":41},{"not_picked":["Flying Knee+1","Underhanded Strike"],"picked":"Phantasmal Killer","floor":41},{"not_picked":["Sucker Punch+1","Escape Plan+1"],"picked":"Choke","floor":42},{"not_picked":["Flying Knee+1","Choke"],"picked":"Blur","floor":42},{"not_picked":["Dagger Spray+1","Slice+1"],"picked":"Bane+1","floor":47},{"not_picked":["Dagger Throw+1","Masterful Stab+1"],"picked":"Finisher+1","floor":47}],"player_experience":545677,"relics_obtained":[{"floor":7.0,"key":"War Paint"},{"floor":9.0,"key":"Gremlin Horn"},{"floor":11.0,"key":"Prayer Wheel"},{"floor":24,"key":"The Courier"},{"floor":26,"key":"Shuriken"},{"floor":28,"key":"Art of War"},{"floor":43,"key":"Kunai"},{"floor":48,"key":"Darkstone Periapt"}],"event_choices":[{"damage_healed":0.0,"max_hp_gain":0.0,"max_hp_loss":0.0,"gold_gain":0.0,"cards_transformed":["Defend_G"],"event_name":"Living Wall","player_choice":"Change","floor":3.0,"gold_loss":0.0,"damage_taken":0.0,"cards_obtained":["Predator"]},{"damage_healed":0.0,"max_hp_gain":0.0,"max_hp_loss":0.0,"gold_gain":0.0,"event_name":"FaceTrader","player_choice":"Trade","floor":14.0,"gold_loss":0.0,"damage_taken":0.0,"relics_obtained":["GremlinMask"]},{"damage_healed":0,"gold_gain":0,"player_choice":"Fight","damage_taken":0,"max_hp_gain":0,"max_hp_loss":0,"event_name":"Colosseum","floor":21,"gold_loss":0},{"damage_healed":0,"gold_gain":0,"player_choice":"Fled From Nobs","damage_taken":0,"max_hp_gain":0,"max_hp_loss":0,"event_name":"Colosseum","floor":21,"gold_loss":0},{"damage_healed":0,"gold_gain":0,"player_choice":"Bought 0 Potions","damage_taken":0,"max_hp_gain":0,"max_hp_loss":0,"event_name":"The Woman in Blue","floor":29,"gold_loss":0},{"damage_healed":0,"gold_gain":0,"player_choice":"Copied","damage_taken":0,"max_hp_gain":0,"max_hp_loss":0,"event_name":"Duplicator","floor":31,"gold_loss":0,"cards_obtained":["Dash"]},{"damage_healed":0,"gold_gain":0,"player_choice":"Ignored","damage_taken":0,"max_hp_gain":0,"max_hp_loss":0,"event_name":"Tomb of Lord Red Mask","floor":36,"gold_loss":0},{"damage_healed":0,"gold_gain":0,"player_choice":"Forge","damage_taken":0,"max_hp_gain":0,"max_hp_loss":0,"event_name":"Accursed Blacksmith","floor":38,"gold_loss":0,"cards_upgraded":["Dodge and Roll"]},{"damage_healed":0,"gold_gain":0,"player_choice":"Paid Gold","damage_taken":0,"relics_obtained":["Mercury Hourglass"],"max_hp_gain":0,"max_hp_loss":0,"event_name":"WeMeetAgain","floor":45,"gold_loss":63}],"is_beta":false,"boss_relics":[{"not_picked":["Pandora\u0027s Box","White Beast Statue"],"picked":"Sozu"},{"not_picked":["Calling Bell","Coffee Dripper"],"picked":"Astrolabe"}],"items_purged_floors":[22],"is_endless":false,"potions_floor_spawned":[4,5,19,24,25,30,35,47],"killed_by":"Awakened One","ascension_level":2}