{"gold_per_floor":[117,42,42,42,117,144,144,158,158,158,177,191,206,226,226,303,303,320,320,270,280,220,220,50,70,115,115],"floor_reached":27,"playtime":729,"items_purged":["Strike_B"],"score":476,"play_id":"483d3970-7a20-4baf-b446-fc6583cb3dbb","local_time":"20190524183426","is_ascension_mode":true,"campfire_choices":[{"data":"Loop","floor":7,"key":"SMITH"},{"floor":15,"key":"REST"},{"data":"Coolheaded","floor":23,"key":"SMITH"}],"neow_cost":"NONE","seed_source_timestamp":286634532292152,"circlet_count":0,"master_deck":["AscendersBane","Strike_B","Defend_B+1","Defend_B","Defend_B+1","Defend_B+1","Zap","Dualcast","Loop+1","Beam Cell","Turbo+1","Core Surge","Streamline","Coolheaded+1","Apotheosis","Self Repair"],"relics":["Cracked Core","NeowsBlessing","Pantograph","The Courier","Lizard Tail"],"potions_floor_usage":[16,16,25,25],"damage_taken":[{"damage":0,"enemies":"Jaw Worm","floor":1,"turns":1},{"damage":0,"enemies":"Gremlin Nob","floor":6,"turns":1},{"damage":0,"enemies":"2 Louse","floor":8,"turns":1},{"damage":2,"enemies":"Small Slimes","floor":11,"turns":4},{"damage":8,"enemies":"Gremlin Gang","floor":12,"turns":5},{"damage":6,"enemies":"Red Slaver","floor":13,"turns":3},{"damage":3,"enemies":"Looter","floor":14,"turns":4},{"damage":42,"enemies":"Slime Boss","floor":16,"turns":9},{"damage":38,"enemies":"Spheric Guardian","floor":18,"turns":6},{"damage":49,"enemies":"3 Byrds","floor":21,"turns":5},{"damage":6,"enemies":"Cultist and Chosen","floor":25,"turns":6},{"damage":8,"enemies":"Centurion and Healer","floor":27,"turns":2}],"seed_played":"-5355876989822923157","potions_obtained":[{"floor":6,"key":"AttackPotion"},{"floor":8,"key":"Fire Potion"},{"floor":13,"key":"PowerPotion"},{"floor":18,"key":"FocusPotion"},{"floor":21,"key":"Block Potion"},{"floor":25,"key":"Fire Potion"}],"is_trial":false,"path_per_floor":["M","?","?","$","?","E","R","M","T","?","M","M","M","M","R","B",null,"M","?","?","M","$","R","$","M","T","M"],"character_chosen":"DEFECT","items_purchased":["Apotheosis"],"campfire_rested":1,"item_purchase_floors":[24],"current_hp_per_floor":[64,64,43,43,32,32,32,32,32,32,30,22,16,13,34,17,58,20,20,20,10,10,10,10,4,4,0],"gold":115,"neow_bonus":"THREE_ENEMY_KILL","is_prod":false,"is_daily":false,"chose_seed":false,"campfire_upgraded":2,"win_rate":0,"timestamp":1558694066,"path_taken":["M","?","?","$","?","E","R","M","T","?","?","M","M","M","R","BOSS","M","?","?","M","$","R","$","M","T","M"],"build_version":"2019-01-23","purchased_purges":1,"victory":false,"max_hp_per_floor":[71,71,71,71,71,71,71,71,71,71,71,71,71,71,71,71,71,71,71,71,71,71,71,71,71,71,71],"card_choices":[{"not_picked":["Stack","Reprogram","Redo"],"picked":"SKIP","floor":1},{"not_picked":["Rebound","Gash"],"picked":"Loop","floor":6},{"not_picked":["Steam","Go for the Eyes","Stack"],"picked":"SKIP","floor":8},{"not_picked":["Steam","Go for the Eyes","Stack"],"picked":"SKIP","floor":8},{"not_picked":["Hello World","Beam Cell","Gash"],"picked":"SKIP","floor":11},{"not_picked":["Hello World","Gash"],"picked":"Beam Cell","floor":11},{"not_picked":["Barrage","Hologram","Cold Snap"],"picked":"SKIP","floor":12},{"not_picked":["Doom and Gloom","Heatsinks"],"picked":"Turbo","floor":13},{"not_picked":["Lockon","Amplify","Rebound"],"picked":"SKIP","floor":14},{"not_picked":["Meteor Strike","Buffer"],"picked":"Core Surge","floor":16},{"not_picked":["Steam Power","Static Discharge"],"picked":"Streamline","floor":18},{"not_picked":["Hello World","Leap"],"picked":"Coolheaded","floor":21},{"not_picked":["Fusion","Streamline"],"picked":"Self Repair","floor":25}],"player_experience":935084,"relics_obtained":[{"floor":6,"key":"Pantograph"},{"floor":9,"key":"The Courier"}],"event_choices":[{"cards_removed":["Strike_B"],"damage_healed":0,"gold_gain":0,"player_choice":"Card Removal","damage_taken":0,"max_hp_gain":0,"max_hp_loss":0,"event_name":"The Cleric","floor":2,"gold_loss":75},{"damage_healed":0,"gold_gain":0,"player_choice":"Entered Light","damage_taken":21,"max_hp_gain":0,"max_hp_loss":0,"event_name":"Shining Light","floor":3,"gold_loss":0,"cards_upgraded":["Defend_B","Defend_B"]},{"damage_healed":0,"gold_gain":75,"player_choice":"Gather Gold","damage_taken":11,"max_hp_gain":0,"max_hp_loss":0,"event_name":"World of Goop","floor":5,"gold_loss":0},{"cards_removed":["Strike_B"],"damage_healed":0,"gold_gain":0,"player_choice":"Purged","damage_taken":0,"max_hp_gain":0,"max_hp_loss":0,"event_name":"Purifier","floor":10,"gold_loss":0},{"damage_healed":0,"gold_gain":0,"player_choice":"Ignored","damage_taken":0,"max_hp_gain":0,"max_hp_loss":0,"event_name":"Cursed Tome","floor":19,"gold_loss":0},{"damage_healed":0,"gold_gain":0,"player_choice":"Upgraded Two","damage_taken":0,"max_hp_gain":0,"max_hp_loss":0,"event_name":"Designer","floor":20,"gold_loss":50,"cards_upgraded":["Turbo","Defend_B"]}],"is_beta":false,"boss_relics":[{"not_picked":["Sozu","Velvet Choker"],"picked":"Lizard Tail"}],"items_purged_floors":[22],"is_endless":false,"potions_floor_spawned":[6,8,11,13,18,21,25],"killed_by":"Centurion and Healer","ascension_level":20}