{"gold_per_floor":[118,193,193,204,16,16,51,67,90,90,105,105,116,149,149,226,226,244,244,169,189,189],"floor_reached":22,"playtime":561,"items_purged":["Strike_B"],"score":438,"play_id":"f728c453-05f2-449a-9f49-972805b907ab","local_time":"20190525015104","is_ascension_mode":true,"campfire_choices":[{"data":"Streamline","floor":6.0,"key":"SMITH"},{"data":"Skim","floor":10.0,"key":"SMITH"},{"data":"Dualcast","floor":12.0,"key":"SMITH"},{"floor":15.0,"key":"REST"}],"neow_cost":"NONE","seed_source_timestamp":312957991791495,"circlet_count":0,"master_deck":["AscendersBane","Strike_B","Strike_B","Strike_B","Defend_B","Defend_B","Defend_B","Defend_B+1","Zap+1","Dualcast+1","Skim+1","White Noise","Streamline+1","Ball Lightning","Recycle","Hologram"],"special_seed":0,"relics":["Cracked Core","NeowsBlessing","DataDisk","Strawberry","Art of War","Blue Candle","Inserter"],"potions_floor_usage":[],"damage_taken":[{"damage":0.0,"enemies":"Jaw Worm","floor":1.0,"turns":1.0},{"damage":0.0,"enemies":"Small Slimes","floor":4.0,"turns":1.0},{"damage":0.0,"enemies":"Gremlin Nob","floor":7.0,"turns":1.0},{"damage":0.0,"enemies":"Cultist","floor":8.0,"turns":2.0},{"damage":0.0,"enemies":"2 Fungi Beasts","floor":11.0,"turns":2.0},{"damage":7.0,"enemies":"Red Slaver","floor":13.0,"turns":4.0},{"damage":5.0,"enemies":"Lagavulin","floor":14.0,"turns":4.0},{"damage":31.0,"enemies":"The Guardian","floor":16.0,"turns":9.0},{"damage":0,"enemies":"Chosen","floor":18,"turns":5},{"damage":41,"enemies":"3 Byrds","floor":21,"turns":5},{"damage":0,"enemies":"Cultist and Chosen","floor":22,"turns":1}],"seed_played":"4762047621206344856","potions_obtained":[{"floor":4.0,"key":"Weak Potion"},{"floor":8.0,"key":"FearPotion"},{"floor":14.0,"key":"FocusPotion"},{"floor":21,"key":"LiquidBronze"}],"is_trial":false,"path_per_floor":["M","?","?","M","$","R","E","M","T","R","M","R","M","E","R","B",null,"M","?","$","M","M"],"character_chosen":"DEFECT","items_purchased":["Streamline","DataDisk"],"campfire_rested":1,"item_purchase_floors":[5,5],"current_hp_per_floor":[64,53,32,32,32,32,39,39,39,39,39,39,32,27,50,19,63,63,88,88,47,47],"gold":189,"neow_bonus":"THREE_ENEMY_KILL","is_prod":false,"is_daily":false,"chose_seed":false,"campfire_upgraded":3,"win_rate":0,"timestamp":1558720264,"path_taken":["M","?","?","M","$","R","E","M","T","R","M","R","M","E","R","BOSS","M","?","$","?","M"],"build_version":"2019-01-23","purchased_purges":1,"victory":false,"max_hp_per_floor":[71,71,71,71,71,71,78,78,78,78,78,78,78,78,78,78,78,78,88,88,88,88],"card_choices":[{"not_picked":["Stack","Static Discharge"],"picked":"Skim","floor":1.0},{"not_picked":["Scrape","Sweeping Beam"],"picked":"White Noise","floor":4.0},{"not_picked":["Reprogram","Barrage","Tempest"],"picked":"SKIP","floor":7.0},{"not_picked":["Compile Driver","Steam","Beam Cell"],"picked":"SKIP","floor":8.0},{"not_picked":["Consume","Hologram"],"picked":"Ball Lightning","floor":11.0},{"not_picked":["Ball Lightning","Reinforced Body"],"picked":"Recycle","floor":13.0},{"not_picked":["Rainbow","Consume","Sunder"],"picked":"SKIP","floor":14.0},{"not_picked":["Amplify","Thunder Strike"],"picked":"Buffer","floor":16.0},{"not_picked":["Melter","Beam Cell","Gash"],"picked":"SKIP","floor":18},{"not_picked":["Barrage","Steam"],"picked":"Hologram","floor":21}],"player_experience":947697,"relics_obtained":[{"floor":7.0,"key":"Strawberry"},{"floor":9.0,"key":"Art of War"},{"floor":14.0,"key":"Blue Candle"}],"event_choices":[{"damage_healed":0.0,"max_hp_gain":0.0,"max_hp_loss":0.0,"gold_gain":75.0,"event_name":"World of Goop","player_choice":"Gather Gold","floor":2.0,"gold_loss":0.0,"damage_taken":11.0},{"damage_healed":0.0,"max_hp_gain":0.0,"max_hp_loss":0.0,"gold_gain":0.0,"event_name":"Shining Light","player_choice":"Entered Light","floor":3.0,"gold_loss":0.0,"damage_taken":21.0,"cards_upgraded":["Zap","Defend_B"]},{"cards_removed":["Buffer"],"damage_healed":15,"gold_gain":0,"player_choice":"Offered Rare","damage_taken":0,"max_hp_gain":10,"max_hp_loss":0,"event_name":"Bonfire Elementals","floor":19,"gold_loss":0}],"is_beta":false,"boss_relics":[{"not_picked":["Sozu","Nuclear Battery"],"picked":"Inserter"}],"items_purged_floors":[20],"is_endless":false,"potions_floor_spawned":[4,8,11,13,14,21],"killed_by":"Cultist and Chosen","ascension_level":20}