{"gold_per_floor":[111,111,62,62,77,77,95,124,192,53,78,78,112,5,5,100,100,113,113,130,148,73,73],"floor_reached":23,"playtime":1413,"items_purged":[],"score":238,"play_id":"f4dd8bb9-111d-43ca-a6c3-56f783868324","local_time":"20190116231949","is_ascension_mode":true,"campfire_choices":[{"data":"Searing Blow","floor":6,"key":"SMITH"},{"floor":12,"key":"REST"},{"floor":15,"key":"REST"}],"neow_cost":"PERCENT_DAMAGE","seed_source_timestamp":756323177218737,"circlet_count":0,"master_deck":["Bash","Searing Blow+1","Headbutt","Shrug It Off","Heavy Blade","Sentinel","True Grit","Anger","Limit Break","Spot Weakness","Dropkick","Inflame","Flame Barrier","Demon Form","Wild Strike","Perfected Strike","Sword Boomerang","Shockwave","Ghostly Armor","Corruption","Shrug It Off","Entrench","Feel No Pain"],"relics":["Burning Blood","Bag of Marbles","Ornamental Fan","PreservedInsect","StoneCalendar","Pandora\u0027s Box","Red Skull"],"potions_floor_usage":[13],"damage_taken":[{"damage":2,"enemies":"Jaw Worm","floor":1,"turns":3},{"damage":2,"enemies":"Cultist","floor":5,"turns":4},{"damage":8,"enemies":"2 Louse","floor":7,"turns":2},{"damage":32,"enemies":"Gremlin Nob","floor":8,"turns":4},{"damage":28,"enemies":"Lagavulin","floor":11,"turns":4},{"damage":15,"enemies":"3 Sentries","floor":13,"turns":4},{"damage":27,"enemies":"Slime Boss","floor":16,"turns":7},{"damage":11,"enemies":"Shell Parasite","floor":18,"turns":5},{"damage":17,"enemies":"3 Byrds","floor":20,"turns":5},{"damage":45,"enemies":"Shelled Parasite and Fungi","floor":21,"turns":5},{"damage":39,"enemies":"Book of Stabbing","floor":23,"turns":5}],"seed_played":"8119953333770247209","potions_obtained":[{"floor":8,"key":"LiquidBronze"},{"floor":11,"key":"SteroidPotion"}],"is_trial":false,"path_per_floor":["M","?","$","?","M","R","M","E","T","$","E","R","E","$","R","B",null,"M","?","M","M","$","E"],"character_chosen":"IRONCLAD","items_purchased":["Shrug It Off","Limit Break","Inflame","Flame Barrier","Feel No Pain"],"campfire_rested":2,"item_purchase_floors":[3,10,14,14,22],"current_hp_per_floor":[60,90,90,90,90,90,88,62,62,62,40,67,58,58,85,64,90,85,85,74,35,35,0],"gold":73,"neow_bonus":"TRANSFORM_TWO_CARDS","is_prod":false,"is_daily":false,"chose_seed":false,"campfire_upgraded":1,"win_rate":0,"timestamp":1547641189,"path_taken":["M","?","?","?","M","R","?","E","T","$","E","R","E","$","R","BOSS","M","?","M","M","$","E"],"build_version":"2019-01-10","purchased_purges":0,"victory":false,"max_hp_per_floor":[80,90,90,90,90,90,90,90,90,90,90,90,90,90,90,90,90,90,90,90,90,90,90],"card_choices":[{"not_picked":["Thunderclap","Rupture"],"picked":"Headbutt","floor":1},{"not_picked":["Iron Wave","Wild Strike"],"picked":"Sentinel","floor":5},{"not_picked":["Clothesline","Bloodletting"],"picked":"True Grit","floor":7},{"not_picked":["Sword Boomerang","Disarm"],"picked":"Anger","floor":8},{"not_picked":["Blood for Blood","True Grit"],"picked":"Spot Weakness","floor":11},{"not_picked":["Headbutt","Carnage"],"picked":"Dropkick","floor":13},{"not_picked":["Feed","Limit Break"],"picked":"Demon Form","floor":16},{"not_picked":["Flex","Second Wind","Sword Boomerang+1"],"picked":"SKIP","floor":18},{"not_picked":["Dual Wield+1","Thunderclap"],"picked":"Shrug It Off","floor":20},{"not_picked":["Clothesline","Spot Weakness"],"picked":"Entrench","floor":21}],"player_experience":452995,"relics_obtained":[{"floor":8,"key":"Bag of Marbles"},{"floor":9,"key":"Ornamental Fan"},{"floor":11,"key":"PreservedInsect"},{"floor":13,"key":"StoneCalendar"}],"event_choices":[{"cards_removed":["Berserk"],"damage_healed":20,"gold_gain":0,"player_choice":"Offered Rare","damage_taken":0,"max_hp_gain":10,"max_hp_loss":0,"event_name":"Bonfire Elementals","floor":2,"gold_loss":0},{"damage_healed":0,"gold_gain":0,"cards_transformed":["Strike_R"],"player_choice":"Transformed","damage_taken":0,"max_hp_gain":0,"max_hp_loss":0,"event_name":"Transmorgrifier","floor":4,"gold_loss":0,"cards_obtained":["Heavy Blade"]},{"damage_healed":0,"gold_gain":0,"player_choice":"Opened","damage_taken":0,"relics_obtained":["Red Skull"],"max_hp_gain":0,"max_hp_loss":0,"event_name":"The Mausoleum","floor":19,"gold_loss":0}],"is_beta":false,"boss_relics":[{"not_picked":["Snecko Eye","Velvet Choker"],"picked":"Pandora\u0027s Box"}],"items_purged_floors":[],"is_endless":false,"potions_floor_spawned":[8,11],"killed_by":"Book of Stabbing","ascension_level":3}