{"gold_per_floor":[113,123,135,150,150,150,100,100,147,147,159,179,179,194,194,289,289,299,299,314,331,127,127,127,127,127,52,52,52,52,71,71,167,167],"floor_reached":34,"playtime":843,"items_purged":["Pain"],"score":342,"play_id":"fcc4f863-5ead-43bd-a062-14d2acbda0ff","local_time":"20190520115356","is_ascension_mode":false,"campfire_choices":[{"data":"Armaments","floor":6.0,"key":"SMITH"},{"data":"Evolve","floor":8.0,"key":"SMITH"},{"data":"Cleave","floor":13.0,"key":"SMITH"},{"data":"Demon Form","floor":15.0,"key":"SMITH"},{"data":"Limit Break","floor":23.0,"key":"SMITH"},{"floor":30,"key":"REST"},{"data":"Offering","floor":32,"key":"SMITH"}],"neow_cost":"NONE","seed_source_timestamp":304260011934723,"circlet_count":0,"master_deck":["Strike_R","Strike_R","Defend_R","Defend_R","Defend_R","Defend_R","Bash","Armaments+1","Evolve+1","Cleave+1","Demon Form+1","Limit Break+1","Flame Barrier","Feel No Pain+1","Sword Boomerang","Offering+1","Decay","Pommel Strike+1"],"special_seed":0,"relics":["Burning Blood","Bronze Scales","Runic Dome","WarpedTongs","Juzu Bracelet","Nloth\u0027s Gift","Potion Belt","White Beast Statue"],"potions_floor_usage":[],"damage_taken":[{"damage":6.0,"enemies":"Cultist","floor":1.0,"turns":3.0},{"damage":4.0,"enemies":"2 Louse","floor":2.0,"turns":4.0},{"damage":1.0,"enemies":"Jaw Worm","floor":3.0,"turns":3.0},{"damage":9.0,"enemies":"2 Fungi Beasts","floor":4.0,"turns":5.0},{"damage":5.0,"enemies":"Red Slaver","floor":11.0,"turns":5.0},{"damage":0.0,"enemies":"Exordium Wildlife","floor":12.0,"turns":5.0},{"damage":11.0,"enemies":"Exordium Thugs","floor":14.0,"turns":6.0},{"damage":30.0,"enemies":"Slime Boss","floor":16.0,"turns":6.0},{"damage":37.0,"enemies":"2 Thieves","floor":18.0,"turns":5.0},{"damage":2.0,"enemies":"3 Byrds","floor":20.0,"turns":4.0},{"damage":32.0,"enemies":"Centurion and Healer","floor":21.0,"turns":9.0},{"damage":20,"enemies":"Snake Plant","floor":31,"turns":4},{"damage":30,"enemies":"Champ","floor":33,"turns":8}],"seed_played":"-5575111963994752877","potions_obtained":[{"floor":4.0,"key":"Regen Potion"},{"floor":12.0,"key":"Energy Potion"},{"floor":14.0,"key":"Weak Potion"},{"floor":21.0,"key":"Poison Potion"},{"floor":33,"key":"EssenceOfSteel"}],"is_trial":false,"path_per_floor":["M","M","M","M","?","R","?","R","T","?","M","M","R","M","R","B",null,"M","?","M","M","$","R","?","?","T","?","$","?","R","M","R","B",null],"character_chosen":"IRONCLAD","items_purchased":["Juzu Bracelet"],"campfire_rested":1,"item_purchase_floors":[22],"current_hp_per_floor":[80,80,80,77,70,70,70,70,70,70,71,77,77,72,72,48,80,49,49,67,41,41,41,41,41,41,41,41,41,65,51,51,27,80],"gold":167,"neow_bonus":"RANDOM_COMMON_RELIC","is_prod":false,"is_daily":false,"chose_seed":false,"campfire_upgraded":6,"win_rate":0,"timestamp":1558324436,"path_taken":["M","?","M","M","?","R","?","R","T","?","M","?","R","M","R","BOSS","M","?","?","M","$","R","?","?","T","?","$","?","R","M","R","BOSS"],"build_version":"2019-01-23","purchased_purges":1,"victory":false,"max_hp_per_floor":[80,80,80,80,80,80,80,80,80,80,80,80,80,80,80,80,80,80,80,80,80,80,80,80,80,80,80,80,80,80,80,80,80,80],"card_choices":[{"not_picked":["Twin Strike","Clash","Cleave"],"picked":"SKIP","floor":1.0},{"not_picked":["Heavy Blade","Cleave","Hemokinesis"],"picked":"SKIP","floor":2.0},{"not_picked":["Anger","Blood for Blood"],"picked":"Armaments","floor":3.0},{"not_picked":["Rampage","Battle Trance"],"picked":"Evolve","floor":4.0},{"not_picked":["Evolve","Havoc","Thunderclap"],"picked":"SKIP","floor":11.0},{"not_picked":["Havoc","Intimidate"],"picked":"Cleave","floor":12.0},{"not_picked":["Sword Boomerang","Heavy Blade"],"picked":"Demon Form","floor":14.0},{"not_picked":["Dark Embrace","Barricade"],"picked":"Limit Break","floor":16.0},{"not_picked":["Pummel","Fire Breathing"],"picked":"Flame Barrier","floor":18.0},{"not_picked":["Seeing Red","Heavy Blade+1"],"picked":"Feel No Pain+1","floor":20.0},{"not_picked":["Twin Strike","True Grit"],"picked":"Sword Boomerang","floor":21.0},{"not_picked":["Heavy Blade","Body Slam"],"picked":"Pommel Strike+1","floor":31}],"player_experience":886634,"relics_obtained":[{"floor":9.0,"key":"Bronze Scales"},{"floor":26,"key":"Potion Belt"}],"event_choices":[{"cards_removed":["Strike_R"],"damage_healed":0.0,"max_hp_gain":0.0,"max_hp_loss":0.0,"gold_gain":0.0,"event_name":"Golden Wing","player_choice":"Card Removal","floor":5.0,"gold_loss":0.0,"damage_taken":7.0},{"cards_removed":["Strike_R"],"damage_healed":0.0,"max_hp_gain":0.0,"max_hp_loss":0.0,"gold_gain":0.0,"event_name":"The Cleric","player_choice":"Card Removal","floor":7.0,"gold_loss":50.0,"damage_taken":0.0},{"damage_healed":0.0,"max_hp_gain":0.0,"max_hp_loss":0.0,"gold_gain":0.0,"event_name":"Liars Game","player_choice":"Ignored","floor":10.0,"gold_loss":0.0,"damage_taken":0.0},{"damage_healed":0.0,"max_hp_gain":0.0,"max_hp_loss":0.0,"gold_gain":0.0,"event_name":"Accursed Blacksmith","player_choice":"Rummage","floor":19.0,"gold_loss":0.0,"damage_taken":0.0,"relics_obtained":["WarpedTongs"],"cards_obtained":["Pain"]},{"damage_healed":0,"gold_gain":0,"player_choice":"Traded Relic","damage_taken":0,"relics_obtained":["Nloth\u0027s Gift"],"max_hp_gain":0,"max_hp_loss":0,"event_name":"N\u0027loth","floor":24,"relics_lost":["Smiling Mask"],"gold_loss":0},{"damage_healed":0,"gold_gain":0,"player_choice":"Read","damage_taken":0,"max_hp_gain":0,"max_hp_loss":0,"event_name":"The Library","floor":25,"gold_loss":0,"cards_obtained":["Offering"]},{"cards_removed":["Strike_R"],"damage_healed":0,"gold_gain":0,"player_choice":"Gave Gold","damage_taken":0,"max_hp_gain":0,"max_hp_loss":0,"event_name":"Beggar","floor":27,"gold_loss":75},{"damage_healed":0,"gold_gain":0,"player_choice":"Cursed","damage_taken":0,"max_hp_gain":0,"max_hp_loss":0,"event_name":"Wheel of Change","floor":29,"gold_loss":0,"cards_obtained":["Decay"]}],"is_beta":false,"boss_relics":[{"not_picked":["Ectoplasm","Empty Cage"],"picked":"Runic Dome"},{"not_picked":["Eternal Feather","Runic Pyramid"],"picked":"White Beast Statue"}],"items_purged_floors":[22],"is_endless":false,"potions_floor_spawned":[4,12,14,21,33],"ascension_level":0}