{"gold_per_floor":[111,186,29,42,53,53,82,82,82,97,124,142,142,142,142,241,241,256,270,284,297,315,315,315,315,315,315,335,335,347,362,362,465,465,482,535,535,81,20,20,30,30,53,68,68,68,68,84,84,84],"floor_reached":51,"playtime":3272,"items_purged":["Pain"],"score":957,"play_id":"6b285345-fb69-40e0-9cdc-25de02319bf7","local_time":"20190806005146","is_ascension_mode":true,"campfire_choices":[{"data":"1","floor":6.0,"key":"LIFT"},{"data":"2","floor":8.0,"key":"LIFT"},{"data":"3","floor":13.0,"key":"LIFT"},{"data":"Outmaneuver","floor":15.0,"key":"SMITH"},{"data":"Footwork","floor":23.0,"key":"SMITH"},{"data":"Phantasmal Killer","floor":25.0,"key":"SMITH"},{"data":"Cloak And Dagger","floor":27.0,"key":"SMITH"},{"data":"Dash","floor":29.0,"key":"SMITH"},{"data":"Finisher","floor":32.0,"key":"SMITH"},{"data":"Dodge and Roll","floor":40.0,"key":"SMITH"},{"data":"Footwork","floor":42.0,"key":"SMITH"},{"data":"Tools of the Trade","floor":45.0,"key":"SMITH"},{"data":"Cloak And Dagger","floor":49.0,"key":"SMITH"}],"neow_cost":"TEN_PERCENT_HP_LOSS","seed_source_timestamp":2256885387163300,"circlet_count":0,"master_deck":["Strike_G","Strike_G","Strike_G","Strike_G","Strike_G","Defend_G","Defend_G","Survivor","Neutralize","Finisher+1","Skewer+1","Outmaneuver+1","Footwork+1","Quick Slash","Dash+1","Well Laid Plans","Cloak And Dagger+1","Infinite Blades","Escape Plan","Phantasmal Killer+1","Dodge and Roll+1","Prepared+1","Sucker Punch+1","Infinite Blades","Dodge and Roll+1","Deadly Poison","Tools of the Trade+1","Backstab","Quick Slash+1","Die Die Die","Clumsy","Injury","Dagger Spray+1","Infinite Blades","Infinite Blades","Footwork+1","Blur","Footwork+1","Reflex+1","Cloak And Dagger+1"],"special_seed":0,"relics":["Ring of the Serpent","Girya","Bottled Lightning","Pen Nib","Paper Crane","Meat on the Bone","Calling Bell","Bag of Preparation","The Courier","Torii","Incense Burner","DollysMirror","Vajra","Orichalcum","Spirit Poop"],"potions_floor_usage":[],"damage_taken":[{"damage":0.0,"enemies":"2 Louse","floor":1.0,"turns":2.0},{"damage":0.0,"enemies":"Jaw Worm","floor":4.0,"turns":5.0},{"damage":0.0,"enemies":"Cultist","floor":5.0,"turns":4.0},{"damage":20.0,"enemies":"3 Sentries","floor":7.0,"turns":8.0},{"damage":0.0,"enemies":"Blue Slaver","floor":10.0,"turns":3.0},{"damage":4.0,"enemies":"Gremlin Nob","floor":11.0,"turns":3.0},{"damage":0.0,"enemies":"Red Slaver","floor":12.0,"turns":5.0},{"damage":18.0,"enemies":"Hexaghost","floor":16.0,"turns":5.0},{"damage":0.0,"enemies":"Spheric Guardian","floor":18.0,"turns":2.0},{"damage":13.0,"enemies":"3 Byrds","floor":19.0,"turns":7.0},{"damage":0.0,"enemies":"Centurion and Healer","floor":20.0,"turns":6.0},{"damage":3.0,"enemies":"Snecko","floor":21.0,"turns":4.0},{"damage":1.0,"enemies":"Snake Plant","floor":22.0,"turns":4.0},{"damage":7.0,"enemies":"Sentry and Sphere","floor":28.0,"turns":5.0},{"damage":8.0,"enemies":"Centurion and Healer","floor":30.0,"turns":5.0},{"damage":12.0,"enemies":"Snecko","floor":31.0,"turns":5.0},{"damage":1.0,"enemies":"Champ","floor":33.0,"turns":7.0},{"damage":0.0,"enemies":"3 Shapes","floor":35.0,"turns":2.0},{"damage":20.0,"enemies":"2 Orb Walkers","floor":36.0,"turns":4.0},{"damage":20.0,"enemies":"3 Darklings","floor":41.0,"turns":4.0},{"damage":23.0,"enemies":"Jaw Worm Horde","floor":44.0,"turns":5.0},{"damage":1.0,"enemies":"Transient","floor":48.0,"turns":5.0},{"damage":54,"enemies":"Awakened One","floor":50,"turns":20}],"seed_played":"708989893830354584","potions_obtained":[{"floor":1.0,"key":"Dexterity Potion"},{"floor":7.0,"key":"AttackPotion"},{"floor":11.0,"key":"Strength Potion"},{"floor":16.0,"key":"Dexterity Potion"},{"floor":21.0,"key":"SpeedPotion"},{"floor":28.0,"key":"Swift Potion"},{"floor":31.0,"key":"SpeedPotion"},{"floor":44.0,"key":"GamblersBrew"}],"is_trial":false,"path_per_floor":["M","?","$","M","M","R","E","R","T","M","E","M","R","?","R","B",null,"M","M","M","M","M","R","?","R","T","R","M","R","M","M","R","B",null,"M","?","?","$","$","R","M","R","T","M","R","?","?","M","R","B",null],"character_chosen":"THE_SILENT","items_purchased":["Skewer","Outmaneuver","Footwork","Infinite Blades","Infinite Blades","DollysMirror","Vajra","Blur"],"campfire_rested":0,"item_purchase_floors":[3,3,3,38,38,38,38,39],"current_hp_per_floor":[63,52,52,52,52,52,32,32,32,32,28,28,28,28,28,10,50,50,37,37,34,33,33,33,33,33,33,38,38,42,42,42,41,58,58,38,38,38,38,38,30,30,30,19,19,63,63,62,62,20],"gold":84,"neow_bonus":"ONE_RARE_RELIC","is_prod":false,"is_daily":false,"chose_seed":false,"campfire_upgraded":10,"win_rate":0,"timestamp":1565074306,"path_taken":["M","?","?","M","M","R","E","R","T","M","E","?","R","?","R","BOSS","M","M","M","M","M","R","?","R","T","R","M","R","M","M","R","BOSS","M","?","?","?","$","R","?","R","T","M","R","?","?","?","R","BOSS"],"build_version":"2019-07-18","purchased_purges":1,"victory":true,"max_hp_per_floor":[63,63,63,63,63,63,63,63,63,63,63,63,63,63,63,63,63,63,63,63,63,63,63,63,63,63,63,63,63,63,63,63,63,63,63,63,63,63,63,63,63,63,63,63,63,63,63,63,63,63],"card_choices":[{"not_picked":["Expertise","Bouncing Flask"],"picked":"Finisher","floor":1.0},{"not_picked":["Outmaneuver","Bane"],"picked":"Quick Slash","floor":4.0},{"not_picked":["Outmaneuver","Cloak And Dagger"],"picked":"Dash","floor":5.0},{"not_picked":["Noxious Fumes","Sucker Punch"],"picked":"Well Laid Plans","floor":7.0},{"not_picked":["Riddle With Holes","Sucker Punch"],"picked":"Cloak And Dagger","floor":10.0},{"not_picked":["Acrobatics","Riddle With Holes"],"picked":"Infinite Blades","floor":11.0},{"not_picked":["Noxious Fumes","Crippling Poison"],"picked":"Escape Plan","floor":12.0},{"not_picked":["Tools of the Trade","Adrenaline"],"picked":"Phantasmal Killer","floor":16.0},{"not_picked":["Dagger Throw+1","Poisoned Stab"],"picked":"Dodge and Roll+1","floor":18.0},{"not_picked":["Flechettes","Dagger Throw"],"picked":"Prepared+1","floor":19.0},{"not_picked":["PiercingWail","Poisoned Stab"],"picked":"Sucker Punch+1","floor":20.0},{"not_picked":["Underhanded Strike+1","Dagger Throw"],"picked":"Infinite Blades","floor":21.0},{"not_picked":["Flying Knee","Underhanded Strike"],"picked":"Dodge and Roll","floor":22.0},{"not_picked":["Predator","All Out Attack","Outmaneuver"],"picked":"SKIP","floor":28.0},{"not_picked":["PiercingWail","Noxious Fumes"],"picked":"Backstab","floor":30.0},{"not_picked":["Bane","Flechettes"],"picked":"Quick Slash+1","floor":31.0},{"not_picked":["Tools of the Trade","Envenom"],"picked":"Die Die Die","floor":33.0},{"not_picked":["Prepared","Dodge and Roll"],"picked":"Dagger Spray+1","floor":35.0},{"not_picked":["Wraith Form v2","Well Laid Plans"],"picked":"Footwork","floor":41.0},{"not_picked":["Tactician","Flying Knee+1"],"picked":"Reflex+1","floor":44.0},{"not_picked":["Reflex","PiercingWail"],"picked":"Cloak And Dagger","floor":48.0}],"player_experience":185189,"relics_obtained":[{"floor":7.0,"key":"Bottled Lightning"},{"floor":9.0,"key":"Pen Nib"},{"floor":11.0,"key":"Paper Crane"},{"floor":26.0,"key":"Meat on the Bone"},{"floor":34.0,"key":"Bag of Preparation"},{"floor":34.0,"key":"The Courier"},{"floor":34.0,"key":"Torii"},{"floor":36.0,"key":"Incense Burner"},{"floor":43.0,"key":"Orichalcum"}],"event_choices":[{"damage_healed":0.0,"max_hp_gain":0.0,"max_hp_loss":0.0,"gold_gain":75.0,"event_name":"World of Goop","player_choice":"Gather Gold","floor":2.0,"gold_loss":0.0,"damage_taken":11.0},{"damage_healed":0.0,"max_hp_gain":0.0,"max_hp_loss":0.0,"gold_gain":0.0,"event_name":"Accursed Blacksmith","player_choice":"Forge","floor":14.0,"gold_loss":0.0,"damage_taken":0.0,"cards_upgraded":["Skewer"]},{"damage_healed":0.0,"max_hp_gain":0.0,"max_hp_loss":0.0,"gold_gain":0.0,"cards_transformed":["Defend_G","Defend_G"],"event_name":"Drug Dealer","player_choice":"Became Test Subject","floor":24.0,"gold_loss":0.0,"damage_taken":0.0,"cards_obtained":["Deadly Poison","Tools of the Trade"]},{"damage_healed":0.0,"max_hp_gain":0.0,"max_hp_loss":0.0,"gold_gain":0.0,"event_name":"Mysterious Sphere","player_choice":"Fight","floor":36.0,"gold_loss":0.0,"damage_taken":0.0},{"cards_removed":["Defend_G"],"damage_healed":0.0,"max_hp_gain":0.0,"max_hp_loss":0.0,"gold_gain":0.0,"event_name":"Falling","player_choice":"Removed Skill","floor":37.0,"gold_loss":0.0,"damage_taken":0.0},{"damage_healed":44.0,"max_hp_gain":0.0,"max_hp_loss":0.0,"gold_gain":0.0,"event_name":"MindBloom","player_choice":"Heal","floor":46.0,"gold_loss":0.0,"damage_taken":0.0,"cards_obtained":["Doubt"]},{"cards_removed":["Doubt"],"damage_healed":0.0,"max_hp_gain":0.0,"max_hp_loss":0.0,"gold_gain":0.0,"event_name":"Bonfire Elementals","player_choice":"Offered Curse","floor":47.0,"gold_loss":0.0,"damage_taken":0.0,"relics_obtained":["Spirit Poop"]}],"is_beta":true,"boss_relics":[{"not_picked":["Tiny House","Runic Dome"],"picked":"Ring of the Serpent"},{"not_picked":["HoveringKite","Velvet Choker"],"picked":"Calling Bell"}],"items_purged_floors":[38],"is_endless":false,"potions_floor_spawned":[1,7,11,12,16,21,28,31,44],"ascension_level":9}