{"gold_per_floor":[112,112,123,137,147,147,159,159,159,171,199,211,235,280,292,304],"floor_reached":16,"playtime":1570,"items_purged":[],"score":125,"play_id":"5a6bebc7-dba3-48aa-890e-3d435454c7cc","local_time":"20190712112501","is_ascension_mode":true,"campfire_choices":[{"data":"Iron Wave","floor":6,"key":"SMITH"},{"data":"Bash","floor":8,"key":"SMITH"},{"data":"Disarm","floor":10,"key":"SMITH"},{"floor":15,"key":"REST"}],"neow_cost":"TEN_PERCENT_HP_LOSS","seed_source_timestamp":2300539083318500,"circlet_count":0,"master_deck":["Strike_R","Strike_R","Strike_R","Strike_R","Strike_R","Defend_R","Defend_R","Defend_R","Defend_R","Bash+1","Sentinel","Pummel","Disarm+1","Iron Wave+1","True Grit","Burning Pact"],"relics":["Burning Blood","Bird Faced Urn","Matryoshka","Smiling Mask","MawBank","The Courier"],"potions_floor_usage":[7,14,16],"damage_taken":[{"damage":6,"enemies":"Cultist","floor":1,"turns":3},{"damage":7,"enemies":"Small Slimes","floor":3,"turns":3},{"damage":9,"enemies":"2 Louse","floor":4,"turns":2},{"damage":9,"enemies":"Looter","floor":5,"turns":4},{"damage":12,"enemies":"Lots of Slimes","floor":7,"turns":5},{"damage":8,"enemies":"Blue Slaver","floor":11,"turns":4},{"damage":10,"enemies":"2 Fungi Beasts","floor":13,"turns":3},{"damage":48,"enemies":"Lagavulin","floor":14,"turns":7},{"damage":33,"enemies":"Slime Boss","floor":16,"turns":3}],"seed_played":"-4553920710010410413","potions_obtained":[{"floor":1,"key":"SpeedPotion"},{"floor":5,"key":"Poison Potion"},{"floor":7,"key":"LiquidBronze"}],"is_trial":false,"path_per_floor":["M","T","M","M","M","R","M","R","T","R","M","?","M","E","R","B"],"character_chosen":"IRONCLAD","items_purchased":[],"campfire_rested":1,"item_purchase_floors":[],"current_hp_per_floor":[72,72,71,68,65,65,59,59,59,59,57,57,53,11,32,0],"gold":304,"neow_bonus":"ONE_RARE_RELIC","is_prod":false,"is_daily":false,"chose_seed":false,"campfire_upgraded":3,"win_rate":0,"timestamp":1562955901,"path_taken":["M","?","?","M","?","R","M","R","T","R","M","?","M","E","R","BOSS"],"build_version":"2019-07-05","purchased_purges":0,"victory":false,"max_hp_per_floor":[72,72,72,72,72,72,72,72,72,72,72,72,72,72,72,72],"card_choices":[{"not_picked":["Carnage","Body Slam"],"picked":"Sentinel","floor":1},{"not_picked":["Wild Strike","Flex"],"picked":"Pummel","floor":3},{"not_picked":["Pummel","Clothesline"],"picked":"Disarm","floor":4},{"not_picked":["Combust","Anger"],"picked":"Iron Wave","floor":5},{"not_picked":["Anger","Sword Boomerang","Searing Blow"],"picked":"SKIP","floor":7},{"not_picked":["Headbutt","Flex","Corruption"],"picked":"SKIP","floor":11},{"not_picked":["Havoc","Armaments"],"picked":"True Grit","floor":13},{"not_picked":["Brutality","Searing Blow"],"picked":"Burning Pact","floor":14}],"player_experience":645404,"relics_obtained":[{"floor":2,"key":"Matryoshka"},{"floor":9,"key":"Smiling Mask"},{"floor":9,"key":"MawBank"},{"floor":14,"key":"The Courier"}],"event_choices":[{"damage_healed":0,"gold_gain":0,"player_choice":"0 cards matched","damage_taken":0,"max_hp_gain":0,"max_hp_loss":0,"event_name":"Match and Keep!","floor":12,"gold_loss":0,"cards_obtained":[]}],"is_beta":false,"boss_relics":[],"items_purged_floors":[],"is_endless":false,"potions_floor_spawned":[1,5,7,11],"killed_by":"Slime Boss","ascension_level":4}