{"gold_per_floor":[116,191,116,116,128,162,181,21,47,63,63,91,123,155,167,253,265,293,355,385,80,80,80,98,98,98,110,123,123,123,136,136,209,209,226,245,245,245,262,294,294,294],"floor_reached":42,"playtime":1589,"items_purged":["Defend_G","Strike_G"],"score":955,"play_id":"33d1c400-f1f8-40c9-94a5-dc4231879050","local_time":"20190623211111","is_ascension_mode":true,"campfire_choices":[{"data":"Noxious Fumes","floor":11.0,"key":"SMITH"},{"data":"Deadly Poison","floor":15.0,"key":"SMITH"},{"data":"Catalyst","floor":23.0,"key":"SMITH"},{"floor":25.0,"key":"REST"},{"data":"Footwork","floor":30.0,"key":"SMITH"},{"floor":32.0,"key":"REST"},{"floor":41,"key":"REST"}],"neow_cost":"NONE","seed_source_timestamp":466419651849201,"circlet_count":0,"master_deck":["AscendersBane","Defend_G","Defend_G","Defend_G","Defend_G","Strike_G+1","Survivor","Neutralize+1","Deadly Poison+1","Footwork","Noxious Fumes+1","Footwork+1","Catalyst+1","Backflip","Corpse Explosion","Finesse","Master of Strategy"],"special_seed":0,"relics":["Ring of the Snake","NeowsBlessing","Whetstone","MawBank","Empty Cage","Tiny Chest","Singing Bowl","Prayer Wheel","Busted Crown","Potion Belt"],"potions_floor_usage":[40],"damage_taken":[{"damage":0.0,"enemies":"2 Louse","floor":1.0,"turns":1.0},{"damage":0.0,"enemies":"Jaw Worm","floor":5.0,"turns":1.0},{"damage":0.0,"enemies":"3 Sentries","floor":6.0,"turns":1.0},{"damage":0.0,"enemies":"Cultist","floor":7.0,"turns":4.0},{"damage":7.0,"enemies":"Large Slime","floor":10.0,"turns":7.0},{"damage":10.0,"enemies":"Lagavulin","floor":12.0,"turns":6.0},{"damage":13.0,"enemies":"Exordium Thugs","floor":13.0,"turns":4.0},{"damage":3.0,"enemies":"Looter","floor":14.0,"turns":4.0},{"damage":27.0,"enemies":"Slime Boss","floor":16.0,"turns":9.0},{"damage":12.0,"enemies":"3 Byrds","floor":18.0,"turns":5.0},{"damage":10.0,"enemies":"Spheric Guardian","floor":20.0,"turns":4.0},{"damage":16.0,"enemies":"3 Cultists","floor":24.0,"turns":6.0},{"damage":5.0,"enemies":"Snecko","floor":27.0,"turns":5.0},{"damage":3.0,"enemies":"Centurion and Healer","floor":28.0,"turns":9.0},{"damage":11.0,"enemies":"Colosseum Slavers","floor":29.0,"turns":7.0},{"damage":1.0,"enemies":"Sentry and Sphere","floor":31.0,"turns":5.0},{"damage":33.0,"enemies":"Automaton","floor":33.0,"turns":10.0},{"damage":12,"enemies":"3 Shapes","floor":35,"turns":4},{"damage":9,"enemies":"Orb Walker","floor":36,"turns":5},{"damage":0,"enemies":"Maw","floor":39,"turns":6},{"damage":19,"enemies":"Nemesis","floor":40,"turns":9},{"damage":0,"enemies":"Reptomancer","floor":42,"turns":1}],"seed_played":"-589242269894226392","potions_obtained":[{"floor":4.0,"key":"Strength Potion"},{"floor":4.0,"key":"FearPotion"},{"floor":7.0,"key":"Regen Potion"},{"floor":12.0,"key":"Fire Potion"},{"floor":20.0,"key":"SteroidPotion"},{"floor":27.0,"key":"Swift Potion"},{"floor":35,"key":"SkillPotion"},{"floor":36,"key":"GamblersBrew"}],"is_trial":false,"path_per_floor":["M","?","?","?","M","E","M","$","T","M","R","E","M","M","R","B",null,"M","?","M","$","T","R","M","R","T","M","M","?","R","M","R","B",null,"M","M","?","?","M","E","R","E"],"character_chosen":"THE_SILENT","items_purchased":["Footwork","Catalyst","Tiny Chest"],"campfire_rested":3,"item_purchase_floors":[8,21,21],"current_hp_per_floor":[59,48,48,48,48,48,48,48,48,56,56,46,33,30,30,3,50,38,38,28,28,28,28,14,34,34,33,34,23,23,24,47,14,62,54,49,41,41,45,28,56,56],"gold":294,"neow_bonus":"THREE_ENEMY_KILL","is_prod":false,"is_daily":false,"chose_seed":false,"campfire_upgraded":4,"win_rate":0,"timestamp":1561295471,"path_taken":["M","?","?","?","M","E","M","$","T","M","R","E","M","?","R","BOSS","M","?","M","$","?","R","M","R","T","M","M","?","R","M","R","BOSS","M","M","?","?","M","E","R","E"],"build_version":"2019-01-23","purchased_purges":2,"victory":false,"max_hp_per_floor":[66,66,66,66,66,66,66,66,66,66,66,66,66,66,66,66,66,66,66,66,66,66,66,68,68,68,72,76,76,76,78,78,78,78,82,86,88,88,92,94,94,94],"card_choices":[{"not_picked":["Poisoned Stab","Blade Dance","Deflect"],"picked":"SKIP","floor":1.0},{"not_picked":["Dagger Spray","Wraith Form v2","Terror"],"picked":"SKIP","floor":5.0},{"not_picked":["Prepared","Blade Dance","Storm of Steel"],"picked":"SKIP","floor":6.0},{"not_picked":["Terror","Underhanded Strike"],"picked":"Deadly Poison","floor":7.0},{"not_picked":["Bouncing Flask","Terror"],"picked":"Noxious Fumes","floor":10.0},{"not_picked":["Underhanded Strike","Predator","Crippling Poison"],"picked":"SKIP","floor":12.0},{"not_picked":["Dagger Throw","PiercingWail","Dagger Spray"],"picked":"SKIP","floor":13.0},{"not_picked":["Riddle With Holes","Blur","Underhanded Strike"],"picked":"SKIP","floor":14.0},{"not_picked":["Quick Slash","Choke+1"],"picked":"Footwork","floor":18.0},{"not_picked":["Underhanded Strike","Predator+1","Caltrops"],"picked":"SKIP","floor":20.0},{"not_picked":["Eviscerate","Bane","Outmaneuver"],"picked":"Singing Bowl","floor":24.0},{"not_picked":["Dash","Infinite Blades","Deflect"],"picked":"Singing Bowl","floor":27.0},{"not_picked":["Setup","Deadly Poison","Backstab"],"picked":"Singing Bowl","floor":27.0},{"not_picked":["Bane","Quick Slash","Flying Knee"],"picked":"Singing Bowl","floor":28.0},{"not_picked":["Finisher","A Thousand Cuts","Backflip"],"picked":"Singing Bowl","floor":28.0},{"not_picked":["Concentrate+1","Outmaneuver"],"picked":"Backflip","floor":31.0},{"not_picked":["Predator","Sucker Punch","Prepared"],"picked":"Singing Bowl","floor":31.0},{"not_picked":["Grand Finale","Venomology"],"picked":"Corpse Explosion","floor":33.0},{"not_picked":["Sucker Punch"],"picked":"Singing Bowl","floor":35},{"not_picked":["Backflip"],"picked":"Singing Bowl","floor":35},{"not_picked":["Dodge and Roll"],"picked":"Singing Bowl","floor":36},{"not_picked":["All Out Attack+1"],"picked":"Singing Bowl","floor":36},{"not_picked":[],"picked":"Finesse","floor":37},{"not_picked":[],"picked":"Master of Strategy","floor":37},{"not_picked":["Trip"],"picked":"Singing Bowl","floor":37},{"not_picked":["Bane"],"picked":"Singing Bowl","floor":39},{"not_picked":["Blade Dance"],"picked":"Singing Bowl","floor":39},{"not_picked":["Noxious Fumes"],"picked":"Singing Bowl","floor":40}],"player_experience":1011977,"relics_obtained":[{"floor":6.0,"key":"Whetstone"},{"floor":12.0,"key":"MawBank"},{"floor":22.0,"key":"Singing Bowl"},{"floor":26.0,"key":"Prayer Wheel"},{"floor":40,"key":"Potion Belt"}],"event_choices":[{"damage_healed":0.0,"max_hp_gain":0.0,"max_hp_loss":0.0,"gold_gain":75.0,"event_name":"World of Goop","player_choice":"Gather Gold","floor":2.0,"gold_loss":0.0,"damage_taken":11.0},{"cards_removed":["Strike_G"],"damage_healed":0.0,"max_hp_gain":0.0,"max_hp_loss":0.0,"gold_gain":0.0,"event_name":"The Cleric","player_choice":"Card Removal","floor":3.0,"gold_loss":75.0,"damage_taken":0.0},{"damage_healed":0.0,"max_hp_gain":0.0,"max_hp_loss":0.0,"gold_gain":0.0,"event_name":"Lab","player_choice":"Got Potions","floor":4.0,"gold_loss":0.0,"damage_taken":0.0},{"damage_healed":0.0,"max_hp_gain":0.0,"max_hp_loss":0.0,"gold_gain":100.0,"event_name":"The Joust","player_choice":"Bet on Murderer","floor":19.0,"gold_loss":50.0,"damage_taken":0.0},{"damage_healed":0.0,"max_hp_gain":0.0,"max_hp_loss":0.0,"gold_gain":0.0,"event_name":"Colosseum","player_choice":"Fight","floor":29.0,"gold_loss":0.0,"damage_taken":0.0},{"damage_healed":0.0,"max_hp_gain":0.0,"max_hp_loss":0.0,"gold_gain":0.0,"event_name":"Colosseum","player_choice":"Fled From Nobs","floor":29.0,"gold_loss":0.0,"damage_taken":0.0},{"damage_healed":0,"gold_gain":0,"player_choice":"Memory 3","damage_taken":10,"max_hp_gain":0,"max_hp_loss":0,"event_name":"SensoryStone","floor":37,"gold_loss":0},{"damage_healed":0,"gold_gain":0,"player_choice":"Ignored","damage_taken":0,"max_hp_gain":0,"max_hp_loss":0,"event_name":"Tomb of Lord Red Mask","floor":38,"gold_loss":0}],"is_beta":false,"boss_relics":[{"not_picked":["Calling Bell","Cursed Key"],"picked":"Empty Cage"},{"not_picked":["Philosopher\u0027s Stone","Astrolabe"],"picked":"Busted Crown"}],"items_purged_floors":[8,21],"is_endless":false,"potions_floor_spawned":[6,7,12,20,27,28,35,36],"killed_by":"Reptomancer","ascension_level":20}