{"gold_per_floor":[112,62,62,80,90,90,100,25,25,50,61,61,74,85,85,188,188,208,208,220,237,237,237,137,156,238,251,251,350,368,381,381,479,479,497,516,391,405,451,451,301,301,324,324,324,304,304,315,315,315],"floor_reached":51,"playtime":1008,"items_purged":["Strike_R","Strike_R","Defend_R","Strike_R"],"score":776,"play_id":"175fe398-8de0-4c99-b99f-c5f5e9bd540a","local_time":"20190708110646","is_ascension_mode":false,"campfire_choices":[{"data":"Searing Blow","floor":6.0,"key":"SMITH"},{"data":"Searing Blow+1","floor":12.0,"key":"SMITH"},{"data":"Searing Blow+2","floor":15.0,"key":"SMITH"},{"data":"Searing Blow+3","floor":23.0,"key":"SMITH"},{"data":"Searing Blow+4","floor":28.0,"key":"SMITH"},{"data":"Searing Blow+5","floor":32.0,"key":"SMITH"},{"data":"Searing Blow+6","floor":40,"key":"SMITH"},{"data":"Searing Blow+7","floor":45,"key":"SMITH"},{"data":"Searing Blow+8","floor":47,"key":"SMITH"},{"data":"Searing Blow+9","floor":49,"key":"SMITH"}],"neow_cost":"NONE","seed_source_timestamp":389147062180640,"circlet_count":0,"master_deck":["Defend_R","Defend_R","Bash","Searing Blow+10","Double Tap"],"special_seed":0,"relics":["Black Blood","NeowsBlessing","Mercury Hourglass","Singing Bowl","Kunai","Snecko Eye","Girya","Pen Nib"],"potions_floor_usage":[50],"damage_taken":[{"damage":0.0,"enemies":"Jaw Worm","floor":1.0,"turns":1.0},{"damage":0.0,"enemies":"2 Louse","floor":4.0,"turns":2.0},{"damage":0.0,"enemies":"Small Slimes","floor":5.0,"turns":1.0},{"damage":14.0,"enemies":"Blue Slaver","floor":7.0,"turns":4.0},{"damage":32.0,"enemies":"Lagavulin","floor":10.0,"turns":7.0},{"damage":0.0,"enemies":"Red Slaver","floor":11.0,"turns":4.0},{"damage":1.0,"enemies":"Exordium Wildlife","floor":13.0,"turns":3.0},{"damage":2.0,"enemies":"3 Louse","floor":14.0,"turns":3.0},{"damage":46.0,"enemies":"The Guardian","floor":16.0,"turns":12.0},{"damage":15.0,"enemies":"2 Thieves","floor":18.0,"turns":4.0},{"damage":34.0,"enemies":"Shell Parasite","floor":20.0,"turns":6.0},{"damage":27.0,"enemies":"Snake Plant","floor":21.0,"turns":3.0},{"damage":14.0,"enemies":"Cultist and Chosen","floor":25.0,"turns":5.0},{"damage":7.0,"enemies":"Shelled Parasite and Fungi","floor":27.0,"turns":4.0},{"damage":5.0,"enemies":"Centurion and Healer","floor":30.0,"turns":3.0},{"damage":0.0,"enemies":"Snecko","floor":31.0,"turns":3.0},{"damage":28.0,"enemies":"Champ","floor":33.0,"turns":6.0},{"damage":0,"enemies":"Orb Walker","floor":35,"turns":1},{"damage":16,"enemies":"3 Shapes","floor":36,"turns":3},{"damage":29,"enemies":"Maw","floor":38,"turns":4},{"damage":10,"enemies":"2 Orb Walkers","floor":39,"turns":2},{"damage":0,"enemies":"Spire Growth","floor":48,"turns":1},{"damage":31,"enemies":"Donu and Deca","floor":50,"turns":4}],"seed_played":"-808344065149953914","potions_obtained":[{"floor":1.0,"key":"GamblersBrew"},{"floor":5.0,"key":"AttackPotion"},{"floor":11.0,"key":"Explosive Potion"},{"floor":14.0,"key":"Weak Potion"},{"floor":21.0,"key":"SteroidPotion"},{"floor":25.0,"key":"Block Potion"},{"floor":30.0,"key":"Strength Potion"},{"floor":36,"key":"Fire Potion"},{"floor":39,"key":"Energy Potion"},{"floor":46,"key":"GamblersBrew"}],"is_trial":false,"path_per_floor":["M","?","?","M","M","R","M","$","T","E","M","R","M","M","R","B",null,"M","?","M","M","?","R","$","M","T","M","R","?","M","M","R","B",null,"M","M","$","M","?","R","$","?","T","?","R","?","R","M","R","B",null],"character_chosen":"IRONCLAD","items_purchased":[],"campfire_rested":0,"item_purchase_floors":[],"current_hp_per_floor":[80,80,73,79,80,80,72,72,72,48,56,56,63,69,69,29,88,85,85,63,48,48,48,48,46,46,51,51,51,58,70,70,54,104,106,102,102,85,87,87,87,87,87,87,87,87,87,99,99,78],"gold":315,"neow_bonus":"THREE_ENEMY_KILL","is_prod":false,"is_daily":false,"chose_seed":false,"campfire_upgraded":10,"win_rate":0,"timestamp":1562555206,"path_taken":["M","?","?","M","M","R","M","$","T","E","M","R","M","M","R","BOSS","M","?","M","M","?","R","$","M","T","?","R","?","M","M","R","BOSS","M","M","$","M","?","R","$","?","T","?","R","?","R","M","R","BOSS"],"build_version":"2019-07-05","purchased_purges":4,"victory":true,"max_hp_per_floor":[80,80,80,80,80,80,80,80,80,82,84,84,86,88,88,88,88,90,90,92,94,94,94,94,96,96,98,98,98,100,102,102,104,104,106,108,108,110,112,112,112,106,106,106,106,106,106,108,108,108],"card_choices":[{"not_picked":["Combust","Iron Wave"],"picked":"Searing Blow","floor":1.0},{"not_picked":["Clothesline","Iron Wave","Body Slam"],"picked":"SKIP","floor":4.0},{"not_picked":["Thunderclap","Feel No Pain","True Grit"],"picked":"SKIP","floor":5.0},{"not_picked":["Flex","Evolve","Havoc"],"picked":"SKIP","floor":7.0},{"not_picked":["Twin Strike","Entrench","Combust"],"picked":"Singing Bowl","floor":10.0},{"not_picked":["Combust","Wild Strike","Corruption"],"picked":"Singing Bowl","floor":11.0},{"not_picked":["Power Through","Thunderclap","Immolate"],"picked":"Singing Bowl","floor":13.0},{"not_picked":["Inflame","Anger","Twin Strike"],"picked":"Singing Bowl","floor":14.0},{"not_picked":["Offering","Dark Embrace"],"picked":"Double Tap","floor":16.0},{"not_picked":["Armaments","Dropkick","Fire Breathing"],"picked":"Singing Bowl","floor":18.0},{"not_picked":["Clash+1","Whirlwind+1","Spot Weakness"],"picked":"Singing Bowl","floor":20.0},{"not_picked":["Headbutt","Body Slam+1","Anger"],"picked":"Singing Bowl","floor":21.0},{"not_picked":["Headbutt+1","Warcry+1","Pommel Strike"],"picked":"Singing Bowl","floor":25.0},{"not_picked":["Thunderclap","Rage","Limit Break"],"picked":"Singing Bowl","floor":27.0},{"not_picked":["Dual Wield","Body Slam","Entrench"],"picked":"Singing Bowl","floor":30.0},{"not_picked":["Dropkick+1","Flex","Thunderclap"],"picked":"Singing Bowl","floor":31.0},{"not_picked":["Double Tap","Juggernaut","Feed"],"picked":"Singing Bowl","floor":33.0},{"not_picked":["Body Slam+1","Pummel","Flex+1"],"picked":"Singing Bowl","floor":35},{"not_picked":["Disarm","True Grit+1","Clash+1"],"picked":"Singing Bowl","floor":36},{"not_picked":["Heavy Blade","Headbutt+1","Entrench"],"picked":"Singing Bowl","floor":38},{"not_picked":["Warcry","Whirlwind+1","Iron Wave"],"picked":"Singing Bowl","floor":39},{"not_picked":["Pommel Strike","Spot Weakness","Brutality"],"picked":"Singing Bowl","floor":48}],"player_experience":1061050,"relics_obtained":[{"floor":9.0,"key":"Mercury Hourglass"},{"floor":10.0,"key":"Singing Bowl"},{"floor":26.0,"key":"Kunai"},{"floor":39,"key":"Girya"},{"floor":43,"key":"Pen Nib"}],"event_choices":[{"cards_removed":["Strike_R"],"damage_healed":0.0,"max_hp_gain":0.0,"max_hp_loss":0.0,"gold_gain":0.0,"event_name":"The Cleric","player_choice":"Card Removal","floor":2.0,"gold_loss":50.0,"damage_taken":0.0},{"cards_removed":["Strike_R"],"damage_healed":0.0,"max_hp_gain":0.0,"max_hp_loss":0.0,"gold_gain":0.0,"event_name":"Golden Wing","player_choice":"Card Removal","floor":3.0,"gold_loss":0.0,"damage_taken":7.0},{"damage_healed":0.0,"max_hp_gain":0.0,"max_hp_loss":0.0,"gold_gain":0.0,"event_name":"Vampires","player_choice":"Ignored","floor":19.0,"gold_loss":0.0,"damage_taken":0.0},{"damage_healed":0.0,"max_hp_gain":0.0,"max_hp_loss":0.0,"gold_gain":0.0,"event_name":"NoteForYourself","player_choice":"Ignored","floor":22.0,"gold_loss":0.0,"damage_taken":0.0},{"damage_healed":0.0,"max_hp_gain":0.0,"max_hp_loss":0.0,"gold_gain":99.0,"event_name":"Nest","player_choice":"Stole From Cult","floor":29.0,"gold_loss":0.0,"damage_taken":0.0},{"damage_healed":0,"gold_gain":0,"player_choice":"Fight","damage_taken":0,"max_hp_gain":0,"max_hp_loss":0,"event_name":"Mysterious Sphere","floor":39,"gold_loss":0},{"damage_healed":0,"gold_gain":0,"player_choice":"Max HP","damage_taken":0,"max_hp_gain":0,"max_hp_loss":6,"event_name":"Winding Halls","floor":42,"gold_loss":0},{"cards_removed":["Defend_R"],"damage_healed":0,"gold_gain":0,"player_choice":"Removed Skill","damage_taken":0,"max_hp_gain":0,"max_hp_loss":0,"event_name":"Falling","floor":44,"gold_loss":0},{"damage_healed":0,"gold_gain":0,"player_choice":"Bought 1 Potion","damage_taken":0,"max_hp_gain":0,"max_hp_loss":0,"event_name":"The Woman in Blue","floor":46,"gold_loss":0}],"is_beta":false,"boss_relics":[{"not_picked":["Fusion Hammer","Ectoplasm"],"picked":"Black Blood"},{"not_picked":["Orrery","Mark of Pain"],"picked":"Snecko Eye"}],"items_purged_floors":[8,24,37,41],"is_endless":false,"potions_floor_spawned":[1,5,11,14,21,25,30,36,39,48],"ascension_level":0}