{"gold_per_floor":[117,127,145,220,220,246,246,275,275,275,275,290,310,330,330,434,434,414,414,434,444,444],"floor_reached":22,"playtime":2100,"items_purged":[],"score":307,"play_id":"ee538085-9e80-46d7-b3b6-7b86699540e3","local_time":"20190725222841","is_ascension_mode":true,"campfire_choices":[{"data":"Dash","floor":7.0,"key":"SMITH"},{"floor":10,"key":"REST"},{"data":"Blur","floor":15,"key":"SMITH"}],"neow_cost":"NONE","seed_source_timestamp":0,"circlet_count":0,"master_deck":["AscendersBane","Strike_G","Strike_G","Strike_G","Defend_G","Defend_G","Defend_G","Defend_G","Defend_G","Survivor","Neutralize","Predator","Leg Sweep","Unload","Dash+1","Escape Plan","Blur+1","Blur","Blur","Tools of the Trade+1","Prepared+1","Underhanded Strike+1","Deflect"],"special_seed":0,"relics":["Ring of the Snake","Gambling Chip","Mummified Hand","Ancient Tea Set","Molten Egg 2","Black Star"],"potions_floor_usage":[8,13,16,18],"damage_taken":[{"damage":0.0,"enemies":"2 Louse","floor":1.0,"turns":2.0},{"damage":0.0,"enemies":"Jaw Worm","floor":2.0,"turns":6.0},{"damage":0.0,"enemies":"Small Slimes","floor":3.0,"turns":2.0},{"damage":12.0,"enemies":"3 Sentries","floor":6.0,"turns":12.0},{"damage":17,"enemies":"Lagavulin","floor":8,"turns":5},{"damage":12,"enemies":"Exordium Wildlife","floor":12,"turns":5},{"damage":0,"enemies":"Lots of Slimes","floor":13,"turns":6},{"damage":0,"enemies":"Blue Slaver","floor":14,"turns":4},{"damage":12,"enemies":"The Guardian","floor":16,"turns":19},{"damage":0,"enemies":"2 Thieves","floor":18,"turns":4},{"damage":0,"enemies":"Shell Parasite","floor":20,"turns":16},{"damage":41,"enemies":"3 Cultists","floor":21,"turns":7},{"damage":19,"enemies":"Snake Plant","floor":22,"turns":6}],"seed_played":"2841049506425523288","potions_obtained":[{"floor":2.0,"key":"FearPotion"},{"floor":12,"key":"Fruit Juice"},{"floor":14,"key":"AttackPotion"},{"floor":16,"key":"SkillPotion"}],"is_trial":false,"path_per_floor":["M","M","M","?","?","E","R","E","T","R","?","M","M","M","R","B",null,"M","?","M","M","M"],"character_chosen":"THE_SILENT","items_purchased":[],"campfire_rested":1,"item_purchase_floors":[],"current_hp_per_floor":[63,63,63,52,34,22,22,5,5,26,26,14,19,19,19,7,58,58,58,58,17,0],"gold":444,"neow_bonus":"TRANSFORM_CARD","is_prod":false,"is_daily":false,"chose_seed":false,"campfire_upgraded":2,"win_rate":0,"timestamp":1564108121,"path_taken":["M","M","M","?","?","E","R","E","T","R","?","?","M","M","R","BOSS","M","?","?","M","M"],"build_version":"2019-07-17","purchased_purges":0,"victory":false,"max_hp_per_floor":[70,70,70,70,70,70,70,70,70,70,70,70,75,75,75,75,75,75,75,75,75,75],"card_choices":[{"not_picked":["Poisoned Stab","Slice"],"picked":"Leg Sweep","floor":1.0},{"not_picked":["Dagger Throw","Deflect"],"picked":"Unload","floor":2.0},{"not_picked":["Poisoned Stab","Flying Knee"],"picked":"Dash","floor":3.0},{"not_picked":["Predator","Deadly Poison","Outmaneuver"],"picked":"SKIP","floor":6.0},{"not_picked":["Dash","Underhanded Strike"],"picked":"Escape Plan","floor":8},{"not_picked":["Flechettes+1","All Out Attack+1"],"picked":"Blur","floor":12},{"not_picked":["Poisoned Stab+1","Finisher+1"],"picked":"Blur","floor":13},{"not_picked":["Sucker Punch+1","Deflect"],"picked":"Blur","floor":14},{"not_picked":["A Thousand Cuts","Unload+1"],"picked":"Tools of the Trade","floor":16},{"not_picked":["Slice+1","Predator+1"],"picked":"Prepared+1","floor":18},{"not_picked":["Cloak And Dagger+1","Prepared"],"picked":"Underhanded Strike+1","floor":20},{"not_picked":["Dagger Spray+1","Acrobatics"],"picked":"Deflect","floor":21}],"player_experience":420864,"relics_obtained":[{"floor":6.0,"key":"Mummified Hand"},{"floor":8,"key":"Ancient Tea Set"},{"floor":9,"key":"Molten Egg 2"}],"event_choices":[{"damage_healed":0.0,"max_hp_gain":0.0,"max_hp_loss":0.0,"gold_gain":75.0,"event_name":"World of Goop","player_choice":"Gather Gold","floor":4.0,"gold_loss":0.0,"damage_taken":11.0},{"damage_healed":0.0,"max_hp_gain":0.0,"max_hp_loss":0.0,"gold_gain":0.0,"event_name":"Scrap Ooze","player_choice":"Success","floor":5.0,"gold_loss":0.0,"damage_taken":18.0,"relics_obtained":["Gambling Chip"]},{"cards_removed":["Strike_G"],"damage_healed":0,"gold_gain":0,"player_choice":"Offered Basic","damage_taken":0,"max_hp_gain":0,"max_hp_loss":0,"event_name":"Bonfire Elementals","floor":11,"gold_loss":0},{"damage_healed":0,"gold_gain":0,"player_choice":"Upgraded","damage_taken":0,"max_hp_gain":0,"max_hp_loss":0,"event_name":"Upgrade Shrine","floor":19,"gold_loss":0,"cards_upgraded":["Tools of the Trade"]}],"is_beta":false,"boss_relics":[{"not_picked":["Velvet Choker","Eternal Feather"],"picked":"Black Star"}],"items_purged_floors":[],"is_endless":false,"potions_floor_spawned":[2,12,14,16],"killed_by":"Snake Plant","ascension_level":11}