{"gold_per_floor":[113,113,127,147,43,103,103,178,178,210,210,210,210,48,48,151,151,163,16,16,16,16,16,43,43,70,85,85,4,35,49,49,152,152,163,263,263,282,282,282],"floor_reached":40,"playtime":2450,"items_purged":["Normality"],"score":620,"play_id":"5e46bc9b-8437-448d-aed8-2cac9021f751","local_time":"20190208234110","is_ascension_mode":true,"campfire_choices":[{"floor":7.0,"key":"REST"},{"floor":11.0,"key":"REST"},{"data":"Noxious Fumes","floor":13.0,"key":"SMITH"},{"floor":15.0,"key":"REST"},{"data":"Regret","floor":23.0,"key":"PURGE"},{"data":"Decay","floor":25.0,"key":"PURGE"},{"floor":28.0,"key":"REST"},{"floor":32.0,"key":"REST"}],"neow_cost":"NONE","seed_source_timestamp":303535651153768,"circlet_count":0,"master_deck":["Defend_G","Defend_G","Defend_G","Defend_G","Defend_G","Strike_G","Strike_G","Strike_G","Strike_G","Strike_G","Survivor","Neutralize","Deflect","Prepared","Leg Sweep","Blade Dance","Noxious Fumes+1","Poisoned Stab","Dash","Sadistic Nature","Corpse Explosion+1","Prepared+1","Footwork","Dodge and Roll+1","Tactician+1","Envenom","Outmaneuver+1","After Image","Cloak And Dagger+1","Backflip+1","Poisoned Stab"],"special_seed":0,"relics":["Ring of the Snake","Oddly Smooth Stone","Tiny Chest","Pantograph","Toxic Egg 2","Darkstone Periapt","Calling Bell","Potion Belt","Mummified Hand","Peace Pipe","Smiling Mask","Strawberry","Ornamental Fan","HoveringKite","Du-Vu Doll","Meat on the Bone"],"potions_floor_usage":[],"damage_taken":[{"damage":1.0,"enemies":"2 Louse","floor":1.0,"turns":3.0},{"damage":0.0,"enemies":"Jaw Worm","floor":3.0,"turns":5.0},{"damage":6.0,"enemies":"Small Slimes","floor":4.0,"turns":4.0},{"damage":50.0,"enemies":"Gremlin Nob","floor":6.0,"turns":7.0},{"damage":1.0,"enemies":"Lagavulin","floor":10.0,"turns":9.0},{"damage":0.0,"enemies":"The Guardian","floor":16.0,"turns":10.0},{"damage":17.0,"enemies":"Shell Parasite","floor":18.0,"turns":6.0},{"damage":27.0,"enemies":"Colosseum Slavers","floor":21.0,"turns":3.0},{"damage":37.0,"enemies":"2 Thieves","floor":27.0,"turns":4.0},{"damage":43.0,"enemies":"Gremlin Leader","floor":30.0,"turns":8.0},{"damage":18.0,"enemies":"Shelled Parasite and Fungi","floor":31.0,"turns":7.0},{"damage":52.0,"enemies":"Champ","floor":33.0,"turns":14.0},{"damage":0.0,"enemies":"3 Shapes","floor":35.0,"turns":7.0},{"damage":13.0,"enemies":"Mind Bloom Boss Battle","floor":36.0,"turns":11.0},{"damage":41,"enemies":"3 Darklings","floor":38,"turns":5},{"damage":47,"enemies":"Reptomancer","floor":40,"turns":2}],"seed_played":"-256455556290968138","potions_obtained":[{"floor":4.0,"key":"GamblersBrew"},{"floor":6.0,"key":"EssenceOfSteel"},{"floor":16.0,"key":"EssenceOfSteel"},{"floor":30.0,"key":"FairyPotion"},{"floor":31.0,"key":"Energy Potion"},{"floor":33.0,"key":"SpeedPotion"}],"is_trial":false,"path_per_floor":["M","?","M","M","$","E","R","?","T","E","R","T","R","$","R","B",null,"M","$","?","?","$","R","T","R","T","M","R","$","E","M","R","B",null,"M","?","?","M","T","E"],"character_chosen":"THE_SILENT","items_purchased":["Blade Dance","Noxious Fumes","Sadistic Nature","Footwork","Tactician+1"],"campfire_rested":5,"item_purchase_floors":[5,5,14,19,29],"current_hp_per_floor":[69,74,74,68,68,18,40,29,29,28,50,50,50,50,72,75,93,76,76,76,49,49,49,49,49,56,19,49,49,6,3,33,6,77,77,87,87,46,46,0],"gold":282,"neow_bonus":"RANDOM_COMMON_RELIC","is_prod":false,"is_daily":false,"chose_seed":false,"campfire_upgraded":1,"win_rate":0,"timestamp":1549640470,"path_taken":["M","?","M","M","$","E","R","?","T","E","R","?","R","?","R","BOSS","M","$","?","?","?","R","?","R","T","M","R","$","E","?","R","BOSS","M","?","?","M","?","E"],"build_version":"2019-01-23","purchased_purges":1,"victory":false,"max_hp_per_floor":[70,75,75,75,75,75,75,75,75,75,75,75,75,75,75,75,93,93,93,93,93,93,93,93,93,100,100,100,100,100,100,100,100,100,100,100,100,100,100,100],"card_choices":[{"not_picked":["Terror","Slice"],"picked":"Deflect","floor":1.0},{"not_picked":["Quick Slash","Setup"],"picked":"Prepared","floor":3.0},{"not_picked":["Underhanded Strike","Cloak And Dagger"],"picked":"Leg Sweep","floor":4.0},{"not_picked":["All Out Attack","Phantasmal Killer"],"picked":"Poisoned Stab","floor":6.0},{"not_picked":["Dodge and Roll","Sucker Punch"],"picked":"Dash","floor":10.0},{"not_picked":["Wraith Form v2","Unload"],"picked":"Corpse Explosion+1","floor":16.0},{"not_picked":["Sucker Punch+1","Malaise+1"],"picked":"Prepared+1","floor":18.0},{"not_picked":["All Out Attack","Eviscerate+1"],"picked":"Dodge and Roll+1","floor":27.0},{"not_picked":["Dodge and Roll+1","Poisoned Stab+1"],"picked":"Envenom","floor":30.0},{"not_picked":["Masterful Stab","Choke"],"picked":"Outmaneuver+1","floor":31.0},{"not_picked":["Die Die Die","Doppelganger+1"],"picked":"After Image","floor":33.0},{"not_picked":["Dodge and Roll+1","Backstab"],"picked":"Cloak And Dagger+1","floor":35.0},{"not_picked":["Dodge and Roll+1","Flying Knee"],"picked":"Backflip+1","floor":36.0},{"not_picked":["Slice","Deflect+1"],"picked":"Poisoned Stab","floor":38}],"player_experience":684740,"relics_obtained":[{"floor":6.0,"key":"Tiny Chest"},{"floor":9.0,"key":"Pantograph"},{"floor":10.0,"key":"Toxic Egg 2"},{"floor":12.0,"key":"Darkstone Periapt"},{"floor":17.0,"key":"Potion Belt"},{"floor":17.0,"key":"Mummified Hand"},{"floor":17.0,"key":"Peace Pipe"},{"floor":24.0,"key":"Smiling Mask"},{"floor":26.0,"key":"Strawberry"},{"floor":30.0,"key":"Ornamental Fan"},{"floor":36.0,"key":"Du-Vu Doll"},{"floor":39,"key":"Meat on the Bone"}],"event_choices":[{"damage_healed":0.0,"max_hp_gain":5.0,"max_hp_loss":0.0,"gold_gain":0.0,"event_name":"Big Fish","player_choice":"Donut","floor":2.0,"gold_loss":0.0,"damage_taken":0.0},{"damage_healed":0.0,"max_hp_gain":0.0,"max_hp_loss":0.0,"gold_gain":75.0,"event_name":"World of Goop","player_choice":"Gather Gold","floor":8.0,"gold_loss":0.0,"damage_taken":11.0},{"damage_healed":0.0,"max_hp_gain":0.0,"max_hp_loss":0.0,"gold_gain":0.0,"event_name":"Vampires","player_choice":"Ignored","floor":20.0,"gold_loss":0.0,"damage_taken":0.0},{"damage_healed":0.0,"max_hp_gain":0.0,"max_hp_loss":0.0,"gold_gain":0.0,"event_name":"Colosseum","player_choice":"Fight","floor":21.0,"gold_loss":0.0,"damage_taken":0.0},{"damage_healed":0.0,"max_hp_gain":0.0,"max_hp_loss":0.0,"gold_gain":0.0,"event_name":"Colosseum","player_choice":"Fled From Nobs","floor":21.0,"gold_loss":0.0,"damage_taken":0.0},{"damage_healed":0.0,"max_hp_gain":0.0,"max_hp_loss":0.0,"gold_gain":0.0,"event_name":"MindBloom","player_choice":"Fight","floor":36.0,"gold_loss":0.0,"damage_taken":0.0},{"damage_healed":0.0,"max_hp_gain":0.0,"max_hp_loss":0.0,"gold_gain":0.0,"event_name":"Tomb of Lord Red Mask","player_choice":"Ignored","floor":37.0,"gold_loss":0.0,"damage_taken":0.0}],"is_beta":false,"boss_relics":[{"not_picked":["Eternal Feather","Orrery"],"picked":"Calling Bell"},{"not_picked":["Coffee Dripper","WristBlade"],"picked":"HoveringKite"}],"items_purged_floors":[19],"is_endless":false,"potions_floor_spawned":[4,6,16,21,30,31,33],"killed_by":"Reptomancer","ascension_level":5}