{"gold_per_floor":[115,190,200,475,489,489,519,519,545,561,279,291,306,41,41,119,119,129,149,64,82,101,101,101,38,86,86,121,121,133,133,133,133],"floor_reached":33,"playtime":843,"items_purged":["Regret","Strike_R","Strike_R"],"score":494,"play_id":"3c74a147-4cf2-45d0-aff2-50bd3aaf9cfd","local_time":"20190504190523","is_ascension_mode":true,"campfire_choices":[{"data":"Immolate","floor":6.0,"key":"SMITH"},{"data":"Inflame","floor":8.0,"key":"SMITH"},{"data":"Sword Boomerang","floor":15.0,"key":"SMITH"},{"data":"Limit Break","floor":23.0,"key":"SMITH"},{"floor":27.0,"key":"REST"},{"data":"Rampage","floor":29.0,"key":"SMITH"},{"floor":32,"key":"REST"}],"neow_cost":"NONE","seed_source_timestamp":1070793413710771,"circlet_count":0,"master_deck":["AscendersBane","Strike_R","Strike_R","Strike_R","Defend_R","Defend_R+1","Defend_R","Defend_R+1","Bash","Inflame+1","Immolate+1","Rampage+1","Sword Boomerang+1","Limit Break+1","Shrug It Off"],"special_seed":0,"relics":["Burning Blood","NeowsBlessing","Centennial Puzzle","Vajra","Membership Card","Sozu","Lantern","War Paint","Red Mask"],"potions_floor_usage":[],"damage_taken":[{"damage":0.0,"enemies":"Jaw Worm","floor":1.0,"turns":1.0},{"damage":0.0,"enemies":"2 Louse","floor":3.0,"turns":1.0},{"damage":0.0,"enemies":"Cultist","floor":5.0,"turns":1.0},{"damage":36.0,"enemies":"Lagavulin","floor":7.0,"turns":6.0},{"damage":7.0,"enemies":"Exordium Wildlife","floor":10.0,"turns":2.0},{"damage":11.0,"enemies":"Blue Slaver","floor":12.0,"turns":4.0},{"damage":7.0,"enemies":"3 Louse","floor":13.0,"turns":2.0},{"damage":29.0,"enemies":"The Guardian","floor":16.0,"turns":10.0},{"damage":20.0,"enemies":"3 Byrds","floor":18.0,"turns":3.0},{"damage":0.0,"enemies":"Chosen","floor":19.0,"turns":2.0},{"damage":19.0,"enemies":"Snake Plant","floor":21.0,"turns":2.0},{"damage":13.0,"enemies":"Centurion and Healer","floor":22.0,"turns":4.0},{"damage":22.0,"enemies":"Colosseum Slavers","floor":24.0,"turns":3.0},{"damage":7.0,"enemies":"Masked Bandits","floor":28.0,"turns":2.0},{"damage":26,"enemies":"Sentry and Sphere","floor":30,"turns":5},{"damage":27,"enemies":"Automaton","floor":33,"turns":6}],"seed_played":"-6819181113301781821","potions_obtained":[{"floor":5.0,"key":"Strength Potion"},{"floor":7.0,"key":"Dexterity Potion"},{"floor":13.0,"key":"Explosive Potion"},{"floor":16.0,"key":"Explosive Potion"}],"is_trial":false,"path_per_floor":["M","?","M","?","M","R","E","R","T","M","$","M","M","$","R","B",null,"M","M","?","M","M","R","?","$","T","R","?","R","M","?","R","B"],"character_chosen":"IRONCLAD","items_purchased":["Vajra","Rampage","Membership Card"],"campfire_rested":2,"item_purchase_floors":[11,11,14],"current_hp_per_floor":[74,63,69,69,75,75,45,45,45,44,44,39,38,38,38,15,60,46,52,52,39,32,32,16,16,16,38,37,37,17,17,39,12],"gold":133,"neow_bonus":"THREE_ENEMY_KILL","is_prod":false,"is_daily":false,"chose_seed":false,"campfire_upgraded":5,"win_rate":0,"timestamp":1556967923,"path_taken":["M","?","M","?","?","R","E","R","T","M","$","M","M","$","R","BOSS","M","M","?","M","M","R","?","$","T","R","?","R","M","?","R","BOSS"],"build_version":"2019-01-23","purchased_purges":3,"victory":false,"max_hp_per_floor":[75,75,75,75,75,75,75,75,75,75,75,75,75,75,75,75,75,75,75,75,75,75,75,75,75,75,75,75,75,75,75,75,75],"card_choices":[{"not_picked":["Havoc","Entrench"],"picked":"Inflame","floor":1.0},{"not_picked":["Searing Blow","Iron Wave","Bloodletting"],"picked":"SKIP","floor":3.0},{"not_picked":["Twin Strike","Pommel Strike"],"picked":"Immolate","floor":5.0},{"not_picked":["Dual Wield","Flex","Reaper"],"picked":"SKIP","floor":7.0},{"not_picked":["Armaments","Twin Strike","Intimidate"],"picked":"SKIP","floor":10.0},{"not_picked":["Rampage","Carnage","Flex"],"picked":"SKIP","floor":12.0},{"not_picked":["Anger","Wild Strike"],"picked":"Sword Boomerang","floor":13.0},{"not_picked":["Offering","Fiend Fire"],"picked":"Limit Break","floor":16.0},{"not_picked":["Sever Soul","Dual Wield","Headbutt"],"picked":"SKIP","floor":18.0},{"not_picked":["Flex","Seeing Red","Clash+1"],"picked":"SKIP","floor":19.0},{"not_picked":["Flex","Armaments","Intimidate"],"picked":"SKIP","floor":21.0},{"not_picked":["Sword Boomerang","Corruption"],"picked":"Shrug It Off","floor":22.0},{"not_picked":["Pommel Strike","Sentinel","True Grit"],"picked":"SKIP","floor":30}],"player_experience":817740,"relics_obtained":[{"floor":7.0,"key":"Centennial Puzzle"},{"floor":26.0,"key":"War Paint"},{"floor":28.0,"key":"Red Mask"}],"event_choices":[{"damage_healed":0.0,"max_hp_gain":0.0,"max_hp_loss":0.0,"gold_gain":75.0,"event_name":"World of Goop","player_choice":"Gather Gold","floor":2.0,"gold_loss":0.0,"damage_taken":11.0},{"damage_healed":0.0,"max_hp_gain":0.0,"max_hp_loss":0.0,"gold_gain":275.0,"event_name":"Golden Shrine","player_choice":"Desecrate","floor":4.0,"gold_loss":0.0,"damage_taken":0.0,"cards_obtained":["Regret"]},{"damage_healed":0.0,"max_hp_gain":0.0,"max_hp_loss":0.0,"gold_gain":0.0,"event_name":"Addict","player_choice":"Obtained Relic","floor":20.0,"gold_loss":85.0,"damage_taken":0.0,"relics_obtained":["Lantern"]},{"damage_healed":0.0,"max_hp_gain":0.0,"max_hp_loss":0.0,"gold_gain":0.0,"event_name":"Colosseum","player_choice":"Fight","floor":24.0,"gold_loss":0.0,"damage_taken":0.0},{"damage_healed":0.0,"max_hp_gain":0.0,"max_hp_loss":0.0,"gold_gain":0.0,"event_name":"Colosseum","player_choice":"Fled From Nobs","floor":24.0,"gold_loss":0.0,"damage_taken":0.0},{"damage_healed":0.0,"max_hp_gain":0.0,"max_hp_loss":0.0,"gold_gain":0.0,"event_name":"Masked Bandits","player_choice":"Fought Bandits","floor":28.0,"gold_loss":0.0,"damage_taken":0.0},{"damage_healed":0,"gold_gain":0,"player_choice":"Ignored","damage_taken":0,"max_hp_gain":0,"max_hp_loss":0,"event_name":"Cursed Tome","floor":31,"gold_loss":0}],"is_beta":false,"boss_relics":[{"not_picked":["White Beast Statue","Calling Bell"],"picked":"Sozu"}],"items_purged_floors":[11,14,25],"is_endless":false,"potions_floor_spawned":[5,7,10,13,16,28,30],"killed_by":"Automaton","ascension_level":20}