{"gold_per_floor":[119,131,131,96,96,96,126,145,172,185,185,205,215,232,232,335,335,346,445,0,18,18,46,63,63,108,125,125],"floor_reached":28,"playtime":1971,"items_purged":[],"score":320,"play_id":"d79ba535-e72c-473d-80a9-1e08723c0480","local_time":"20190725204326","is_ascension_mode":true,"campfire_choices":[{"data":"Blur","floor":6,"key":"SMITH"},{"data":"Adrenaline","floor":11,"key":"SMITH"},{"floor":15,"key":"REST"},{"floor":25,"key":"REST"}],"neow_cost":"NONE","seed_source_timestamp":519058748454100,"circlet_count":0,"master_deck":["Strike_G","Strike_G+1","Strike_G","Strike_G+1","Defend_G","Defend_G","Defend_G","Defend_G","Defend_G","Survivor","Neutralize","Corpse Explosion","Infinite Blades","Blur+1","Adrenaline+1","Blade Dance","Burst","Outmaneuver+1","Well Laid Plans","Flechettes","Phantasmal Killer","Neutralize","Dodge and Roll","Distraction+1","Dash+1"],"relics":["Ring of the Snake","Letter Opener","Strawberry","Centennial Puzzle","Runic Dome","Shovel","Whetstone","Smiling Mask"],"potions_floor_usage":[10,16,21,21],"damage_taken":[{"damage":1,"enemies":"2 Louse","floor":1,"turns":2},{"damage":4,"enemies":"Small Slimes","floor":2,"turns":3},{"damage":25,"enemies":"Lagavulin","floor":7,"turns":7},{"damage":4,"enemies":"Jaw Worm","floor":8,"turns":4},{"damage":0,"enemies":"Exordium Wildlife","floor":10,"turns":1},{"damage":10,"enemies":"2 Fungi Beasts","floor":12,"turns":2},{"damage":0,"enemies":"Lots of Slimes","floor":13,"turns":2},{"damage":1,"enemies":"Looter","floor":14,"turns":3},{"damage":35,"enemies":"Slime Boss","floor":16,"turns":12},{"damage":7,"enemies":"2 Thieves","floor":18,"turns":3},{"damage":1,"enemies":"Shell Parasite","floor":21,"turns":4},{"damage":40,"enemies":"Gremlin Leader","floor":23,"turns":7},{"damage":5,"enemies":"Centurion and Healer","floor":24,"turns":3},{"damage":19,"enemies":"Sentry and Sphere","floor":27,"turns":4},{"damage":43,"enemies":"Shelled Parasite and Fungi","floor":28,"turns":3}],"seed_played":"1843220796953669692","potions_obtained":[{"floor":7,"key":"LiquidBronze"},{"floor":8,"key":"Energy Potion"},{"floor":13,"key":"GamblersBrew"},{"floor":23,"key":"FearPotion"}],"is_trial":false,"path_per_floor":["M","M","?","?","T","R","E","M","T","M","R","M","M","M","R","B",null,"M","?","$","M","?","E","M","R","T","M","M"],"character_chosen":"THE_SILENT","items_purchased":["Shovel","Well Laid Plans","PowerPotion"],"campfire_rested":2,"item_purchase_floors":[20,20,20],"current_hp_per_floor":[69,65,58,70,70,70,52,48,48,48,48,38,38,37,60,25,77,70,70,70,69,69,29,24,47,47,28,0],"gold":125,"neow_bonus":"ONE_RANDOM_RARE_CARD","is_prod":false,"is_daily":false,"chose_seed":false,"campfire_upgraded":2,"win_rate":0,"timestamp":1564112606,"path_taken":["M","M","?","?","?","R","E","M","T","M","R","M","M","M","R","BOSS","M","?","$","M","?","E","M","R","T","?","M"],"build_version":"2019-07-17","purchased_purges":0,"victory":false,"max_hp_per_floor":[70,70,70,70,70,70,77,77,77,77,77,77,77,77,77,77,77,77,77,77,77,77,77,77,77,77,77,77],"card_choices":[{"not_picked":["PiercingWail","Dodge and Roll"],"picked":"Infinite Blades","floor":1},{"not_picked":["Sucker Punch","Cloak And Dagger"],"picked":"Blur","floor":2},{"not_picked":["Flechettes","Reflex"],"picked":"Adrenaline","floor":7},{"not_picked":["Dagger Spray","Acrobatics","PiercingWail"],"picked":"SKIP","floor":8},{"not_picked":["Dagger Throw","Deflect","Outmaneuver"],"picked":"SKIP","floor":10},{"not_picked":["Outmaneuver","Deadly Poison","PiercingWail"],"picked":"SKIP","floor":12},{"not_picked":["Acrobatics","Leg Sweep"],"picked":"Blade Dance","floor":13},{"not_picked":["Tactician","Endless Agony","Skewer"],"picked":"SKIP","floor":14},{"not_picked":["Venomology","Malaise"],"picked":"Burst","floor":16},{"not_picked":["Tactician","Deadly Poison+1"],"picked":"Outmaneuver+1","floor":18},{"not_picked":["Dodge and Roll","Flying Knee+1"],"picked":"Flechettes","floor":21},{"not_picked":["Glass Knife","Outmaneuver"],"picked":"Dodge and Roll","floor":23},{"not_picked":["Eviscerate","Deadly Poison"],"picked":"Distraction+1","floor":24},{"not_picked":["Dodge and Roll","Flechettes"],"picked":"Dash+1","floor":27}],"player_experience":692491,"relics_obtained":[{"floor":5,"key":"Letter Opener"},{"floor":7,"key":"Strawberry"},{"floor":9,"key":"Centennial Puzzle"},{"floor":23,"key":"Whetstone"},{"floor":26,"key":"Smiling Mask"}],"event_choices":[{"cards_removed":["Strike_G"],"damage_healed":0,"gold_gain":0,"player_choice":"Card Removal","damage_taken":7,"max_hp_gain":0,"max_hp_loss":0,"event_name":"Golden Wing","floor":3,"gold_loss":0},{"damage_healed":17,"gold_gain":0,"player_choice":"Healed","damage_taken":0,"max_hp_gain":0,"max_hp_loss":0,"event_name":"The Cleric","floor":4,"gold_loss":35},{"damage_healed":0,"gold_gain":99,"player_choice":"Stole From Cult","damage_taken":0,"max_hp_gain":0,"max_hp_loss":0,"event_name":"Nest","floor":19,"gold_loss":0},{"damage_healed":0,"gold_gain":0,"player_choice":"2 cards matched","damage_taken":0,"max_hp_gain":0,"max_hp_loss":0,"event_name":"Match and Keep!","floor":22,"gold_loss":0,"cards_obtained":["Phantasmal Killer","Neutralize"]}],"is_beta":false,"boss_relics":[{"not_picked":["Lizard Tail","Coffee Dripper"],"picked":"Runic Dome"}],"items_purged_floors":[],"is_endless":false,"potions_floor_spawned":[7,8,13,23],"killed_by":"Shelled Parasite and Fungi","ascension_level":4}