{"gold_per_floor":[216,216,227,152,163,163,198,217,217,217,257,327,139,163,163,256,256,272,272,272,293,316,316,316,316,369,769,769,798,816,176,176,253,253,265,276,276,276,289,289,65,65,88,0,0,32,51,71,71,71,71,71,71,18,50,50],"floor_reached":57,"playtime":3365,"items_purged":["Strike_B","Strike_B","Defend_B"],"score":3116,"play_id":"c1f6cffe-dec8-47b8-8a26-9f8a769124e9","local_time":"20190701140130","is_ascension_mode":true,"campfire_choices":[{"data":"Hyperbeam","floor":6.0,"key":"SMITH"},{"data":"Coolheaded","floor":15.0,"key":"SMITH"},{"data":"Turbo","floor":23.0,"key":"SMITH"},{"data":"Skim","floor":25.0,"key":"SMITH"},{"data":"Heatsinks","floor":28.0,"key":"SMITH"},{"floor":32.0,"key":"REST"},{"floor":40,"key":"RECALL"},{"data":"Zap","floor":42,"key":"SMITH"},{"data":"Skim","floor":45,"key":"SMITH"},{"floor":49,"key":"REST"},{"data":"1","floor":53,"key":"LIFT"}],"neow_cost":"NONE","seed_source_timestamp":577692972940269,"circlet_count":0,"master_deck":["AscendersBane","Defend_B","Defend_B","Defend_B","Zap+1","Dualcast","Ball Lightning+1","Turbo+1","Coolheaded+1","Heatsinks+1","Glacier","Defragment+1","Electrodynamics+1","Skim+1","Rainbow","Thunder Strike+1","Recycle+1","Skim+1","Reboot+1","Reinforced Body+1","Panacea+1","Heatsinks+1","Biased Cognition+1","Capacitor+1"],"special_seed":0,"relics":["Cracked Core","Girya","Torii","Bloody Idol","Frozen Egg 2","Runic Pyramid","Whetstone","Old Coin","Dodecahedron","Incense Burner","Toxic Egg 2","Potion Belt","Nuclear Battery","TheAbacus","Bag of Preparation","Bronze Scales"],"potions_floor_usage":[56,56,56],"damage_taken":[{"damage":9.0,"enemies":"Small Slimes","floor":1.0,"turns":3.0},{"damage":2.0,"enemies":"Jaw Worm","floor":3.0,"turns":3.0},{"damage":0.0,"enemies":"2 Louse","floor":5.0,"turns":1.0},{"damage":5.0,"enemies":"3 Sentries","floor":7.0,"turns":3.0},{"damage":0.0,"enemies":"Exordium Thugs","floor":8.0,"turns":2.0},{"damage":6.0,"enemies":"Gremlin Nob","floor":11.0,"turns":3.0},{"damage":2.0,"enemies":"3 Sentries","floor":12.0,"turns":4.0},{"damage":0.0,"enemies":"Exordium Wildlife","floor":14.0,"turns":3.0},{"damage":24.0,"enemies":"The Guardian","floor":16.0,"turns":13.0},{"damage":1.0,"enemies":"Chosen","floor":18.0,"turns":3.0},{"damage":0.0,"enemies":"Spheric Guardian","floor":21.0,"turns":5.0},{"damage":2.0,"enemies":"Cultist and Chosen","floor":22.0,"turns":5.0},{"damage":15.0,"enemies":"Colosseum Slavers","floor":27.0,"turns":2.0},{"damage":9.0,"enemies":"Colosseum Nobs","floor":27.0,"turns":3.0},{"damage":22.0,"enemies":"Slavers","floor":29.0,"turns":3.0},{"damage":0.0,"enemies":"Centurion and Healer","floor":30.0,"turns":6.0},{"damage":0.0,"enemies":"Collector","floor":33.0,"turns":7.0},{"damage":1.0,"enemies":"Orb Walker","floor":35.0,"turns":3.0},{"damage":1.0,"enemies":"3 Shapes","floor":36.0,"turns":4.0},{"damage":0,"enemies":"Spire Growth","floor":39,"turns":6},{"damage":0,"enemies":"Reptomancer","floor":46,"turns":2},{"damage":12,"enemies":"4 Shapes","floor":47,"turns":5},{"damage":0,"enemies":"Writhing Mass","floor":48,"turns":2},{"damage":0,"enemies":"Awakened One","floor":50,"turns":6},{"damage":0,"enemies":"Donu and Deca","floor":51,"turns":3},{"damage":0,"enemies":"Shield and Spear","floor":55,"turns":4},{"damage":34,"enemies":"The Heart","floor":56,"turns":8}],"seed_played":"189423910169243297","potions_obtained":[{"floor":7.0,"key":"SteroidPotion"},{"floor":11.0,"key":"Dexterity Potion"},{"floor":12.0,"key":"Poison Potion"},{"floor":16.0,"key":"Energy Potion"},{"floor":21.0,"key":"Strength Potion"},{"floor":27.0,"key":"Fire Potion"},{"floor":30.0,"key":"PowerPotion"},{"floor":33.0,"key":"Energy Potion"},{"floor":39,"key":"GamblersBrew"}],"is_trial":false,"path_per_floor":["M","?","M","$","M","R","E","M","T","?","E","?","$","M","R","B",null,"M","?","T","M","M","R","?","R","T","?","R","E","M","$","R","B",null,"M","M","?","?","M","R","$","R","T","$","R","E","M","M","R","B","B",null,"R","$","E","B",null],"character_chosen":"DEFECT","items_purchased":["Defragment+1","Toxic Egg 2","Potion Belt","Dexterity Potion","TheAbacus","Heatsinks+1","Energy Potion"],"campfire_rested":2,"item_purchase_floors":[13,31,31,31,41,44,54],"current_hp_per_floor":[55,55,53,53,53,53,48,48,48,48,42,40,40,40,40,16,52,51,51,51,51,49,49,49,49,54,40,40,23,28,28,47,52,61,64,64,64,64,64,64,64,64,64,64,64,64,57,62,64,64,64,64,64,64,64,30],"gold":50,"neow_bonus":"HUNDRED_GOLD","is_prod":false,"is_daily":false,"chose_seed":false,"campfire_upgraded":7,"win_rate":0,"timestamp":1561960890,"path_taken":["M","?","M","$","M","R","E","M","T","?","E","?","?","M","R","BOSS","M","?","?","M","M","R","?","R","T","?","R","E","M","$","R","BOSS","M","M","?","?","M","R","?","R","T","?","R","E","M","M","R","BOSS","BOSS","R","$","E","BOSS"],"build_version":"2019-01-23","purchased_purges":3,"victory":true,"max_hp_per_floor":[71,71,71,71,71,71,71,71,71,64,64,64,64,64,64,64,64,64,64,64,64,64,64,64,64,64,64,64,64,64,64,64,64,64,64,64,64,64,64,64,64,64,64,64,64,64,64,64,64,64,64,64,64,64,64,64],"card_choices":[{"not_picked":["Leap","Sweeping Beam"],"picked":"Ball Lightning","floor":1.0},{"not_picked":["BootSequence","Streamline"],"picked":"Turbo","floor":3.0},{"not_picked":["Steam","Loop"],"picked":"Coolheaded","floor":5.0},{"not_picked":["Scrape","Darkness","BootSequence"],"picked":"SKIP","floor":7.0},{"not_picked":["Hologram","All For One","Scrape"],"picked":"SKIP","floor":8.0},{"not_picked":["Streamline","Lockon"],"picked":"Heatsinks","floor":11.0},{"not_picked":["Barrage","Tempest"],"picked":"Glacier","floor":12.0},{"not_picked":["Blizzard","Doom and Gloom","Ball Lightning"],"picked":"SKIP","floor":14.0},{"not_picked":["Rainbow","Meteor Strike"],"picked":"Electrodynamics+1","floor":16.0},{"not_picked":["Stack","Beam Cell"],"picked":"Skim","floor":18.0},{"not_picked":["Ball Lightning","Reinforced Body","Turbo"],"picked":"SKIP","floor":21.0},{"not_picked":["Echo Form+1","FTL"],"picked":"Recycle+1","floor":22.0},{"not_picked":["Hello World+1","Compile Driver"],"picked":"Skim","floor":27.0},{"not_picked":["Static Discharge+1","Aggregate","Go for the Eyes"],"picked":"SKIP","floor":29.0},{"not_picked":["Turbo","Storm+1","Redo"],"picked":"SKIP","floor":30.0},{"not_picked":["Thunder Strike","Biased Cognition+1"],"picked":"Reboot+1","floor":33.0},{"not_picked":["Reprogram+1","Leap+1"],"picked":"Reinforced Body+1","floor":35.0},{"not_picked":["Coolheaded+1","Redo+1","Sunder"],"picked":"SKIP","floor":36.0},{"not_picked":["Deep Breath+1","Blind+1"],"picked":"Panacea+1","floor":37.0},{"not_picked":["Steam+1","Turbo+1","Leap+1"],"picked":"SKIP","floor":39},{"not_picked":["Electrodynamics+1","White Noise+1"],"picked":"Biased Cognition+1","floor":46},{"not_picked":["Barrage","Streamline","Darkness+1"],"picked":"SKIP","floor":47},{"not_picked":["Ball Lightning","Steam Power+1"],"picked":"Capacitor+1","floor":48},{"not_picked":["Sweeping Beam","Turbo+1","Cold Snap"],"picked":"SKIP","floor":55}],"player_experience":1025683,"relics_obtained":[{"floor":7.0,"key":"Girya"},{"floor":9.0,"key":"Torii"},{"floor":12.0,"key":"Frozen Egg 2"},{"floor":26.0,"key":"Whetstone"},{"floor":27.0,"key":"Old Coin"},{"floor":27.0,"key":"Dodecahedron"},{"floor":29.0,"key":"Incense Burner"},{"floor":43,"key":"Bag of Preparation"},{"floor":46,"key":"Bronze Scales"}],"event_choices":[{"damage_healed":0.0,"max_hp_gain":0.0,"max_hp_loss":0.0,"gold_gain":0.0,"cards_transformed":["Strike_B"],"event_name":"Living Wall","player_choice":"Change","floor":2.0,"gold_loss":0.0,"damage_taken":0.0,"cards_obtained":["Hyperbeam"]},{"damage_healed":0.0,"max_hp_gain":0.0,"max_hp_loss":7.0,"gold_gain":0.0,"event_name":"Golden Idol","player_choice":"Lose Max HP","floor":10.0,"gold_loss":0.0,"damage_taken":0.0,"relics_obtained":["Golden Idol"]},{"damage_healed":0.0,"max_hp_gain":0.0,"max_hp_loss":0.0,"gold_gain":30.0,"event_name":"Dead Adventurer","player_choice":"Searched \u00272\u0027 times","floor":12.0,"gold_loss":0.0,"damage_taken":0.0},{"damage_healed":0.0,"max_hp_gain":0.0,"max_hp_loss":0.0,"gold_gain":0.0,"cards_transformed":["Strike_B","Hyperbeam"],"event_name":"Drug Dealer","player_choice":"Became Test Subject","floor":19.0,"gold_loss":0.0,"damage_taken":0.0,"cards_obtained":["Rainbow","Thunder Strike"]},{"damage_healed":0.0,"max_hp_gain":0.0,"max_hp_loss":0.0,"gold_gain":0.0,"event_name":"Forgotten Altar","player_choice":"Gave Idol","floor":24.0,"relics_lost":["Golden Idol"],"gold_loss":0.0,"damage_taken":0.0,"relics_obtained":["Bloody Idol"]},{"damage_healed":0.0,"max_hp_gain":0.0,"max_hp_loss":0.0,"gold_gain":0.0,"event_name":"Colosseum","player_choice":"Fight","floor":27.0,"gold_loss":0.0,"damage_taken":0.0},{"damage_healed":0.0,"max_hp_gain":0.0,"max_hp_loss":0.0,"gold_gain":0.0,"event_name":"Colosseum","player_choice":"Fought Nobs","floor":27.0,"gold_loss":0.0,"damage_taken":0.0},{"damage_healed":0.0,"max_hp_gain":0.0,"max_hp_loss":0.0,"gold_gain":0.0,"event_name":"SensoryStone","player_choice":"Memory 1","floor":37.0,"gold_loss":0.0,"damage_taken":0.0},{"damage_healed":0,"gold_gain":0,"player_choice":"Ignored","damage_taken":0,"max_hp_gain":0,"max_hp_loss":0,"event_name":"Mysterious Sphere","floor":38,"gold_loss":0}],"is_beta":false,"boss_relics":[{"not_picked":["Sozu","Velvet Choker"],"picked":"Runic Pyramid"},{"not_picked":["White Beast Statue","Calling Bell"],"picked":"Nuclear Battery"}],"items_purged_floors":[4,13,31],"is_endless":false,"potions_floor_spawned":[7,11,12,16,21,27,30,33,35,39,46,55],"ascension_level":20}