{"gold_per_floor":[116,116,134,209,209,243,243,257,339,364,380,404,404,246,246,246],"floor_reached":16,"playtime":633,"items_purged":["Strike_G"],"score":254,"play_id":"25ec72fd-7688-4964-85cb-2b529b4cfca9","local_time":"20190808154744","is_ascension_mode":true,"campfire_choices":[{"data":"Tactician","floor":7.0,"key":"SMITH"},{"data":"Choke","floor":13,"key":"SMITH"},{"data":"Neutralize","floor":15,"key":"SMITH"}],"neow_cost":"NONE","seed_source_timestamp":9640235498884,"circlet_count":0,"master_deck":["AscendersBane","Strike_G","Strike_G","Strike_G","Strike_G","Defend_G","Defend_G","Defend_G","Defend_G","Defend_G","Survivor","Neutralize+1","Backflip","PiercingWail","Tactician+1","Choke+1","Infinite Blades","Well Laid Plans","Footwork"],"special_seed":0,"relics":["Ring of the Snake","NeowsBlessing","Golden Idol","Art of War","Shuriken"],"potions_floor_usage":[10,10,11],"damage_taken":[{"damage":0.0,"enemies":"2 Louse","floor":1.0,"turns":1.0},{"damage":0.0,"enemies":"Small Slimes","floor":3.0,"turns":1.0},{"damage":0.0,"enemies":"Lagavulin","floor":6.0,"turns":1.0},{"damage":2.0,"enemies":"Jaw Worm","floor":8.0,"turns":6.0},{"damage":10,"enemies":"Large Slime","floor":10,"turns":7},{"damage":6,"enemies":"2 Fungi Beasts","floor":11,"turns":5},{"damage":1,"enemies":"Blue Slaver","floor":12,"turns":4},{"damage":20,"enemies":"The Guardian","floor":16,"turns":4}],"seed_played":"6319508765339382610","potions_obtained":[{"floor":6.0,"key":"EssenceOfSteel"},{"floor":8.0,"key":"Swift Potion"},{"floor":10,"key":"SkillPotion"}],"is_trial":false,"path_per_floor":["M","?","M","?","?","E","R","M","T","M","M","M","R","$","R","B"],"character_chosen":"THE_SILENT","items_purchased":["Footwork"],"campfire_rested":0,"item_purchase_floors":[14],"current_hp_per_floor":[59,59,59,48,48,48,48,46,46,36,30,29,29,29,29,9],"gold":246,"neow_bonus":"THREE_ENEMY_KILL","is_prod":false,"is_daily":false,"chose_seed":false,"campfire_upgraded":3,"win_rate":0,"timestamp":1565250464,"path_taken":["M","?","M","?","?","E","R","M","T","M","M","M","R","$","R","BOSS"],"build_version":"2019-07-17","purchased_purges":1,"victory":false,"max_hp_per_floor":[66,60,60,60,60,60,60,60,60,60,60,60,60,60,60,60],"card_choices":[{"not_picked":["Leg Sweep","Quick Slash"],"picked":"Backflip","floor":1.0},{"not_picked":["Cloak And Dagger","Blade Dance"],"picked":"PiercingWail","floor":3.0},{"not_picked":["Bane","Concentrate"],"picked":"Tactician","floor":6.0},{"not_picked":["All Out Attack","Caltrops"],"picked":"Choke","floor":8.0},{"not_picked":["Poisoned Stab","Malaise"],"picked":"Infinite Blades","floor":10},{"not_picked":["Finisher","Backflip"],"picked":"Well Laid Plans","floor":11},{"not_picked":["PiercingWail","Poisoned Stab","Deflect"],"picked":"SKIP","floor":12}],"player_experience":1162949,"relics_obtained":[{"floor":6.0,"key":"Art of War"},{"floor":9.0,"key":"Shuriken"}],"event_choices":[{"damage_healed":0.0,"max_hp_gain":0.0,"max_hp_loss":6.0,"gold_gain":0.0,"event_name":"Golden Idol","player_choice":"Lose Max HP","floor":2.0,"gold_loss":0.0,"damage_taken":0.0,"relics_obtained":["Golden Idol"]},{"damage_healed":0.0,"max_hp_gain":0.0,"max_hp_loss":0.0,"gold_gain":75.0,"event_name":"World of Goop","player_choice":"Gather Gold","floor":4.0,"gold_loss":0.0,"damage_taken":11.0},{"damage_healed":0.0,"max_hp_gain":0.0,"max_hp_loss":0.0,"gold_gain":0.0,"event_name":"Liars Game","player_choice":"Ignored","floor":5.0,"gold_loss":0.0,"damage_taken":0.0}],"is_beta":false,"boss_relics":[],"items_purged_floors":[14],"is_endless":false,"potions_floor_spawned":[6,8,10],"killed_by":"The Guardian","ascension_level":20}