{"gold_per_floor":[109,259,274,124,135,135,168,10,58,69,126,146,146,166,166,239,239,255,255,275,275],"floor_reached":21,"playtime":699,"items_purged":["Doubt","Strike_R"],"score":362,"play_id":"ff788bde-9f15-4d36-b96e-426bd5bab456","local_time":"20190503130522","is_ascension_mode":true,"campfire_choices":[{"data":"Inflame","floor":6.0,"key":"SMITH"},{"data":"True Grit","floor":13.0,"key":"SMITH"},{"floor":15.0,"key":"REST"}],"neow_cost":"NONE","seed_source_timestamp":962984337881403,"circlet_count":0,"master_deck":["AscendersBane","Strike_R","Strike_R","Strike_R","Strike_R","Defend_R","Defend_R","Defend_R","Defend_R","Bash","Pommel Strike","Inflame+1","Sword Boomerang","Rampage","Shrug It Off","Inflame","True Grit+1","Dark Embrace","Body Slam"],"special_seed":0,"relics":["Burning Blood","NeowsBlessing","Vajra","Regal Pillow","Ornamental Fan","Velvet Choker"],"potions_floor_usage":[21],"damage_taken":[{"damage":0.0,"enemies":"Jaw Worm","floor":1.0,"turns":1.0},{"damage":0.0,"enemies":"Cultist","floor":3.0,"turns":1.0},{"damage":0.0,"enemies":"2 Louse","floor":5.0,"turns":2.0},{"damage":57.0,"enemies":"Lagavulin","floor":7.0,"turns":9.0},{"damage":22.0,"enemies":"Exordium Wildlife","floor":10.0,"turns":5.0},{"damage":8.0,"enemies":"Gremlin Nob","floor":11.0,"turns":3.0},{"damage":3.0,"enemies":"Large Slime","floor":12.0,"turns":4.0},{"damage":6.0,"enemies":"Looter","floor":14.0,"turns":4.0},{"damage":50.0,"enemies":"The Guardian","floor":16.0,"turns":11.0},{"damage":19.0,"enemies":"Chosen","floor":18.0,"turns":5.0},{"damage":30.0,"enemies":"Spheric Guardian","floor":20.0,"turns":5.0},{"damage":18,"enemies":"Shelled Parasite and Fungi","floor":21,"turns":3}],"seed_played":"4007482871465823427","potions_obtained":[{"floor":3.0,"key":"Regen Potion"},{"floor":7.0,"key":"Dexterity Potion"},{"floor":10.0,"key":"Strength Potion"},{"floor":12.0,"key":"SteroidPotion"},{"floor":20.0,"key":"BloodPotion"}],"is_trial":false,"path_per_floor":["M","?","M","$","M","R","E","$","T","M","?","M","R","M","R","B",null,"M","?","M","M"],"character_chosen":"IRONCLAD","items_purchased":["Inflame","Shrug It Off"],"campfire_rested":1,"item_purchase_floors":[4,8],"current_hp_per_floor":[74,74,75,75,75,75,38,38,38,22,20,23,23,23,60,16,60,47,43,19,8],"gold":275,"neow_bonus":"THREE_ENEMY_KILL","is_prod":false,"is_daily":false,"chose_seed":false,"campfire_upgraded":2,"win_rate":0,"timestamp":1556859922,"path_taken":["M","?","M","$","M","R","E","$","T","M","?","M","R","M","R","BOSS","M","?","M","?"],"build_version":"2019-01-23","purchased_purges":2,"victory":false,"max_hp_per_floor":[75,75,75,75,75,75,75,75,75,75,75,75,75,75,75,75,75,75,75,75,75],"card_choices":[{"not_picked":["Anger","Clothesline"],"picked":"Pommel Strike","floor":1.0},{"not_picked":["Sword Boomerang","Heavy Blade","Pommel Strike"],"picked":"SKIP","floor":3.0},{"not_picked":["Infernal Blade","Power Through"],"picked":"Sword Boomerang","floor":5.0},{"not_picked":["Dropkick","Thunderclap"],"picked":"Rampage","floor":7.0},{"not_picked":["Sever Soul","Seeing Red","Thunderclap"],"picked":"SKIP","floor":10.0},{"not_picked":["Thunderclap","Flex"],"picked":"Inflame","floor":11.0},{"not_picked":["Armaments","Reaper"],"picked":"True Grit","floor":12.0},{"not_picked":["Clash","Rupture","Havoc"],"picked":"SKIP","floor":14.0},{"not_picked":["Juggernaut","Double Tap"],"picked":"Dark Embrace","floor":16.0},{"not_picked":["Heavy Blade","Seeing Red"],"picked":"Body Slam","floor":18.0},{"not_picked":["Iron Wave","Clash","Cleave"],"picked":"SKIP","floor":20.0}],"player_experience":807075,"relics_obtained":[{"floor":7.0,"key":"Vajra"},{"floor":9.0,"key":"Regal Pillow"},{"floor":11.0,"key":"Ornamental Fan"}],"event_choices":[{"damage_healed":0.0,"max_hp_gain":0.0,"max_hp_loss":0.0,"gold_gain":150.0,"event_name":"Liars Game","player_choice":"AGREE","floor":2.0,"gold_loss":0.0,"damage_taken":0.0,"cards_obtained":["Doubt"]},{"damage_healed":0.0,"max_hp_gain":0.0,"max_hp_loss":0.0,"gold_gain":0.0,"event_name":"Dead Adventurer","player_choice":"Searched \u00271\u0027 times","floor":11.0,"gold_loss":0.0,"damage_taken":0.0},{"damage_healed":0.0,"max_hp_gain":0.0,"max_hp_loss":0.0,"gold_gain":0.0,"event_name":"The Woman in Blue","player_choice":"Bought 0 Potions","floor":19.0,"gold_loss":0.0,"damage_taken":0.0}],"is_beta":false,"boss_relics":[{"not_picked":["White Beast Statue","Orrery"],"picked":"Velvet Choker"}],"items_purged_floors":[4,8],"is_endless":false,"potions_floor_spawned":[3,7,10,12,20],"killed_by":"Shelled Parasite and Fungi","ascension_level":20}