{"gold_per_floor":[114,8,8,24,24,35,67,67,115,134,151,162,180,180,180,281,281,299,299,224,323,223,223,240,240,240,340,360,395,410,410,410,508,508,524,624,639,639,691,691,1091,1091,1114,989,989,1211,1221,1071],"floor_reached":48,"playtime":1185,"items_purged":["Power Through+1","Defend_R","Defend_R","Defend_R"],"score":603,"play_id":"ca7f3825-cd9a-4461-a969-e9379ddfdf0d","local_time":"20190520163921","is_ascension_mode":false,"campfire_choices":[{"data":"Flex","floor":8.0,"key":"SMITH"},{"data":"Sword Boomerang","floor":15.0,"key":"SMITH"},{"data":"Bash","floor":23,"key":"SMITH"},{"data":"Dropkick","floor":25,"key":"SMITH"},{"floor":32,"key":"REST"},{"data":"Dropkick","floor":40,"key":"SMITH"},{"floor":42,"key":"REST"},{"data":"Defend_R","floor":45,"key":"SMITH"}],"neow_cost":"NONE","seed_source_timestamp":321066764944715,"circlet_count":0,"master_deck":["Defend_R+1","Bash+1","Offering+1","Iron Wave+1","Flex+1","Sword Boomerang+1","Dropkick+1","Dropkick+1"],"special_seed":0,"relics":["Astrolabe","Bottled Flame","Juzu Bracelet","Bag of Preparation","Runic Pyramid","Calipers","Unceasing Top","Singing Bowl","Red Mask","Busted Crown","Magic Flower","Old Coin","PreservedInsect"],"potions_floor_usage":[16],"damage_taken":[{"damage":6.0,"enemies":"Small Slimes","floor":1.0,"turns":2.0},{"damage":6.0,"enemies":"Cultist","floor":4.0,"turns":2.0},{"damage":5.0,"enemies":"2 Louse","floor":6.0,"turns":3.0},{"damage":6.0,"enemies":"Gremlin Nob","floor":7.0,"turns":2.0},{"damage":3.0,"enemies":"Looter","floor":10.0,"turns":2.0},{"damage":2.0,"enemies":"Exordium Wildlife","floor":11.0,"turns":5.0},{"damage":19.0,"enemies":"Exordium Thugs","floor":12.0,"turns":2.0},{"damage":15.0,"enemies":"Gremlin Gang","floor":13.0,"turns":2.0},{"damage":13,"enemies":"Hexaghost","floor":16,"turns":4},{"damage":9,"enemies":"Chosen","floor":18,"turns":2},{"damage":6,"enemies":"Shell Parasite","floor":24,"turns":1},{"damage":6,"enemies":"Colosseum Slavers","floor":27,"turns":1},{"damage":6,"enemies":"Colosseum Nobs","floor":27,"turns":2},{"damage":9,"enemies":"Cultist and Chosen","floor":28,"turns":2},{"damage":6,"enemies":"Masked Bandits","floor":29,"turns":2},{"damage":6,"enemies":"3 Cultists","floor":30,"turns":2},{"damage":6,"enemies":"Automaton","floor":33,"turns":2},{"damage":6,"enemies":"Orb Walker","floor":35,"turns":1},{"damage":6,"enemies":"3 Darklings","floor":37,"turns":3},{"damage":12,"enemies":"2 Orb Walkers","floor":39,"turns":3},{"damage":6,"enemies":"Mind Bloom Boss Battle","floor":41,"turns":2},{"damage":6,"enemies":"Spire Growth","floor":47,"turns":1}],"seed_played":"580796960232260028","potions_obtained":[{"floor":4.0,"key":"Ancient Potion"},{"floor":10.0,"key":"SneckoOil"},{"floor":11.0,"key":"SteroidPotion"},{"floor":12.0,"key":"SkillPotion"},{"floor":16,"key":"SteroidPotion"},{"floor":24,"key":"PowerPotion"},{"floor":35,"key":"Swift Potion"}],"is_trial":false,"path_per_floor":["M","$","?","M","T","M","E","R","T","M","M","M","M","?","R","B",null,"M","?","$","?","$","R","M","R","T","?","M","?","M","?","R","B",null,"M","?","M","?","?","R","?","R","T","$","R","?","M","$"],"character_chosen":"IRONCLAD","items_purchased":["Flex","Sword Boomerang"],"campfire_rested":2,"item_purchase_floors":[2,2],"current_hp_per_floor":[74,74,74,68,68,63,57,57,57,54,52,33,18,18,18,5,80,71,71,71,71,71,71,65,65,65,55,48,44,40,40,66,62,90,86,86,82,84,74,74,70,100,100,100,100,100,96,96],"gold":1071,"neow_bonus":"BOSS_RELIC","is_prod":false,"is_daily":false,"chose_seed":false,"campfire_upgraded":6,"win_rate":0,"timestamp":1558341561,"path_taken":["M","$","?","?","?","M","E","R","T","M","M","M","M","?","R","BOSS","M","?","?","?","$","R","M","R","T","?","M","?","M","?","R","BOSS","M","?","M","?","?","R","?","R","T","$","R","?","M","?"],"build_version":"2019-01-23","purchased_purges":4,"victory":false,"max_hp_per_floor":[80,80,80,80,80,80,80,80,80,80,80,80,80,80,80,80,80,80,80,80,80,80,80,80,80,80,82,84,86,88,88,88,90,90,92,92,94,96,98,98,100,100,100,100,100,100,102,102],"card_choices":[{"not_picked":["Cleave","Anger","Headbutt"],"picked":"SKIP","floor":1.0},{"not_picked":["Pommel Strike","Rage","Sentinel"],"picked":"SKIP","floor":4.0},{"not_picked":["Whirlwind","Perfected Strike","Spot Weakness"],"picked":"SKIP","floor":6.0},{"not_picked":["Searing Blow","Anger","Barricade"],"picked":"SKIP","floor":7.0},{"not_picked":["Clash","Pommel Strike","Wild Strike"],"picked":"SKIP","floor":10.0},{"not_picked":["Ghostly Armor","Sword Boomerang"],"picked":"Dropkick","floor":11.0},{"not_picked":["Inflame","Wild Strike","Pommel Strike"],"picked":"SKIP","floor":12.0},{"not_picked":["Perfected Strike","Shrug It Off"],"picked":"Dropkick","floor":13.0},{"not_picked":["Flex","Twin Strike","Sever Soul"],"picked":"SKIP","floor":18},{"not_picked":["Havoc","Flex","Armaments"],"picked":"SKIP","floor":24},{"not_picked":["Shrug It Off","Armaments","Perfected Strike+1"],"picked":"Singing Bowl","floor":27},{"not_picked":["Offering","Sever Soul","Rampage+1"],"picked":"Singing Bowl","floor":28},{"not_picked":["Burning Pact","Sword Boomerang+1","Cleave"],"picked":"Singing Bowl","floor":29},{"not_picked":["Thunderclap","Pommel Strike","Corruption"],"picked":"Singing Bowl","floor":30},{"not_picked":["Juggernaut","Brutality","Bludgeon"],"picked":"Singing Bowl","floor":33},{"not_picked":["Heavy Blade"],"picked":"Singing Bowl","floor":35},{"not_picked":["Dual Wield"],"picked":"Singing Bowl","floor":37},{"not_picked":["Dark Shackles"],"picked":"Singing Bowl","floor":38},{"not_picked":["Shrug It Off+1"],"picked":"Singing Bowl","floor":39},{"not_picked":["Blood for Blood"],"picked":"Singing Bowl","floor":41},{"not_picked":["Dropkick"],"picked":"Singing Bowl","floor":47}],"player_experience":899533,"relics_obtained":[{"floor":5.0,"key":"Bottled Flame"},{"floor":7.0,"key":"Juzu Bracelet"},{"floor":9.0,"key":"Bag of Preparation"},{"floor":26,"key":"Calipers"},{"floor":27,"key":"Unceasing Top"},{"floor":27,"key":"Singing Bowl"},{"floor":29,"key":"Red Mask"},{"floor":39,"key":"Magic Flower"},{"floor":41,"key":"Old Coin"},{"floor":43,"key":"PreservedInsect"}],"event_choices":[{"damage_healed":0.0,"max_hp_gain":0.0,"max_hp_loss":0.0,"gold_gain":0.0,"event_name":"NoteForYourself","player_choice":"Ignored","floor":3.0,"gold_loss":0.0,"damage_taken":0.0},{"cards_removed":["Strike_R"],"damage_healed":0.0,"max_hp_gain":0.0,"max_hp_loss":0.0,"gold_gain":0.0,"event_name":"Purifier","player_choice":"Purged","floor":14.0,"gold_loss":0.0,"damage_taken":0.0},{"cards_removed":["Strike_R"],"damage_healed":0,"gold_gain":0,"player_choice":"Purged","damage_taken":0,"max_hp_gain":0,"max_hp_loss":0,"event_name":"Purifier","floor":19,"gold_loss":0},{"damage_healed":0,"gold_gain":99,"player_choice":"Stole From Cult","damage_taken":0,"max_hp_gain":0,"max_hp_loss":0,"event_name":"Nest","floor":21,"gold_loss":0},{"damage_healed":0,"gold_gain":0,"player_choice":"Fight","damage_taken":0,"max_hp_gain":0,"max_hp_loss":0,"event_name":"Colosseum","floor":27,"gold_loss":0},{"damage_healed":0,"gold_gain":0,"player_choice":"Fought Nobs","damage_taken":0,"max_hp_gain":0,"max_hp_loss":0,"event_name":"Colosseum","floor":27,"gold_loss":0},{"damage_healed":0,"gold_gain":0,"player_choice":"Fought Bandits","damage_taken":0,"max_hp_gain":0,"max_hp_loss":0,"event_name":"Masked Bandits","floor":29,"gold_loss":0},{"damage_healed":0,"gold_gain":0,"player_choice":"Ignored","damage_taken":0,"max_hp_gain":0,"max_hp_loss":0,"event_name":"Duplicator","floor":31,"gold_loss":0},{"damage_healed":0,"gold_gain":100,"player_choice":"Pray","damage_taken":0,"max_hp_gain":0,"max_hp_loss":0,"event_name":"Golden Shrine","floor":36,"gold_loss":0},{"damage_healed":0,"gold_gain":0,"player_choice":"Memory 1","damage_taken":0,"max_hp_gain":0,"max_hp_loss":0,"event_name":"SensoryStone","floor":38,"gold_loss":0},{"damage_healed":0,"gold_gain":0,"player_choice":"Fight","damage_taken":0,"max_hp_gain":0,"max_hp_loss":0,"event_name":"Mysterious Sphere","floor":39,"gold_loss":0},{"damage_healed":0,"gold_gain":0,"player_choice":"Fight","damage_taken":0,"max_hp_gain":0,"max_hp_loss":0,"event_name":"MindBloom","floor":41,"gold_loss":0},{"damage_healed":0,"gold_gain":222,"player_choice":"Wore Mask","damage_taken":0,"max_hp_gain":0,"max_hp_loss":0,"event_name":"Tomb of Lord Red Mask","floor":46,"gold_loss":0}],"is_beta":false,"boss_relics":[{"not_picked":["Ectoplasm","White Beast Statue"],"picked":"Runic Pyramid"},{"not_picked":["Calling Bell","Lizard Tail"],"picked":"Busted Crown"}],"items_purged_floors":[20,22,44,48],"is_endless":false,"potions_floor_spawned":[4,10,11,12,16,24,28,29,35,37,39],"ascension_level":0}