{"gold_per_floor":[114,64,16,36,56,56,90,105,105,135,135,162,162,162,162,261,311,327,357,346,127,77,77],"floor_reached":23,"playtime":2183,"items_purged":["Defend_B"],"score":207,"play_id":"c7f14a63-8edd-444e-b1f6-6e44507857ec","local_time":"20190319125655","is_ascension_mode":true,"campfire_choices":[{"data":"Rip and Tear","floor":6,"key":"SMITH"},{"floor":13,"key":"REST"},{"floor":15,"key":"REST"}],"neow_cost":"NONE","seed_source_timestamp":446810304914600,"circlet_count":0,"master_deck":["Strike_B","Strike_B","Strike_B","Strike_B","Defend_B+1","Defend_B","Zap","Genetic Algorithm","Rip and Tear+1","FTL","Leap","Sweeping Beam","Creative AI","Genetic Algorithm","Conserve Battery","Hyperbeam"],"relics":["Runic Dome","DataDisk","Regal Pillow","Odd Mushroom","Gremlin Horn","Tiny House","Red Mask"],"potions_floor_usage":[12,12,12,12,12,16,19],"damage_taken":[{"damage":0,"enemies":"2 Louse","floor":1,"turns":3},{"damage":4,"enemies":"Small Slimes","floor":4,"turns":5},{"damage":6,"enemies":"Jaw Worm","floor":5,"turns":4},{"damage":26,"enemies":"3 Sentries","floor":7,"turns":7},{"damage":5,"enemies":"Looter","floor":8,"turns":3},{"damage":16,"enemies":"The Mushroom Lair","floor":10,"turns":4},{"damage":14,"enemies":"Gremlin Nob","floor":12,"turns":3},{"damage":42,"enemies":"Hexaghost","floor":16,"turns":11},{"damage":1,"enemies":"Chosen","floor":18,"turns":6},{"damage":37,"enemies":"Masked Bandits","floor":19,"turns":5},{"damage":13,"enemies":"2 Thieves","floor":20,"turns":4},{"damage":32,"enemies":"Book of Stabbing","floor":23,"turns":5}],"seed_played":"-7292458898159801144","potions_obtained":[{"floor":4,"key":"Strength Potion"},{"floor":7,"key":"EntropicBrew"},{"floor":17,"key":"Block Potion"}],"is_trial":false,"path_per_floor":["M","?","$","M","M","R","E","M","T","?","?","E","R","?","R","B",null,"M","?","M","$","?","E"],"character_chosen":"DEFECT","items_purchased":["SkillPotion","Hyperbeam"],"campfire_rested":2,"item_purchase_floors":[3,21],"current_hp_per_floor":[75,75,75,71,65,65,39,34,34,18,18,4,41,41,75,33,80,79,42,29,29,29,0],"gold":77,"neow_bonus":"BOSS_RELIC","is_prod":false,"is_daily":false,"chose_seed":false,"campfire_upgraded":1,"win_rate":0,"timestamp":1553025415,"path_taken":["M","?","$","M","M","R","E","M","T","?","?","E","R","?","R","BOSS","M","?","M","$","?","E"],"build_version":"2019-01-23","purchased_purges":1,"victory":false,"max_hp_per_floor":[75,75,75,75,75,75,75,75,75,75,75,75,75,75,75,75,80,80,80,80,80,80,80],"card_choices":[{"not_picked":["Barrage","Blizzard"],"picked":"Genetic Algorithm","floor":1},{"not_picked":["Cold Snap","Defragment"],"picked":"Rip and Tear","floor":4},{"not_picked":["Coolheaded","Streamline"],"picked":"FTL","floor":5},{"not_picked":["Streamline","Barrage","Redo"],"picked":"SKIP","floor":7},{"not_picked":["Streamline","Go for the Eyes","Hologram"],"picked":"SKIP","floor":8},{"not_picked":["Turbo","Rip and Tear"],"picked":"Leap","floor":10},{"not_picked":["Thunder Strike","Doom and Gloom"],"picked":"Sweeping Beam","floor":12},{"not_picked":["Seek","Meteor Strike"],"picked":"Creative AI","floor":16},{"not_picked":["Go for the Eyes","Sweeping Beam"],"picked":"Genetic Algorithm","floor":17},{"not_picked":["Gash","Cold Snap"],"picked":"Conserve Battery","floor":18},{"not_picked":["Conserve Battery","Barrage","Gash"],"picked":"SKIP","floor":20}],"player_experience":334318,"relics_obtained":[{"floor":7,"key":"DataDisk"},{"floor":9,"key":"Regal Pillow"},{"floor":10,"key":"Odd Mushroom"},{"floor":12,"key":"Gremlin Horn"},{"floor":19,"key":"Red Mask"}],"event_choices":[{"cards_removed":["Dualcast"],"damage_healed":0,"gold_gain":0,"player_choice":"Card Removal","damage_taken":0,"max_hp_gain":0,"max_hp_loss":0,"event_name":"The Cleric","floor":2,"gold_loss":50},{"damage_healed":0,"gold_gain":0,"player_choice":"Fought Mushrooms","damage_taken":0,"max_hp_gain":0,"max_hp_loss":0,"event_name":"Mushrooms","floor":10,"gold_loss":0},{"damage_healed":0,"gold_gain":0,"player_choice":"Ignored","damage_taken":0,"max_hp_gain":0,"max_hp_loss":0,"event_name":"Golden Idol","floor":11,"gold_loss":0},{"cards_removed":["Defend_B"],"damage_healed":0,"gold_gain":0,"player_choice":"Forget","damage_taken":0,"max_hp_gain":0,"max_hp_loss":0,"event_name":"Living Wall","floor":14,"gold_loss":0},{"damage_healed":0,"gold_gain":0,"player_choice":"Fought Bandits","damage_taken":0,"max_hp_gain":0,"max_hp_loss":0,"event_name":"Masked Bandits","floor":19,"gold_loss":0},{"damage_healed":0,"gold_gain":0,"player_choice":"Bet on Murderer","damage_taken":0,"max_hp_gain":0,"max_hp_loss":0,"event_name":"The Joust","floor":22,"gold_loss":50}],"is_beta":false,"boss_relics":[{"not_picked":["Black Star","Fusion Hammer"],"picked":"Tiny House"}],"items_purged_floors":[21],"is_endless":false,"potions_floor_spawned":[4,7,8],"killed_by":"Book of Stabbing","ascension_level":1}