{"gold_per_floor":[115,130,48,64,64,64,98,98,123,134,134,59,59],"floor_reached":13,"playtime":209,"items_purged":["Strike_B"],"score":166,"play_id":"cf4a298f-7f30-4941-98f0-586c5d81370f","local_time":"20190703114312","is_ascension_mode":true,"campfire_choices":[{"data":"Streamline","floor":6,"key":"SMITH"},{"data":"Dualcast","floor":8,"key":"SMITH"}],"neow_cost":"NONE","seed_source_timestamp":155712468247457,"circlet_count":0,"master_deck":["AscendersBane","Strike_B","Strike_B","Defend_B","Defend_B","Defend_B","Defend_B","Zap","Dualcast+1","Streamline+1","Hologram","Turbo","Compile Driver","Ball Lightning"],"relics":["Cracked Core","Bronze Scales","Juzu Bracelet","Regal Pillow","Golden Idol"],"potions_floor_usage":[10],"damage_taken":[{"damage":2,"enemies":"Jaw Worm","floor":1,"turns":3},{"damage":0,"enemies":"2 Louse","floor":2,"turns":2},{"damage":3,"enemies":"Small Slimes","floor":4,"turns":3},{"damage":37,"enemies":"Gremlin Nob","floor":7,"turns":4},{"damage":8,"enemies":"Looter","floor":10,"turns":3},{"damage":0,"enemies":"Red Slaver","floor":13,"turns":1}],"seed_played":"4522653233368743579","potions_obtained":[{"floor":4,"key":"EssenceOfSteel"}],"is_trial":false,"path_per_floor":["M","M","$","M","?","R","E","R","T","M","?","$","M"],"character_chosen":"DEFECT","items_purchased":["Streamline","Hologram"],"campfire_rested":0,"item_purchase_floors":[3,3],"current_hp_per_floor":[62,62,62,59,59,59,22,22,22,14,14,14,14],"gold":59,"neow_bonus":"RANDOM_COMMON_RELIC","is_prod":false,"is_daily":false,"chose_seed":false,"campfire_upgraded":2,"win_rate":0,"timestamp":1562125392,"path_taken":["M","M","$","M","?","R","E","R","T","M","?","?","M"],"build_version":"2019-07-01","purchased_purges":1,"victory":false,"max_hp_per_floor":[71,71,71,71,71,71,71,71,71,71,64,64,64],"card_choices":[{"not_picked":["Gash","Leap","Fusion"],"picked":"SKIP","floor":1},{"not_picked":["Go for the Eyes","Stack","Blizzard"],"picked":"SKIP","floor":2},{"not_picked":["Darkness","Hologram"],"picked":"Turbo","floor":4},{"not_picked":["BootSequence","Streamline","Chaos"],"picked":"SKIP","floor":7},{"not_picked":["Beam Cell","Compile Driver"],"picked":"Ball Lightning","floor":10}],"player_experience":1051755,"relics_obtained":[{"floor":7,"key":"Juzu Bracelet"},{"floor":9,"key":"Regal Pillow"}],"event_choices":[{"damage_healed":0,"gold_gain":0,"cards_transformed":["Strike_B"],"player_choice":"Change","damage_taken":0,"max_hp_gain":0,"max_hp_loss":0,"event_name":"Living Wall","floor":5,"gold_loss":0,"cards_obtained":["Compile Driver"]},{"damage_healed":0,"gold_gain":0,"player_choice":"Lose Max HP","damage_taken":0,"relics_obtained":["Golden Idol"],"max_hp_gain":0,"max_hp_loss":7,"event_name":"Golden Idol","floor":11,"gold_loss":0}],"is_beta":false,"boss_relics":[],"items_purged_floors":[12],"is_endless":false,"potions_floor_spawned":[4],"killed_by":"Red Slaver","ascension_level":20}