{"gold_per_floor":[14,31,44,55,66,101,101,115,115,18,18,0,31,45,45,140,140,151,170,170,188,188,188,205,231,256,256,266,25,25,25],"floor_reached":31,"playtime":2093,"items_purged":["Defend_R"],"score":323,"play_id":"1b331800-817d-4ed1-bd21-3b044981e509","local_time":"20190709174246","is_ascension_mode":true,"campfire_choices":[{"data":"Iron Wave","floor":7,"key":"SMITH"},{"data":"Iron Wave","floor":11,"key":"SMITH"},{"data":"Defend_R","floor":15,"key":"SMITH"},{"data":"Rampage","floor":23,"key":"SMITH"},{"data":"Clothesline","floor":27,"key":"SMITH"}],"neow_cost":"NO_GOLD","seed_source_timestamp":2063457501307400,"circlet_count":0,"master_deck":["Strike_R+1","Strike_R+1","Strike_R+1","Strike_R+1","Strike_R+1","Defend_R+1","Defend_R+1","Defend_R+1","Bash+1","Double Tap+1","Rampage+1","Clash","Pommel Strike","Iron Wave+1","Clash","Dropkick","Iron Wave+1","Clothesline+1","Cleave","Reaper","Metallicize"],"relics":["Burning Blood","War Paint","Darkstone Periapt","Whetstone","Lizard Tail","Dodecahedron","Smiling Mask"],"potions_floor_usage":[13,13,13,19,21,24,28,28],"damage_taken":[{"damage":1,"enemies":"Cultist","floor":1,"turns":3},{"damage":12,"enemies":"Jaw Worm","floor":2,"turns":5},{"damage":5,"enemies":"Small Slimes","floor":3,"turns":2},{"damage":7,"enemies":"Looter","floor":4,"turns":3},{"damage":5,"enemies":"Exordium Wildlife","floor":5,"turns":3},{"damage":25,"enemies":"Lagavulin","floor":6,"turns":5},{"damage":0,"enemies":"Large Slime","floor":8,"turns":4},{"damage":15,"enemies":"3 Sentries","floor":13,"turns":4},{"damage":9,"enemies":"Red Slaver","floor":14,"turns":2},{"damage":29,"enemies":"Hexaghost","floor":16,"turns":8},{"damage":5,"enemies":"Chosen","floor":18,"turns":3},{"damage":5,"enemies":"3 Byrds","floor":19,"turns":4},{"damage":15,"enemies":"Sentry and Sphere","floor":21,"turns":5},{"damage":39,"enemies":"Shelled Parasite and Fungi","floor":24,"turns":5},{"damage":61,"enemies":"Slavers","floor":25,"turns":8},{"damage":24,"enemies":"Centurion and Healer","floor":28,"turns":6},{"damage":17,"enemies":"Colosseum Slavers","floor":30,"turns":3},{"damage":17,"enemies":"Cultist and Chosen","floor":31,"turns":6}],"seed_played":"6301766493995238848","potions_obtained":[{"floor":3,"key":"Poison Potion"},{"floor":4,"key":"BloodPotion"},{"floor":6,"key":"Poison Potion"},{"floor":8,"key":"SkillPotion"},{"floor":14,"key":"BloodPotion"},{"floor":16,"key":"Explosive Potion"},{"floor":19,"key":"AttackPotion"},{"floor":25,"key":"EntropicBrew"},{"floor":28,"key":"Dexterity Potion"}],"is_trial":false,"path_per_floor":["M","M","M","M","M","E","R","M","T","$","R","?","E","M","R","B",null,"M","M","?","M","?","R","M","E","T","R","M","$","?","M"],"character_chosen":"IRONCLAD","items_purchased":["Iron Wave","Reaper","Metallicize"],"campfire_rested":0,"item_purchase_floors":[10,29,29],"current_hp_per_floor":[80,74,75,74,75,56,56,62,62,62,62,62,73,70,70,47,80,80,80,80,71,71,71,58,46,46,46,28,28,17,0],"gold":25,"neow_bonus":"THREE_RARE_CARDS","is_prod":false,"is_daily":false,"chose_seed":false,"campfire_upgraded":5,"win_rate":0,"timestamp":1562719366,"path_taken":["M","M","M","?","M","E","R","M","T","$","R","?","E","M","R","BOSS","M","M","?","M","?","R","M","E","T","R","M","$","?","M"],"build_version":"2019-07-05","purchased_purges":1,"victory":false,"max_hp_per_floor":[80,80,80,80,80,80,80,80,80,80,80,80,80,80,80,80,80,80,80,80,80,80,80,80,80,80,80,80,80,80,80],"card_choices":[{"not_picked":["Reaper","Immolate"],"picked":"Double Tap","floor":0},{"not_picked":["Clash","Warcry"],"picked":"Rampage","floor":1},{"not_picked":["Armaments","Clothesline"],"picked":"Clash","floor":2},{"not_picked":["True Grit","Wild Strike"],"picked":"Pommel Strike","floor":3},{"not_picked":["Body Slam","Warcry","Anger"],"picked":"SKIP","floor":4},{"not_picked":["Body Slam","Shrug It Off"],"picked":"Iron Wave","floor":5},{"not_picked":["Pommel Strike","Flex"],"picked":"Clash","floor":6},{"not_picked":["Iron Wave","Brutality"],"picked":"Dropkick","floor":8},{"not_picked":["Sentinel","Body Slam","Disarm"],"picked":"SKIP","floor":13},{"not_picked":["Infernal Blade","Sever Soul","Entrench"],"picked":"SKIP","floor":14},{"not_picked":["Shrug It Off","Warcry","Bloodletting+1"],"picked":"SKIP","floor":18},{"not_picked":["True Grit","Warcry","Combust"],"picked":"SKIP","floor":19},{"not_picked":["Shrug It Off","Rupture","Ghostly Armor"],"picked":"SKIP","floor":21},{"not_picked":["Headbutt","Sentinel"],"picked":"Clothesline","floor":24},{"not_picked":["Thunderclap+1","Warcry"],"picked":"Cleave","floor":25},{"not_picked":["Evolve","Heavy Blade","Armaments"],"picked":"SKIP","floor":28}],"player_experience":632563,"relics_obtained":[{"floor":6,"key":"War Paint"},{"floor":9,"key":"Darkstone Periapt"},{"floor":13,"key":"Whetstone"},{"floor":25,"key":"Dodecahedron"},{"floor":26,"key":"Smiling Mask"}],"event_choices":[{"damage_healed":0,"gold_gain":0,"player_choice":"Left Gold","damage_taken":0,"max_hp_gain":0,"max_hp_loss":0,"event_name":"World of Goop","floor":12,"gold_loss":18},{"damage_healed":0,"gold_gain":0,"player_choice":"Simplicity","damage_taken":0,"max_hp_gain":0,"max_hp_loss":0,"event_name":"Back to Basics","floor":20,"gold_loss":0,"cards_upgraded":["Strike_R","Strike_R","Strike_R","Strike_R","Defend_R"]},{"damage_healed":0,"gold_gain":0,"player_choice":"Ignored","damage_taken":0,"max_hp_gain":0,"max_hp_loss":0,"event_name":"Vampires","floor":22,"gold_loss":0},{"damage_healed":0,"gold_gain":0,"player_choice":"Fight","damage_taken":0,"max_hp_gain":0,"max_hp_loss":0,"event_name":"Colosseum","floor":30,"gold_loss":0},{"damage_healed":0,"gold_gain":0,"player_choice":"Fled From Nobs","damage_taken":0,"max_hp_gain":0,"max_hp_loss":0,"event_name":"Colosseum","floor":30,"gold_loss":0}],"is_beta":false,"boss_relics":[{"not_picked":["Snecko Eye","Velvet Choker"],"picked":"Lizard Tail"}],"items_purged_floors":[10],"is_endless":false,"potions_floor_spawned":[3,4,6,8,14,16,19,25,28,30],"killed_by":"Cultist and Chosen","ascension_level":4}