{"gold_per_floor":[109,109,123,73,83,83,98,114,140,140,160,160,33,208,208,339,339,354,354,370,274,294,325,337,382,439,472,528,540,302,302],"floor_reached":31,"playtime":2960,"items_purged":["Strike_G","Defend_G","Doubt"],"score":335,"play_id":"08511b40-88b8-49f6-bd5e-f2196f856489","local_time":"20181227221211","is_ascension_mode":false,"campfire_choices":[{"data":"After Image","floor":6.0,"key":"SMITH"},{"data":"Blur","floor":12,"key":"SMITH"},{"floor":15,"key":"REST"},{"floor":24,"key":"REST"}],"neow_cost":"NONE","seed_source_timestamp":0,"circlet_count":0,"master_deck":["Defend_G","Defend_G","Defend_G","Survivor","Neutralize","Deadly Poison","After Image+1","Blur+1","PiercingWail","Prepared","Poisoned Stab","Bouncing Flask","Corpse Explosion","Deflect+1","Poisoned Stab","Deflect+1","Slice+1","Deflect+1","Bane+1","Bite","Bite","Bite","Bite","Bite","Noxious Fumes","Crippling Poison","Deadly Poison"],"special_seed":0,"relics":["Ring of the Snake","Smiling Mask","Oddly Smooth Stone","Golden Idol","Empty Cage","MawBank","Girya","Calipers"],"potions_floor_usage":[18,18,22],"damage_taken":[{"damage":2.0,"enemies":"Cultist","floor":1.0,"turns":5.0},{"damage":1.0,"enemies":"Jaw Worm","floor":3.0,"turns":5.0},{"damage":0.0,"enemies":"2 Louse","floor":5.0,"turns":5.0},{"damage":3.0,"enemies":"Looter","floor":7.0,"turns":5.0},{"damage":0.0,"enemies":"2 Fungi Beasts","floor":8.0,"turns":5.0},{"damage":4,"enemies":"Large Slime","floor":11,"turns":12},{"damage":22,"enemies":"Hexaghost","floor":16,"turns":10},{"damage":7,"enemies":"2 Thieves","floor":18,"turns":3},{"damage":0,"enemies":"Shell Parasite","floor":20,"turns":6},{"damage":19,"enemies":"Sentry and Sphere","floor":22,"turns":7},{"damage":11,"enemies":"Gremlin Leader","floor":23,"turns":10},{"damage":61,"enemies":"Book of Stabbing","floor":25,"turns":11},{"damage":1,"enemies":"3 Cultists","floor":27,"turns":5},{"damage":7,"enemies":"Slavers","floor":28,"turns":6},{"damage":12,"enemies":"Colosseum Slavers","floor":31,"turns":3}],"seed_played":"-1157411886529616773","potions_obtained":[{"floor":5.0,"key":"Fire Potion"},{"floor":7.0,"key":"Block Potion"},{"floor":16,"key":"FearPotion"},{"floor":20,"key":"Regen Potion"},{"floor":27,"key":"Ancient Potion"}],"is_trial":false,"path_per_floor":["M","?","M","?","M","R","M","M","T","?","M","R","$","?","R","B",null,"M","?","M","$","M","E","R","E","T","M","E","?","$","?"],"character_chosen":"THE_SILENT","items_purchased":["Bouncing Flask","Poisoned Stab","Noxious Fumes","Crippling Poison","Deadly Poison"],"campfire_rested":2,"item_purchase_floors":[13,21,30,30,30],"current_hp_per_floor":[75,72,71,71,71,71,68,68,68,49,45,45,45,45,68,46,77,70,70,70,70,61,50,73,12,12,11,4,4,4,0],"gold":302,"neow_bonus":"TEN_PERCENT_HP_BONUS","is_prod":false,"is_daily":false,"chose_seed":false,"campfire_upgraded":2,"win_rate":0,"timestamp":1545909131,"path_taken":["M","?","M","?","M","R","?","M","T","?","M","R","$","?","R","BOSS","M","?","M","$","M","E","R","E","T","M","E","?","$","?"],"build_version":"2018-12-20","purchased_purges":3,"victory":false,"max_hp_per_floor":[77,77,77,77,77,77,77,77,77,77,77,77,77,77,77,77,77,77,77,77,77,77,77,77,77,77,77,77,53,53,53],"card_choices":[{"not_picked":["PiercingWail","Backflip"],"picked":"Deadly Poison","floor":1.0},{"not_picked":["Deflect","Prepared"],"picked":"After Image","floor":3.0},{"not_picked":["Outmaneuver","Riddle With Holes"],"picked":"Blur","floor":5.0},{"not_picked":["Finisher","Dagger Spray"],"picked":"PiercingWail","floor":7.0},{"not_picked":["PiercingWail","Phantasmal Killer"],"picked":"Prepared","floor":8.0},{"not_picked":["Slice","Acrobatics"],"picked":"Poisoned Stab","floor":11},{"not_picked":["Night Terror","Malaise"],"picked":"Corpse Explosion","floor":16},{"not_picked":["Outmaneuver+1","Skewer"],"picked":"Deflect+1","floor":18},{"not_picked":["Blade Dance","Dagger Throw","Skewer"],"picked":"SKIP","floor":20},{"not_picked":["Reflex","Accuracy"],"picked":"Deflect+1","floor":22},{"not_picked":["Setup+1","Dagger Throw","Finisher"],"picked":"SKIP","floor":23},{"not_picked":["Leg Sweep","Corpse Explosion"],"picked":"Slice+1","floor":25},{"not_picked":["Bouncing Flask","Flying Knee+1"],"picked":"Deflect+1","floor":27},{"not_picked":["Backstab","Caltrops+1"],"picked":"Bane+1","floor":28}],"player_experience":329851,"relics_obtained":[{"floor":9.0,"key":"Oddly Smooth Stone"},{"floor":23,"key":"MawBank"},{"floor":25,"key":"Girya"},{"floor":28,"key":"Calipers"}],"event_choices":[{"damage_healed":0.0,"max_hp_gain":0.0,"max_hp_loss":0.0,"gold_gain":0.0,"event_name":"Scrap Ooze","player_choice":"Success","floor":2.0,"gold_loss":0.0,"damage_taken":3.0,"relics_obtained":["Smiling Mask"]},{"cards_removed":["Strike_G"],"damage_healed":0.0,"max_hp_gain":0.0,"max_hp_loss":0.0,"gold_gain":0.0,"event_name":"The Cleric","player_choice":"Card Removal","floor":4.0,"gold_loss":50.0,"damage_taken":0.0},{"damage_healed":0,"gold_gain":0,"player_choice":"Take Damage","damage_taken":19,"relics_obtained":["Golden Idol"],"max_hp_gain":0,"max_hp_loss":0,"event_name":"Golden Idol","floor":10,"gold_loss":0},{"damage_healed":0,"gold_gain":175,"player_choice":"AGREE","damage_taken":0,"max_hp_gain":0,"max_hp_loss":0,"event_name":"Liars Game","floor":14,"gold_loss":0,"cards_obtained":["Doubt"]},{"cards_removed":["Strike_G"],"damage_healed":0,"gold_gain":0,"player_choice":"Elegance","damage_taken":0,"max_hp_gain":0,"max_hp_loss":0,"event_name":"Back to Basics","floor":19,"gold_loss":0},{"damage_healed":0,"gold_gain":0,"player_choice":"Became a vampire","damage_taken":0,"max_hp_gain":0,"max_hp_loss":24,"event_name":"Vampires","floor":29,"gold_loss":0,"cards_obtained":["Bite","Bite","Bite","Bite","Bite"]},{"damage_healed":0,"gold_gain":0,"player_choice":"Fight","damage_taken":0,"max_hp_gain":0,"max_hp_loss":0,"event_name":"Colosseum","floor":31,"gold_loss":0}],"is_beta":false,"boss_relics":[{"not_picked":["Velvet Choker","Eternal Feather"],"picked":"Empty Cage"}],"items_purged_floors":[13,21,30],"is_endless":false,"potions_floor_spawned":[5,7,16,20,27],"killed_by":"Colosseum Slavers","ascension_level":0}