{"gold_per_floor":[112,125,125,50,70,70,102,102,102,113,146,146,159,178,178,279,279,305,304,316,57,73,105,105,105,151,151,177,177,177,177,177,177],"floor_reached":33,"playtime":1973,"items_purged":["Writhe"],"score":368,"play_id":"5860ebbc-a605-435d-85fa-92b48df93551","local_time":"20190806221459","is_ascension_mode":false,"campfire_choices":[{"data":"Heavy Blade","floor":6.0,"key":"SMITH"},{"data":"Demon Form","floor":8.0,"key":"SMITH"},{"data":"Shrug It Off","floor":15.0,"key":"SMITH"},{"floor":24.0,"key":"REST"},{"data":"Armaments","floor":27.0,"key":"SMITH"},{"floor":29,"key":"REST"},{"floor":30,"key":"REST"},{"data":"Shrug It Off","floor":32,"key":"SMITH"}],"neow_cost":"NONE","seed_source_timestamp":2235939484942088,"circlet_count":0,"master_deck":["Defend_R","Defend_R","Defend_R","Defend_R","Bash","Shrug It Off+1","Heavy Blade+1","Inflame","Anger","Demon Form+1","Armaments+1","Anger","Brutality","Parasite","Shame","Shrug It Off+1","Flame Barrier","Anger","Pummel+1","Bite","Bite","Bite","Bite","Bite","Headbutt"],"special_seed":0,"relics":["Burning Blood","NeowsBlessing","Pocketwatch","WingedGreaves","Champion Belt","Calling Bell","Pear","MawBank","Charon\u0027s Ashes","Enchiridion","ClockworkSouvenir","Bag of Preparation","Red Skull","Singing Bowl"],"potions_floor_usage":[33],"damage_taken":[{"damage":0.0,"enemies":"Jaw Worm","floor":1.0,"turns":1.0},{"damage":0.0,"enemies":"Small Slimes","floor":2.0,"turns":1.0},{"damage":0.0,"enemies":"2 Louse","floor":5.0,"turns":1.0},{"damage":20.0,"enemies":"Gremlin Nob","floor":7.0,"turns":4.0},{"damage":2.0,"enemies":"Looter","floor":10.0,"turns":2.0},{"damage":21.0,"enemies":"Lagavulin","floor":11.0,"turns":6.0},{"damage":6.0,"enemies":"Large Slime","floor":13.0,"turns":4.0},{"damage":8.0,"enemies":"Lots of Slimes","floor":14.0,"turns":5.0},{"damage":0.0,"enemies":"Slime Boss","floor":16.0,"turns":6.0},{"damage":8.0,"enemies":"Chosen","floor":18.0,"turns":5.0},{"damage":25.0,"enemies":"2 Thieves","floor":19.0,"turns":4.0},{"damage":4.0,"enemies":"Chosen and Byrds","floor":22.0,"turns":6.0},{"damage":48.0,"enemies":"Slavers","floor":23.0,"turns":10.0},{"damage":41,"enemies":"Gremlin Leader","floor":28,"turns":7},{"damage":73,"enemies":"Automaton","floor":33,"turns":6}],"seed_played":"-7411138484106550530","potions_obtained":[{"floor":2.0,"key":"Block Potion"},{"floor":10.0,"key":"Dexterity Potion"},{"floor":11.0,"key":"SpeedPotion"},{"floor":13.0,"key":"Swift Potion"},{"floor":18.0,"key":"Energy Potion"},{"floor":22.0,"key":"EssenceOfSteel"}],"is_trial":false,"path_per_floor":["M","M","?","$","M","R","E","R","T","M","E","$","M","M","R","B",null,"M","M","?","$","M","E","R","?","T","R","E","R","R","?","R","B"],"character_chosen":"IRONCLAD","items_purchased":["Inflame","ClockworkSouvenir"],"campfire_rested":3,"item_purchase_floors":[4,21],"current_hp_per_floor":[80,80,80,80,80,80,66,66,66,70,55,55,55,53,53,59,90,88,69,53,53,55,13,40,40,40,40,19,37,55,55,55,0],"gold":177,"neow_bonus":"THREE_ENEMY_KILL","is_prod":false,"is_daily":false,"chose_seed":false,"campfire_upgraded":5,"win_rate":0,"timestamp":1565100899,"path_taken":["M","M","?","$","M","R","E","R","T","M","E","$","M","M","R","BOSS","M","M","?","$","M","E","R","?","T","R","E","R","R","?","R","BOSS"],"build_version":"2019-07-17","purchased_purges":1,"victory":false,"max_hp_per_floor":[80,80,80,80,80,80,80,80,80,80,80,80,80,80,80,80,90,90,90,90,90,90,90,90,62,62,62,62,62,62,62,62,62],"card_choices":[{"not_picked":["Pommel Strike","Twin Strike"],"picked":"Shrug It Off","floor":1.0},{"not_picked":["Iron Wave","Thunderclap"],"picked":"Heavy Blade","floor":2.0},{"not_picked":["Fire Breathing","Wild Strike"],"picked":"Anger","floor":5.0},{"not_picked":["Havoc","Entrench"],"picked":"Demon Form","floor":7.0},{"not_picked":["Sentinel","Warcry"],"picked":"Armaments","floor":10.0},{"not_picked":["Body Slam","Havoc"],"picked":"Anger","floor":11.0},{"not_picked":["Armaments","Second Wind","Anger"],"picked":"SKIP","floor":13.0},{"not_picked":["Armaments","Corruption","Reckless Charge"],"picked":"SKIP","floor":14.0},{"not_picked":["Juggernaut","Barricade"],"picked":"Brutality","floor":16.0},{"not_picked":["Wild Strike","Metallicize"],"picked":"Shrug It Off","floor":18.0},{"not_picked":["Second Wind","Metallicize"],"picked":"Flame Barrier","floor":19.0},{"not_picked":["True Grit","Uppercut"],"picked":"Anger","floor":22.0},{"not_picked":["Iron Wave","Uppercut"],"picked":"Pummel+1","floor":23.0},{"not_picked":["Rupture+1","Sever Soul"],"picked":"Headbutt","floor":28}],"player_experience":88977,"relics_obtained":[{"floor":7.0,"key":"Pocketwatch"},{"floor":9.0,"key":"WingedGreaves"},{"floor":11.0,"key":"Champion Belt"},{"floor":17.0,"key":"Pear"},{"floor":17.0,"key":"MawBank"},{"floor":17.0,"key":"Charon\u0027s Ashes"},{"floor":20.0,"key":"Enchiridion"},{"floor":23.0,"key":"Bag of Preparation"},{"floor":26.0,"key":"Red Skull"},{"floor":28,"key":"Singing Bowl"}],"event_choices":[{"damage_healed":0.0,"max_hp_gain":0.0,"max_hp_loss":0.0,"gold_gain":0.0,"event_name":"The Cleric","player_choice":"Leave","floor":3.0,"gold_loss":0.0,"damage_taken":0.0},{"damage_healed":0.0,"max_hp_gain":0.0,"max_hp_loss":0.0,"gold_gain":0.0,"event_name":"Cursed Tome","player_choice":"Obtained Book","floor":20.0,"gold_loss":0.0,"damage_taken":16.0},{"damage_healed":0.0,"max_hp_gain":0.0,"max_hp_loss":28.0,"gold_gain":0.0,"event_name":"Vampires","player_choice":"Became a vampire","floor":25.0,"gold_loss":0.0,"damage_taken":0.0,"cards_obtained":["Bite","Bite","Bite","Bite","Bite"]},{"damage_healed":0,"gold_gain":0,"player_choice":"Ignored","damage_taken":0,"max_hp_gain":0,"max_hp_loss":0,"event_name":"Ghosts","floor":31,"gold_loss":0}],"is_beta":false,"boss_relics":[{"not_picked":["Runic Pyramid","Astrolabe"],"picked":"Calling Bell"}],"items_purged_floors":[21],"is_endless":false,"potions_floor_spawned":[2,10,11,13,18,22],"killed_by":"Automaton","ascension_level":0}