{"gold_per_floor":[110,63,63,63,87,127,127,52,52,67,88,88,122,145,145,145],"floor_reached":16,"playtime":411,"items_purged":["Strike_R"],"score":135,"play_id":"957483a0-ed8e-4559-9dd1-222333918021","local_time":"20190521001506","is_ascension_mode":false,"campfire_choices":[{"data":"Flex","floor":12,"key":"SMITH"},{"data":"Sword Boomerang","floor":15,"key":"SMITH"}],"neow_cost":"NONE","seed_source_timestamp":349216620987341,"circlet_count":0,"master_deck":["Strike_R","Strike_R","Strike_R","Strike_R","Defend_R+1","Defend_R","Defend_R+1","Defend_R","Bash","Flex+1","Sword Boomerang+1"],"relics":["Runic Dome","Golden Idol","Bottled Lightning","Question Card","War Paint"],"potions_floor_usage":[],"damage_taken":[{"damage":0,"enemies":"Cultist","floor":1,"turns":3},{"damage":0,"enemies":"Small Slimes","floor":5,"turns":4},{"damage":33,"enemies":"3 Sentries","floor":6,"turns":10},{"damage":1,"enemies":"Jaw Worm","floor":10,"turns":2},{"damage":6,"enemies":"Exordium Wildlife","floor":11,"turns":4},{"damage":0,"enemies":"Gremlin Nob","floor":13,"turns":2},{"damage":0,"enemies":"3 Louse","floor":14,"turns":2},{"damage":52,"enemies":"Slime Boss","floor":16,"turns":6}],"seed_played":"3025293754589166577","potions_obtained":[{"floor":1,"key":"FearPotion"},{"floor":6,"key":"AttackPotion"},{"floor":11,"key":"LiquidBronze"}],"is_trial":false,"path_per_floor":["M","$","$","?","M","E","?","$","T","M","M","R","E","M","R","B"],"character_chosen":"IRONCLAD","items_purchased":["Flex"],"campfire_rested":0,"item_purchase_floors":[2],"current_hp_per_floor":[80,80,80,60,60,27,53,53,53,52,46,46,46,46,46,0],"gold":145,"neow_bonus":"BOSS_RELIC","is_prod":false,"is_daily":false,"chose_seed":false,"campfire_upgraded":2,"win_rate":0,"timestamp":1558368906,"path_taken":["M","?","$","?","?","E","?","$","T","M","M","R","E","M","R","BOSS"],"build_version":"2019-01-23","purchased_purges":1,"victory":false,"max_hp_per_floor":[80,80,80,80,80,80,80,80,80,80,80,80,80,80,80,80],"card_choices":[{"not_picked":["Feel No Pain","Power Through","Anger"],"picked":"SKIP","floor":1},{"not_picked":["Iron Wave","Clash"],"picked":"Sword Boomerang","floor":5},{"not_picked":["Inflame","Shockwave","Disarm"],"picked":"SKIP","floor":6},{"not_picked":["Dark Embrace","Power Through","Searing Blow","Clash"],"picked":"SKIP","floor":10},{"not_picked":["Rage","Disarm","Combust","Pommel Strike"],"picked":"SKIP","floor":11},{"not_picked":["Burning Pact","Fire Breathing","Warcry","Perfected Strike"],"picked":"SKIP","floor":13},{"not_picked":["Warcry","Flex","Bloodletting","Perfected Strike"],"picked":"SKIP","floor":14}],"player_experience":912660,"relics_obtained":[{"floor":6,"key":"Bottled Lightning"},{"floor":9,"key":"Question Card"},{"floor":13,"key":"War Paint"}],"event_choices":[{"damage_healed":0,"gold_gain":0,"player_choice":"Take Damage","damage_taken":20,"relics_obtained":["Golden Idol"],"max_hp_gain":0,"max_hp_loss":0,"event_name":"Golden Idol","floor":4,"gold_loss":0},{"damage_healed":26,"gold_gain":0,"player_choice":"Banana","damage_taken":0,"max_hp_gain":0,"max_hp_loss":0,"event_name":"Big Fish","floor":7,"gold_loss":0}],"is_beta":false,"boss_relics":[],"items_purged_floors":[8],"is_endless":false,"potions_floor_spawned":[1,6,11,13],"killed_by":"Slime Boss","ascension_level":0}