{"gold_per_floor":[367,292,303,23,41,69,88,121,171,171,181,209,209,284,284,389,389,406,406,421,142,142,142,142,57,57,84,84,84,103,22,22,22],"floor_reached":33,"playtime":1609,"items_purged":["Strike_R","Strike_R","Defend_R"],"score":281,"play_id":"a4b17b21-874f-4f2a-aa38-85519238f773","local_time":"20181214174248","is_ascension_mode":false,"campfire_choices":[{"floor":15,"key":"REST"},{"floor":23,"key":"REST"},{"floor":32,"key":"REST"}],"neow_cost":"TEN_PERCENT_HP_LOSS","seed_source_timestamp":1701870523006839,"circlet_count":0,"master_deck":["Strike_R","Strike_R","Defend_R","Defend_R","Defend_R","Bash","Flame Barrier","True Grit","Rampage","Anger","Warcry","Shrug It Off","Barricade","Feel No Pain","Second Wind+1","Spot Weakness"],"relics":["Burning Blood","Happy Flower","Pen Nib","Kunai","Anchor","Omamori","Regal Pillow","Fusion Hammer","Ancient Tea Set","Meat on the Bone","Blood Vial"],"potions_floor_usage":[8,12,27,27,33],"damage_taken":[{"damage":0,"enemies":"2 Louse","floor":1,"turns":3},{"damage":2,"enemies":"Small Slimes","floor":3,"turns":4},{"damage":1,"enemies":"Cultist","floor":5,"turns":4},{"damage":27,"enemies":"3 Sentries","floor":6,"turns":11},{"damage":7,"enemies":"Blue Slaver","floor":7,"turns":4},{"damage":43,"enemies":"Gremlin Nob","floor":8,"turns":4},{"damage":6,"enemies":"3 Louse","floor":11,"turns":4},{"damage":13,"enemies":"3 Sentries","floor":12,"turns":10},{"damage":40,"enemies":"Hexaghost","floor":16,"turns":10},{"damage":35,"enemies":"3 Byrds","floor":18,"turns":7},{"damage":26,"enemies":"Spheric Guardian","floor":20,"turns":7},{"damage":45,"enemies":"Slavers","floor":27,"turns":10},{"damage":24,"enemies":"Snecko","floor":30,"turns":7},{"damage":73,"enemies":"Automaton","floor":33,"turns":6}],"seed_played":"-5911551414989577728","potions_obtained":[{"floor":3,"key":"SmokeBomb"},{"floor":5,"key":"Dexterity Potion"},{"floor":6,"key":"LiquidBronze"},{"floor":11,"key":"Regen Potion"},{"floor":18,"key":"SpeedPotion"},{"floor":20,"key":"SkillPotion"}],"is_trial":false,"path_per_floor":["M","$","M","$","M","E","M","E","T","?","M","E","?","?","R","B",null,"M","?","M","$","?","R","?","?","T","E","$","?","M","$","R","B"],"character_chosen":"IRONCLAD","items_purchased":["Happy Flower","True Grit","Ancient Tea Set","Spot Weakness","AttackPotion"],"campfire_rested":3,"item_purchase_floors":[4,4,21,31,31],"current_hp_per_floor":[72,72,72,72,72,51,50,13,13,31,31,39,21,10,46,12,72,43,72,52,52,52,72,72,72,72,45,45,45,41,41,69,0],"gold":22,"neow_bonus":"TWO_FIFTY_GOLD","is_prod":false,"is_daily":false,"chose_seed":false,"campfire_upgraded":0,"win_rate":0,"timestamp":1544769768,"path_taken":["M","$","M","$","M","E","M","E","T","?","M","E","?","?","R","BOSS","M","?","?","$","?","R","?","?","T","E","?","?","M","$","R","BOSS"],"build_version":"2018-12-13","purchased_purges":3,"victory":false,"max_hp_per_floor":[72,72,72,72,72,72,72,72,72,72,72,72,72,72,72,72,72,72,72,72,72,72,72,72,72,72,72,72,69,69,69,69,69],"card_choices":[{"not_picked":["Iron Wave","Clash","Flex"],"picked":"SKIP","floor":1},{"not_picked":["Warcry","Clothesline"],"picked":"Flame Barrier","floor":3},{"not_picked":["Corruption","Perfected Strike"],"picked":"Rampage","floor":5},{"not_picked":["Pommel Strike","Armaments"],"picked":"Anger","floor":6},{"not_picked":["Exhume","Carnage"],"picked":"Warcry","floor":7},{"not_picked":["Dropkick","Burning Pact"],"picked":"Shrug It Off","floor":8},{"not_picked":["Cleave","Wild Strike","Clash"],"picked":"SKIP","floor":11},{"not_picked":["Wild Strike","Carnage","True Grit"],"picked":"SKIP","floor":12},{"not_picked":["Double Tap","Demon Form"],"picked":"Barricade","floor":16},{"not_picked":["Havoc","Anger"],"picked":"Feel No Pain","floor":18},{"not_picked":["Clothesline+1","Shrug It Off","Rampage"],"picked":"SKIP","floor":20},{"not_picked":["Cleave","Flex+1","Havoc"],"picked":"SKIP","floor":27},{"not_picked":["Reaper","Power Through"],"picked":"Second Wind+1","floor":30}],"player_experience":228104,"relics_obtained":[{"floor":6,"key":"Pen Nib"},{"floor":8,"key":"Kunai"},{"floor":9,"key":"Anchor"},{"floor":12,"key":"Omamori"},{"floor":27,"key":"Blood Vial"}],"event_choices":[{"damage_healed":18,"gold_gain":0,"player_choice":"Healed and dodged fight","damage_taken":0,"max_hp_gain":0,"max_hp_loss":0,"event_name":"Mushrooms","floor":10,"gold_loss":0,"cards_obtained":["Parasite"]},{"damage_healed":0,"gold_gain":0,"player_choice":"Success","damage_taken":18,"relics_obtained":["Regal Pillow"],"max_hp_gain":0,"max_hp_loss":0,"event_name":"Scrap Ooze","floor":13,"gold_loss":0},{"damage_healed":0,"gold_gain":75,"player_choice":"Gather Gold","damage_taken":11,"max_hp_gain":0,"max_hp_loss":0,"event_name":"World of Goop","floor":14,"gold_loss":0},{"damage_healed":29,"gold_gain":0,"player_choice":"Full Heal","damage_taken":0,"max_hp_gain":0,"max_hp_loss":0,"event_name":"Wheel of Change","floor":19,"gold_loss":0},{"cards_removed":["Strike_R"],"damage_healed":0,"gold_gain":0,"player_choice":"Elegance","damage_taken":0,"max_hp_gain":0,"max_hp_loss":0,"event_name":"Back to Basics","floor":22,"gold_loss":0},{"damage_healed":0,"gold_gain":0,"player_choice":"Ignored","damage_taken":0,"max_hp_gain":0,"max_hp_loss":0,"event_name":"The Mausoleum","floor":24,"gold_loss":0},{"damage_healed":0,"gold_gain":0,"player_choice":"Obtained Relic","damage_taken":0,"relics_obtained":["Meat on the Bone"],"max_hp_gain":0,"max_hp_loss":0,"event_name":"Addict","floor":25,"gold_loss":85},{"cards_removed":["Parasite"],"damage_healed":0,"gold_gain":0,"player_choice":"Purged","damage_taken":0,"max_hp_gain":0,"max_hp_loss":0,"event_name":"Purifier","floor":29,"gold_loss":0}],"is_beta":false,"boss_relics":[{"not_picked":["Eternal Feather","Snecko Eye"],"picked":"Fusion Hammer"}],"items_purged_floors":[2,4,21],"is_endless":false,"potions_floor_spawned":[3,5,6,11,18,20],"killed_by":"Automaton","ascension_level":0}