{"gold_per_floor":[119,138,50,50,63,94,11,22,45,0,0,16,16,16,16,16],"floor_reached":16,"playtime":417,"items_purged":[],"score":200,"play_id":"14be6840-e60b-402d-8a2b-3b482f922239","local_time":"20190703151458","is_ascension_mode":true,"campfire_choices":[{"data":"Dualcast","floor":13,"key":"SMITH"},{"data":"Capacitor","floor":15,"key":"SMITH"}],"neow_cost":"TEN_PERCENT_HP_LOSS","seed_source_timestamp":168210915896011,"circlet_count":0,"master_deck":["AscendersBane","Strike_B","Strike_B","Strike_B","Strike_B","Defend_B","Defend_B","Defend_B","Defend_B","Zap","Dualcast+1","Ball Lightning","Capacitor+1","Coolheaded","Heatsinks","Glacier","Parasite"],"relics":["Cracked Core","Calipers","Lantern","Oddly Smooth Stone","Bag of Preparation"],"potions_floor_usage":[12],"damage_taken":[{"damage":1,"enemies":"Cultist","floor":1,"turns":3},{"damage":9,"enemies":"Jaw Worm","floor":2,"turns":3},{"damage":6,"enemies":"2 Louse","floor":5,"turns":3},{"damage":24,"enemies":"Lagavulin","floor":6,"turns":8},{"damage":9,"enemies":"Red Slaver","floor":8,"turns":6},{"damage":0,"enemies":"Large Slime","floor":12,"turns":4},{"damage":16,"enemies":"Hexaghost","floor":16,"turns":9}],"seed_played":"3261927487516302667","potions_obtained":[{"floor":1,"key":"AttackPotion"},{"floor":8,"key":"Strength Potion"},{"floor":12,"key":"SpeedPotion"}],"is_trial":false,"path_per_floor":["M","M","$","?","M","E","$","M","T","?","?","M","R","?","R","B"],"character_chosen":"DEFECT","items_purchased":["Capacitor","Glacier"],"campfire_rested":0,"item_purchase_floors":[3,7],"current_hp_per_floor":[63,54,54,54,48,24,24,15,15,15,10,10,10,26,26,10],"gold":16,"neow_bonus":"ONE_RARE_RELIC","is_prod":false,"is_daily":false,"chose_seed":false,"campfire_upgraded":2,"win_rate":0,"timestamp":1562138098,"path_taken":["M","?","?","?","M","E","$","M","T","?","?","M","R","?","R","BOSS"],"build_version":"2019-07-01","purchased_purges":0,"victory":false,"max_hp_per_floor":[64,64,64,64,64,64,64,64,64,64,64,64,64,64,64,64],"card_choices":[{"not_picked":["Static Discharge","Redo"],"picked":"Ball Lightning","floor":1},{"not_picked":["Ball Lightning","Cold Snap","Beam Cell"],"picked":"SKIP","floor":2},{"not_picked":["Barrage","Gash"],"picked":"Coolheaded","floor":5},{"not_picked":["Redo","Cold Snap"],"picked":"Heatsinks","floor":6},{"not_picked":["Go for the Eyes","Aggregate","Force Field"],"picked":"SKIP","floor":8},{"not_picked":["Sunder","Meteor Strike","Beam Cell"],"picked":"SKIP","floor":12}],"player_experience":1053516,"relics_obtained":[{"floor":6,"key":"Lantern"},{"floor":9,"key":"Oddly Smooth Stone"}],"event_choices":[{"damage_healed":0,"gold_gain":0,"player_choice":"Ignored","damage_taken":0,"max_hp_gain":0,"max_hp_loss":0,"event_name":"Liars Game","floor":4,"gold_loss":0},{"damage_healed":0,"gold_gain":0,"player_choice":"Left Gold","damage_taken":0,"max_hp_gain":0,"max_hp_loss":0,"event_name":"World of Goop","floor":10,"gold_loss":45},{"damage_healed":0,"gold_gain":0,"player_choice":"Success","damage_taken":5,"relics_obtained":["Bag of Preparation"],"max_hp_gain":0,"max_hp_loss":0,"event_name":"Scrap Ooze","floor":11,"gold_loss":0},{"damage_healed":16,"gold_gain":0,"player_choice":"Healed and dodged fight","damage_taken":0,"max_hp_gain":0,"max_hp_loss":0,"event_name":"Mushrooms","floor":14,"gold_loss":0,"cards_obtained":["Parasite"]}],"is_beta":false,"boss_relics":[],"items_purged_floors":[],"is_endless":false,"potions_floor_spawned":[1,8,12],"killed_by":"Hexaghost","ascension_level":20}