{"gold_per_floor":[112,131,145,95,20,20,36,36,81,81,99,120,139,160,160,160],"floor_reached":16,"playtime":353,"items_purged":["Strike_R"],"score":96,"play_id":"eebc6444-f422-4784-811e-0cdcd05df57b","local_time":"20190708095404","is_ascension_mode":false,"campfire_choices":[{"data":"Sword Boomerang","floor":6.0,"key":"SMITH"},{"data":"Flex","floor":15,"key":"SMITH"}],"neow_cost":"NONE","seed_source_timestamp":387170570435211,"circlet_count":0,"master_deck":["Strike_R","Strike_R","Strike_R","Defend_R","Defend_R","Defend_R","Defend_R","Bash","Sword Boomerang+1","Flex+1","Flex"],"special_seed":0,"relics":["Burning Blood","NeowsBlessing","Golden Idol","Pen Nib"],"potions_floor_usage":[],"damage_taken":[{"damage":0.0,"enemies":"Jaw Worm","floor":1.0,"turns":1.0},{"damage":0.0,"enemies":"Small Slimes","floor":2.0,"turns":1.0},{"damage":0.0,"enemies":"Cultist","floor":3.0,"turns":1.0},{"damage":6.0,"enemies":"2 Fungi Beasts","floor":7.0,"turns":4.0},{"damage":7.0,"enemies":"3 Louse","floor":11.0,"turns":5.0},{"damage":45.0,"enemies":"Gremlin Gang","floor":12.0,"turns":6.0},{"damage":1,"enemies":"Exordium Thugs","floor":13,"turns":4},{"damage":7,"enemies":"Blue Slaver","floor":14,"turns":3},{"damage":4,"enemies":"Hexaghost","floor":16,"turns":5}],"seed_played":"7530476901927508430","potions_obtained":[{"floor":1.0,"key":"BloodPotion"},{"floor":7.0,"key":"GamblersBrew"}],"is_trial":false,"path_per_floor":["M","M","M","?","$","R","M","?","T","?","M","M","M","M","R","B"],"character_chosen":"IRONCLAD","items_purchased":[],"campfire_rested":0,"item_purchase_floors":[],"current_hp_per_floor":[80,80,80,80,80,80,80,60,60,60,59,20,25,24,24,20],"gold":160,"neow_bonus":"THREE_ENEMY_KILL","is_prod":false,"is_daily":false,"chose_seed":false,"campfire_upgraded":2,"win_rate":0,"timestamp":1562550844,"path_taken":["M","M","M","?","$","R","M","?","T","?","?","M","M","M","R","BOSS"],"build_version":"2019-07-05","purchased_purges":1,"victory":false,"max_hp_per_floor":[80,80,80,80,80,80,80,80,80,80,80,80,80,80,80,80],"card_choices":[{"not_picked":["Fire Breathing","Warcry","Cleave"],"picked":"SKIP","floor":1.0},{"not_picked":["Havoc","Heavy Blade","Twin Strike"],"picked":"SKIP","floor":2.0},{"not_picked":["Fire Breathing","Headbutt"],"picked":"Sword Boomerang","floor":3.0},{"not_picked":["Hemokinesis","Anger","Headbutt"],"picked":"SKIP","floor":7.0},{"not_picked":["Impervious","Bloodletting","Carnage"],"picked":"SKIP","floor":11.0},{"not_picked":["Sword Boomerang","Warcry"],"picked":"Flex","floor":12.0},{"not_picked":["Twin Strike","Whirlwind","Heavy Blade"],"picked":"SKIP","floor":13},{"not_picked":["Clash","Dropkick"],"picked":"Flex","floor":14}],"player_experience":1059376,"relics_obtained":[{"floor":9.0,"key":"Pen Nib"}],"event_choices":[{"cards_removed":["Strike_R"],"damage_healed":0.0,"max_hp_gain":0.0,"max_hp_loss":0.0,"gold_gain":0.0,"event_name":"The Cleric","player_choice":"Card Removal","floor":4.0,"gold_loss":50.0,"damage_taken":0.0},{"damage_healed":0.0,"max_hp_gain":0.0,"max_hp_loss":0.0,"gold_gain":0.0,"event_name":"Golden Idol","player_choice":"Take Damage","floor":8.0,"gold_loss":0.0,"damage_taken":20.0,"relics_obtained":["Golden Idol"]},{"damage_healed":0.0,"max_hp_gain":0.0,"max_hp_loss":0.0,"gold_gain":0.0,"event_name":"The Woman in Blue","player_choice":"Bought 0 Potions","floor":10.0,"gold_loss":0.0,"damage_taken":0.0}],"is_beta":false,"boss_relics":[],"items_purged_floors":[5],"is_endless":false,"potions_floor_spawned":[1,7],"killed_by":"Hexaghost","ascension_level":0}