{"gold_per_floor":[361,361,105,115,115,115,146,146,146,46,66,81,100,100],"floor_reached":14,"playtime":1243,"items_purged":["Writhe","Strike_R"],"score":95,"play_id":"79aba1cb-3aa6-4456-8a6e-32eb349634e7","local_time":"20181216145731","is_ascension_mode":true,"campfire_choices":[{"floor":6,"key":"RECALL"},{"data":"Bash","floor":8,"key":"SMITH"}],"neow_cost":"CURSE","seed_source_timestamp":1799649204204007,"circlet_count":0,"master_deck":["Strike_R","Strike_R","Strike_R","Strike_R","Defend_R","Defend_R","Defend_R","Defend_R","Bash+1","Headbutt","Thunderclap","Reaper","Havoc","Dual Wield","Sentinel"],"relics":["Burning Blood","Vajra","Strawberry","Mummified Hand"],"potions_floor_usage":[11,12,14,14,14],"damage_taken":[{"damage":0,"enemies":"Small Slimes","floor":1,"turns":3},{"damage":1,"enemies":"Cultist","floor":4,"turns":3},{"damage":44,"enemies":"3 Sentries","floor":7,"turns":8},{"damage":6,"enemies":"Jaw Worm","floor":11,"turns":2},{"damage":14,"enemies":"Blue Slaver","floor":12,"turns":3},{"damage":45,"enemies":"Gremlin Gang","floor":13,"turns":5},{"damage":31,"enemies":"Lagavulin","floor":14,"turns":5}],"seed_played":"3687886865313675599","potions_obtained":[{"floor":5,"key":"SpeedPotion"},{"floor":5,"key":"Ancient Potion"},{"floor":5,"key":"Poison Potion"},{"floor":11,"key":"Explosive Potion"},{"floor":13,"key":"Energy Potion"}],"is_trial":false,"path_per_floor":["M","?","$","M","?","R","E","R","T","$","M","M","M","E"],"character_chosen":"IRONCLAD","items_purchased":["Vajra","Thunderclap"],"campfire_rested":0,"item_purchase_floors":[3,3],"current_hp_per_floor":[80,80,80,80,80,80,49,49,49,49,56,55,25,0],"gold":100,"neow_bonus":"TWO_FIFTY_GOLD","is_prod":false,"is_daily":false,"chose_seed":false,"campfire_upgraded":1,"win_rate":0,"timestamp":1544932651,"path_taken":["M","?","$","M","?","R","E","R","T","$","?","M","M","E"],"build_version":"2018-12-13","purchased_purges":2,"victory":false,"max_hp_per_floor":[80,80,80,80,80,80,87,87,87,87,87,87,87,87],"card_choices":[{"not_picked":["Searing Blow","Second Wind"],"picked":"Headbutt","floor":1},{"not_picked":["Headbutt","Hemokinesis","Blood for Blood"],"picked":"SKIP","floor":4},{"not_picked":["Body Slam","Clash"],"picked":"Reaper","floor":7},{"not_picked":["Sword Boomerang","Warcry"],"picked":"Havoc","floor":11},{"not_picked":["Iron Wave","Havoc"],"picked":"Dual Wield","floor":12},{"not_picked":["Reckless Charge","Thunderclap"],"picked":"Sentinel","floor":13}],"player_experience":248965,"relics_obtained":[{"floor":7,"key":"Strawberry"},{"floor":9,"key":"Mummified Hand"}],"event_choices":[{"damage_healed":0,"gold_gain":0,"player_choice":"Ignored","damage_taken":0,"max_hp_gain":0,"max_hp_loss":0,"event_name":"Shining Light","floor":2,"gold_loss":0},{"damage_healed":0,"gold_gain":0,"player_choice":"Got Potions","damage_taken":0,"max_hp_gain":0,"max_hp_loss":0,"event_name":"Lab","floor":5,"gold_loss":0}],"is_beta":false,"boss_relics":[],"items_purged_floors":[3,10],"is_endless":false,"potions_floor_spawned":[11,13],"killed_by":"Lagavulin","ascension_level":1}