{"gold_per_floor":[114,114,133,153,153,78,95,20,71,71],"floor_reached":10,"playtime":186,"items_purged":["Strike_G"],"score":116,"play_id":"1733aeca-0785-4a5e-b227-45c219c2f323","local_time":"20190624175917","is_ascension_mode":true,"campfire_choices":[],"neow_cost":"NONE","seed_source_timestamp":542782101691135,"circlet_count":0,"master_deck":["AscendersBane","Defend_G","Defend_G","Defend_G","Defend_G","Strike_G","Strike_G","Strike_G+1","Survivor","Neutralize","Endless Agony+1","Acrobatics","Well Laid Plans"],"relics":["Ring of the Snake","NeowsBlessing"],"potions_floor_usage":[],"damage_taken":[{"damage":0,"enemies":"Jaw Worm","floor":1,"turns":1},{"damage":0,"enemies":"Cultist","floor":3,"turns":1},{"damage":0,"enemies":"2 Louse","floor":4,"turns":1},{"damage":4,"enemies":"Blue Slaver","floor":7,"turns":3},{"damage":4,"enemies":"Large Slime","floor":10,"turns":5}],"seed_played":"-1784623398423065789","potions_obtained":[{"floor":1,"key":"Weak Potion"},{"floor":4,"key":"Explosive Potion"},{"floor":7,"key":"AttackPotion"}],"is_trial":false,"path_per_floor":["M","?","M","M","?","?","M","$","T","M"],"character_chosen":"THE_SILENT","items_purchased":[],"campfire_rested":0,"item_purchase_floors":[],"current_hp_per_floor":[59,59,59,59,39,39,35,35,35,31],"gold":71,"neow_bonus":"THREE_ENEMY_KILL","is_prod":false,"is_daily":false,"chose_seed":false,"campfire_upgraded":0,"win_rate":0,"timestamp":1561370357,"path_taken":["M","?","M","?","?","?","M","$","T","M"],"build_version":"2019-01-23","purchased_purges":1,"victory":false,"max_hp_per_floor":[66,66,66,66,66,66,66,66,66,66],"card_choices":[{"not_picked":["Flying Knee","Bane"],"picked":"Endless Agony","floor":1},{"not_picked":["Expertise","Accuracy","Eviscerate"],"picked":"SKIP","floor":3},{"not_picked":["Cloak And Dagger","Sucker Punch"],"picked":"Acrobatics","floor":4},{"not_picked":["Deflect","Blade Dance"],"picked":"Well Laid Plans","floor":7}],"player_experience":1018071,"relics_obtained":[],"event_choices":[{"cards_removed":["Strike_G"],"damage_healed":0,"gold_gain":0,"player_choice":"Purged","damage_taken":0,"max_hp_gain":0,"max_hp_loss":0,"event_name":"Purifier","floor":2,"gold_loss":0},{"damage_healed":0,"gold_gain":0,"player_choice":"Entered Light","damage_taken":20,"max_hp_gain":0,"max_hp_loss":0,"event_name":"Shining Light","floor":5,"gold_loss":0,"cards_upgraded":["Strike_G","Endless Agony"]},{"cards_removed":["Defend_G"],"damage_healed":0,"gold_gain":0,"player_choice":"Card Removal","damage_taken":0,"max_hp_gain":0,"max_hp_loss":0,"event_name":"The Cleric","floor":6,"gold_loss":75}],"is_beta":false,"boss_relics":[],"items_purged_floors":[8],"is_endless":false,"potions_floor_spawned":[1,4,7],"killed_by":"Large Slime","ascension_level":20}