{"gold_per_floor":[118,35,45,45,120,120,152,152,206,206,223,241,259,277,277,356,356],"floor_reached":17,"playtime":392,"items_purged":[],"score":364,"play_id":"84c8d3a2-dae5-4843-9708-2b6d576cfa36","local_time":"20190504184646","is_ascension_mode":true,"campfire_choices":[{"data":"True Grit","floor":6.0,"key":"SMITH"},{"data":"Perfected Strike","floor":8.0,"key":"SMITH"},{"data":"Battle Trance","floor":15,"key":"SMITH"}],"neow_cost":"NONE","seed_source_timestamp":1070230059709355,"circlet_count":0,"master_deck":["AscendersBane","Strike_R","Strike_R+1","Strike_R","Strike_R","Strike_R","Defend_R","Defend_R","Defend_R","Defend_R","Bash","True Grit+1","Evolve","Perfected Strike+1","Perfected Strike+1","Battle Trance+1","Ghostly Armor","Demon Form"],"special_seed":0,"relics":["Burning Blood","NeowsBlessing","Bag of Marbles","Tiny Chest","Philosopher\u0027s Stone"],"potions_floor_usage":[],"damage_taken":[{"damage":0.0,"enemies":"Jaw Worm","floor":1.0,"turns":1.0},{"damage":0.0,"enemies":"2 Louse","floor":3.0,"turns":1.0},{"damage":0.0,"enemies":"Lagavulin","floor":7.0,"turns":1.0},{"damage":0,"enemies":"Cultist","floor":11,"turns":2},{"damage":6,"enemies":"Looter","floor":12,"turns":2},{"damage":0,"enemies":"Exordium Thugs","floor":13,"turns":2},{"damage":5,"enemies":"Large Slime","floor":14,"turns":6},{"damage":46,"enemies":"The Guardian","floor":16,"turns":13}],"seed_played":"-8841092555086550510","potions_obtained":[{"floor":1.0,"key":"Strength Potion"},{"floor":11,"key":"Ancient Potion"},{"floor":16,"key":"Swift Potion"}],"is_trial":false,"path_per_floor":["M","$","M","?","?","R","E","R","T","?","M","M","M","M","R","B",null],"character_chosen":"IRONCLAD","items_purchased":["Evolve"],"campfire_rested":0,"item_purchase_floors":[2],"current_hp_per_floor":[74,74,75,52,41,41,47,47,47,47,53,53,59,60,60,20,61],"gold":356,"neow_bonus":"THREE_ENEMY_KILL","is_prod":false,"is_daily":false,"chose_seed":false,"campfire_upgraded":3,"win_rate":0,"timestamp":1556966806,"path_taken":["M","$","M","?","?","R","E","R","T","?","M","M","M","M","R","BOSS"],"build_version":"2019-01-23","purchased_purges":0,"victory":false,"max_hp_per_floor":[75,75,75,75,75,75,75,75,75,75,75,75,75,75,75,75,75],"card_choices":[{"not_picked":["Rupture","Havoc"],"picked":"True Grit","floor":1.0},{"not_picked":["Disarm","True Grit"],"picked":"Perfected Strike","floor":3.0},{"not_picked":["Flex","Dropkick"],"picked":"Perfected Strike","floor":7.0},{"not_picked":["Headbutt","Rampage","Combust"],"picked":"SKIP","floor":11},{"not_picked":["Reckless Charge","Searing Blow","Armaments"],"picked":"SKIP","floor":12},{"not_picked":["Cleave","Thunderclap"],"picked":"Ghostly Armor","floor":13},{"not_picked":["Heavy Blade","True Grit","Anger"],"picked":"SKIP","floor":14},{"not_picked":["Reaper","Barricade"],"picked":"Demon Form","floor":16}],"player_experience":817235,"relics_obtained":[{"floor":7.0,"key":"Bag of Marbles"},{"floor":9.0,"key":"Tiny Chest"}],"event_choices":[{"damage_healed":0.0,"max_hp_gain":0.0,"max_hp_loss":0.0,"gold_gain":0.0,"event_name":"Shining Light","player_choice":"Entered Light","floor":4.0,"gold_loss":0.0,"damage_taken":23.0,"cards_upgraded":["Strike_R","Perfected Strike"]},{"damage_healed":0.0,"max_hp_gain":0.0,"max_hp_loss":0.0,"gold_gain":75.0,"event_name":"World of Goop","player_choice":"Gather Gold","floor":5.0,"gold_loss":0.0,"damage_taken":11.0},{"damage_healed":0,"gold_gain":0,"player_choice":"1 cards matched","damage_taken":0,"max_hp_gain":0,"max_hp_loss":0,"event_name":"Match and Keep!","floor":10,"gold_loss":0,"cards_obtained":["Battle Trance"]}],"is_beta":false,"boss_relics":[{"not_picked":["Cursed Key","Black Blood"],"picked":"Philosopher\u0027s Stone"}],"items_purged_floors":[],"is_endless":false,"potions_floor_spawned":[1,11,16],"ascension_level":20}