{"gold_per_floor":[118,268,23,23,23,23,37,47,47,47,47,68,12,12,12,12],"floor_reached":16,"playtime":375,"items_purged":["Doubt"],"score":176,"play_id":"fb4628e9-db21-49fa-9c59-140753eba58a","local_time":"20190702101744","is_ascension_mode":true,"campfire_choices":[{"data":"Skewer","floor":6,"key":"SMITH"},{"data":"Neutralize","floor":11,"key":"SMITH"},{"data":"Deadly Poison","floor":15,"key":"SMITH"}],"neow_cost":"NONE","seed_source_timestamp":64016887260412,"circlet_count":0,"master_deck":["AscendersBane","Strike_G","Strike_G","Strike_G","Strike_G","Defend_G","Defend_G","Defend_G","Defend_G","Defend_G","Survivor","Neutralize+1","PiercingWail","Skewer+1","Footwork","Poisoned Stab","Deadly Poison+1"],"relics":["Ring of the Snake","Snake Skull","Paper Crane","Golden Idol"],"potions_floor_usage":[],"damage_taken":[{"damage":4,"enemies":"Jaw Worm","floor":1,"turns":6},{"damage":4,"enemies":"Small Slimes","floor":7,"turns":5},{"damage":0,"enemies":"Cultist","floor":8,"turns":5},{"damage":0,"enemies":"Blue Slaver","floor":12,"turns":5},{"damage":46,"enemies":"Slime Boss","floor":16,"turns":10}],"seed_played":"5996926569641113115","potions_obtained":[],"is_trial":false,"path_per_floor":["M","?","$","?","$","R","M","M","T","?","R","M","$","?","R","B"],"character_chosen":"THE_SILENT","items_purchased":["Skewer","Footwork","Deadly Poison"],"campfire_rested":0,"item_purchase_floors":[3,3,13],"current_hp_per_floor":[55,55,55,44,44,44,40,40,40,40,40,40,40,60,60,14],"gold":12,"neow_bonus":"REMOVE_CARD","is_prod":false,"is_daily":false,"chose_seed":false,"campfire_upgraded":3,"win_rate":0,"timestamp":1562033864,"path_taken":["M","?","$","?","?","R","M","?","T","?","R","M","$","?","R","BOSS"],"build_version":"2019-07-01","purchased_purges":1,"victory":false,"max_hp_per_floor":[66,66,66,66,66,66,66,66,66,60,60,60,60,60,60,60],"card_choices":[{"not_picked":["Cloak And Dagger","Prepared"],"picked":"PiercingWail","floor":1},{"not_picked":["Predator","Deflect"],"picked":"Poisoned Stab","floor":7},{"not_picked":["Cloak And Dagger","Masterful Stab","Slice"],"picked":"SKIP","floor":8},{"not_picked":["Backflip","Dagger Spray","Deflect"],"picked":"SKIP","floor":12}],"player_experience":1036943,"relics_obtained":[{"floor":9,"key":"Paper Crane"}],"event_choices":[{"damage_healed":0,"gold_gain":150,"player_choice":"AGREE","damage_taken":0,"max_hp_gain":0,"max_hp_loss":0,"event_name":"Liars Game","floor":2,"gold_loss":0,"cards_obtained":["Doubt"]},{"damage_healed":0,"gold_gain":0,"player_choice":"Success","damage_taken":11,"relics_obtained":["Snake Skull"],"max_hp_gain":0,"max_hp_loss":0,"event_name":"Scrap Ooze","floor":4,"gold_loss":0},{"damage_healed":0,"gold_gain":0,"player_choice":"Lose Max HP","damage_taken":0,"relics_obtained":["Golden Idol"],"max_hp_gain":0,"max_hp_loss":6,"event_name":"Golden Idol","floor":10,"gold_loss":0},{"damage_healed":20,"gold_gain":0,"player_choice":"Banana","damage_taken":0,"max_hp_gain":0,"max_hp_loss":0,"event_name":"Big Fish","floor":14,"gold_loss":0}],"is_beta":false,"boss_relics":[],"items_purged_floors":[3],"is_endless":false,"potions_floor_spawned":[],"killed_by":"Slime Boss","ascension_level":20}