{"gold_per_floor":[116,135,150,150,165,115,136,166,166,184,184,109,134,164,164,288,288,301,301,316,216,231,231,265,279,279,299,299,299,313,228,228,352,352,375,375,475,168,191,191],"floor_reached":40,"playtime":5077,"items_purged":["Defend_B","Strike_B","Clumsy"],"score":400,"play_id":"2f05a1f1-d6aa-4561-a3ae-161ed8823140","local_time":"20190727134206","is_ascension_mode":false,"campfire_choices":[{"floor":11.0,"key":"REST"},{"floor":15.0,"key":"REST"},{"floor":23.0,"key":"REST"},{"floor":28.0,"key":"REST"},{"floor":32,"key":"REST"}],"neow_cost":"NONE","seed_source_timestamp":0,"circlet_count":0,"master_deck":["Strike_B","Strike_B","Strike_B","Defend_B","Defend_B","Defend_B","Zap","Dualcast","Rainbow","Sweeping Beam","Ball Lightning","Gash","Cold Snap","Compile Driver","Core Surge","Biased Cognition","Sweeping Beam+1","Gash","Lockon","Tempest","Sweeping Beam+1","Madness","Madness","Master of Strategy"],"special_seed":0,"relics":["Cracked Core","Golden Idol","Peace Pipe","Kunai","Odd Mushroom","Cursed Key","Meat on the Bone","Sundial","Strawberry","Incense Burner","Fusion Hammer"],"potions_floor_usage":[33,33,33,40],"damage_taken":[{"damage":6.0,"enemies":"Cultist","floor":1.0,"turns":4.0},{"damage":8.0,"enemies":"Small Slimes","floor":2.0,"turns":3.0},{"damage":1.0,"enemies":"Jaw Worm","floor":3.0,"turns":3.0},{"damage":10.0,"enemies":"Exordium Wildlife","floor":5.0,"turns":3.0},{"damage":6.0,"enemies":"Looter","floor":7.0,"turns":3.0},{"damage":11.0,"enemies":"3 Louse","floor":10.0,"turns":2.0},{"damage":10.0,"enemies":"Gremlin Gang","floor":13.0,"turns":3.0},{"damage":10.0,"enemies":"The Mushroom Lair","floor":14.0,"turns":3.0},{"damage":50.0,"enemies":"The Guardian","floor":16.0,"turns":11.0},{"damage":18.0,"enemies":"Shell Parasite","floor":18.0,"turns":6.0},{"damage":0.0,"enemies":"3 Byrds","floor":20.0,"turns":4.0},{"damage":12.0,"enemies":"3 Cultists","floor":22.0,"turns":4.0},{"damage":19.0,"enemies":"Slavers","floor":24.0,"turns":5.0},{"damage":21.0,"enemies":"Centurion and Healer","floor":25.0,"turns":4.0},{"damage":6.0,"enemies":"Snecko","floor":27.0,"turns":4.0},{"damage":10.0,"enemies":"Shelled Parasite and Fungi","floor":30.0,"turns":4.0},{"damage":48,"enemies":"Collector","floor":33,"turns":9},{"damage":6,"enemies":"Orb Walker","floor":35,"turns":3},{"damage":29,"enemies":"3 Shapes","floor":39,"turns":4},{"damage":62,"enemies":"Reptomancer","floor":40,"turns":6}],"seed_played":"-4901331610363671756","potions_obtained":[{"floor":7.0,"key":"EssenceOfSteel"},{"floor":10.0,"key":"Explosive Potion"},{"floor":14.0,"key":"Swift Potion"},{"floor":16.0,"key":"FocusPotion"},{"floor":24.0,"key":"SpeedPotion"},{"floor":25.0,"key":"LiquidBronze"},{"floor":35,"key":"EssenceOfSteel"}],"is_trial":false,"path_per_floor":["M","M","M","?","M","?","M","?","T","M","R","$","M","?","R","B",null,"M","?","M","$","M","R","E","M","T","M","R","?","M","?","R","B",null,"M","?","?","$","M","E"],"character_chosen":"DEFECT","items_purchased":["Master of Strategy"],"campfire_rested":5,"item_purchase_floors":[38],"current_hp_per_floor":[69,61,60,60,50,50,44,44,44,33,55,55,45,35,57,7,75,57,57,57,57,45,67,48,39,39,45,67,74,64,64,82,46,82,76,66,66,66,49,0],"gold":191,"neow_bonus":"ONE_RANDOM_RARE_CARD","is_prod":false,"is_daily":false,"chose_seed":false,"campfire_upgraded":0,"win_rate":0,"timestamp":1564227726,"path_taken":["M","M","M","?","M","?","M","?","T","?","R","$","M","?","R","BOSS","M","?","M","$","M","R","E","M","T","M","R","?","M","?","R","BOSS","M","?","?","$","?","E"],"build_version":"2019-07-17","purchased_purges":3,"victory":false,"max_hp_per_floor":[75,75,75,75,75,75,75,75,75,75,75,75,75,75,75,75,75,75,75,75,75,75,75,75,75,75,75,75,82,82,82,82,82,82,82,82,82,82,82,82],"card_choices":[{"not_picked":["Redo","Streamline"],"picked":"Sweeping Beam","floor":1.0},{"not_picked":["Stack","Coolheaded"],"picked":"Ball Lightning","floor":2.0},{"not_picked":["Redo","Sweeping Beam"],"picked":"Gash","floor":3.0},{"not_picked":["Scrape","Reprogram"],"picked":"Cold Snap","floor":5.0},{"not_picked":["Stack","Coolheaded"],"picked":"Compile Driver","floor":7.0},{"not_picked":["Scrape","Hologram"],"picked":"Core Surge","floor":10.0},{"not_picked":["Sunder","Cold Snap","Undo"],"picked":"SKIP","floor":13.0},{"not_picked":["Multi-Cast","Creative AI"],"picked":"Biased Cognition","floor":16.0},{"not_picked":["Redo+1","Scrape"],"picked":"Sweeping Beam+1","floor":18.0},{"not_picked":["Turbo+1","Heatsinks+1"],"picked":"Lockon","floor":20.0},{"not_picked":["Barrage","Ball Lightning","Steam"],"picked":"SKIP","floor":22.0},{"not_picked":["Turbo","Barrage"],"picked":"Tempest","floor":24.0},{"not_picked":["Tempest","Storm+1"],"picked":"Sweeping Beam+1","floor":25.0},{"not_picked":["Stack+1","Ball Lightning","Steam+1"],"picked":"SKIP","floor":27.0},{"not_picked":["Sweeping Beam+1","FTL","Scrape"],"picked":"SKIP","floor":30.0},{"not_picked":["Aggregate+1","Consume","BootSequence"],"picked":"SKIP","floor":35},{"not_picked":["Rebound","Compile Driver","Redo"],"picked":"SKIP","floor":39}],"player_experience":32613,"relics_obtained":[{"floor":9.0,"key":"Kunai"},{"floor":14.0,"key":"Odd Mushroom"},{"floor":24.0,"key":"Meat on the Bone"},{"floor":26.0,"key":"Sundial"}],"event_choices":[{"damage_healed":0.0,"max_hp_gain":0.0,"max_hp_loss":0.0,"gold_gain":0.0,"event_name":"Golden Idol","player_choice":"Take Wound","floor":4.0,"gold_loss":0.0,"damage_taken":0.0,"relics_obtained":["Golden Idol"],"cards_obtained":["Injury"]},{"cards_removed":["Injury"],"damage_healed":0.0,"max_hp_gain":0.0,"max_hp_loss":0.0,"gold_gain":0.0,"event_name":"The Cleric","player_choice":"Card Removal","floor":6.0,"gold_loss":50.0,"damage_taken":0.0},{"damage_healed":0.0,"max_hp_gain":0.0,"max_hp_loss":0.0,"gold_gain":30.0,"event_name":"Dead Adventurer","player_choice":"Searched \u00273\u0027 times","floor":8.0,"gold_loss":0.0,"damage_taken":0.0,"relics_obtained":["Peace Pipe"]},{"damage_healed":0.0,"max_hp_gain":0.0,"max_hp_loss":0.0,"gold_gain":0.0,"event_name":"Mushrooms","player_choice":"Fought Mushrooms","floor":14.0,"gold_loss":0.0,"damage_taken":0.0},{"damage_healed":0.0,"max_hp_gain":0.0,"max_hp_loss":0.0,"gold_gain":0.0,"event_name":"The Library","player_choice":"Read","floor":19.0,"gold_loss":0.0,"damage_taken":0.0,"cards_obtained":["Gash"]},{"damage_healed":0.0,"max_hp_gain":0.0,"max_hp_loss":0.0,"gold_gain":0.0,"event_name":"The Mausoleum","player_choice":"Opened","floor":29.0,"gold_loss":0.0,"damage_taken":0.0,"relics_obtained":["Strawberry"]},{"damage_healed":0.0,"max_hp_gain":0.0,"max_hp_loss":0.0,"gold_gain":0.0,"event_name":"Addict","player_choice":"Obtained Relic","floor":31.0,"gold_loss":85.0,"damage_taken":0.0,"relics_obtained":["Incense Burner"]},{"damage_healed":0,"gold_gain":0,"player_choice":"Embrace Madness","damage_taken":10,"max_hp_gain":0,"max_hp_loss":0,"event_name":"Winding Halls","floor":36,"gold_loss":0,"cards_obtained":["Madness","Madness"]},{"damage_healed":0,"gold_gain":100,"player_choice":"Pray","damage_taken":0,"max_hp_gain":0,"max_hp_loss":0,"event_name":"Golden Shrine","floor":37,"gold_loss":0}],"is_beta":false,"boss_relics":[{"not_picked":["Snecko Eye","White Beast Statue"],"picked":"Cursed Key"},{"not_picked":["Philosopher\u0027s Stone","Empty Cage"],"picked":"Fusion Hammer"}],"items_purged_floors":[12,21,38],"is_endless":false,"potions_floor_spawned":[7,10,14,16,22,24,25,27,35],"killed_by":"Reptomancer","ascension_level":0}