{"gold_per_floor":[362,437,35,35,46,46,57,71,71,86,100,100,0,16,16,91,91,104,104,0,0],"floor_reached":21,"playtime":697,"items_purged":["Strike_B","Strike_B"],"score":342,"play_id":"154dce54-271a-4902-8ad1-e4bfce8152dc","local_time":"20190530131316","is_ascension_mode":true,"campfire_choices":[{"data":"Zap","floor":6,"key":"SMITH"},{"data":"Heatsinks","floor":12,"key":"SMITH"},{"data":"Dualcast","floor":15,"key":"SMITH"}],"neow_cost":"PERCENT_DAMAGE","seed_source_timestamp":785807210245583,"circlet_count":0,"master_deck":["AscendersBane","Strike_B","Strike_B","Defend_B","Defend_B","Defend_B","Defend_B","Zap+1","Dualcast+1","Cold Snap","Defragment+1","Undo","Heatsinks+1","Self Repair","Cold Snap","Echo Form","Streamline"],"relics":["Cracked Core","Meat on the Bone","Toxic Egg 2","Lizard Tail"],"potions_floor_usage":[11,21],"damage_taken":[{"damage":15,"enemies":"Small Slimes","floor":1,"turns":4},{"damage":0,"enemies":"Cultist","floor":5,"turns":3},{"damage":10,"enemies":"Jaw Worm","floor":7,"turns":3},{"damage":4,"enemies":"3 Louse","floor":8,"turns":3},{"damage":13,"enemies":"Red Slaver","floor":10,"turns":3},{"damage":25,"enemies":"Gremlin Gang","floor":11,"turns":6},{"damage":6,"enemies":"Exordium Wildlife","floor":14,"turns":4},{"damage":29,"enemies":"The Guardian","floor":16,"turns":17},{"damage":0,"enemies":"Spheric Guardian","floor":18,"turns":4},{"damage":37,"enemies":"2 Thieves","floor":20,"turns":5},{"damage":0,"enemies":"Shelled Parasite and Fungi","floor":21,"turns":1}],"seed_played":"-5752174010412843443","potions_obtained":[{"floor":1,"key":"GamblersBrew"},{"floor":7,"key":"AttackPotion"},{"floor":8,"key":"Block Potion"},{"floor":16,"key":"Weak Potion"},{"floor":18,"key":"FocusPotion"}],"is_trial":false,"path_per_floor":["M","?","$","?","M","R","M","M","T","M","M","R","$","M","R","B",null,"M","?","M","M"],"character_chosen":"DEFECT","items_purchased":["Meat on the Bone","Defragment"],"campfire_rested":0,"item_purchase_floors":[3,3],"current_hp_per_floor":[31,20,20,20,32,32,34,42,42,41,28,28,28,41,41,31,61,61,41,23,23],"gold":0,"neow_bonus":"TWO_FIFTY_GOLD","is_prod":false,"is_daily":false,"chose_seed":false,"campfire_upgraded":3,"win_rate":0,"timestamp":1559193196,"path_taken":["M","?","$","?","M","R","M","M","T","?","M","R","$","M","R","BOSS","M","?","M","M"],"build_version":"2019-01-23","purchased_purges":2,"victory":false,"max_hp_per_floor":[71,71,71,71,71,71,71,71,71,71,71,71,71,71,71,71,71,71,76,76,76],"card_choices":[{"not_picked":["Redo","Barrage"],"picked":"Cold Snap","floor":1},{"not_picked":["Rip and Tear","Go for the Eyes","Beam Cell"],"picked":"SKIP","floor":5},{"not_picked":["Leap","Beam Cell"],"picked":"Undo","floor":7},{"not_picked":["Streamline","Amplify"],"picked":"Heatsinks","floor":8},{"not_picked":["Redo+1","Rebound","Auto Shields+1"],"picked":"SKIP","floor":10},{"not_picked":["Genetic Algorithm+1","Stack+1"],"picked":"Self Repair","floor":11},{"not_picked":["Steam+1","Undo+1"],"picked":"Cold Snap","floor":14},{"not_picked":["Amplify+1","Meteor Strike"],"picked":"Echo Form","floor":16},{"not_picked":["Steam+1","Rebound","Auto Shields+1"],"picked":"SKIP","floor":18},{"not_picked":["Compile Driver","Storm"],"picked":"Streamline","floor":20}],"player_experience":960605,"relics_obtained":[{"floor":9,"key":"Toxic Egg 2"}],"event_choices":[{"damage_healed":0,"gold_gain":75,"player_choice":"Gather Gold","damage_taken":11,"max_hp_gain":0,"max_hp_loss":0,"event_name":"World of Goop","floor":2,"gold_loss":0},{"damage_healed":0,"gold_gain":0,"player_choice":"Upgraded","damage_taken":0,"max_hp_gain":0,"max_hp_loss":0,"event_name":"Upgrade Shrine","floor":4,"gold_loss":0,"cards_upgraded":["Defragment"]},{"damage_healed":0,"gold_gain":0,"player_choice":"Shed Blood","damage_taken":25,"max_hp_gain":5,"max_hp_loss":0,"event_name":"Forgotten Altar","floor":19,"gold_loss":0}],"is_beta":false,"boss_relics":[{"not_picked":["Fusion Hammer","Philosopher\u0027s Stone"],"picked":"Lizard Tail"}],"items_purged_floors":[3,13],"is_endless":false,"potions_floor_spawned":[1,7,8,16,18],"killed_by":"Shelled Parasite and Fungi","ascension_level":20}