{"gold_per_floor":[115,36,36,54,14,14,47,47,47,78,105,121,133,133,133,207,207,224,224],"floor_reached":19,"playtime":738,"items_purged":[],"score":380,"play_id":"eb97f10c-72b6-4104-8a33-2fc9650d8da1","local_time":"20190306225531","is_ascension_mode":true,"campfire_choices":[{"data":"Armaments","floor":6.0,"key":"SMITH"},{"floor":15.0,"key":"REST"}],"neow_cost":"NONE","seed_source_timestamp":60527153421145,"circlet_count":0,"master_deck":["AscendersBane","Strike_R","Strike_R","Strike_R","Strike_R","Defend_R","Defend_R","Defend_R","Defend_R","Bash","Armaments+1","Entrench","Anger","Inflame","Double Tap","Cleave","Flame Barrier","Body Slam","Shrug It Off","Offering","True Grit"],"special_seed":0,"relics":["Black Blood","NeowsBlessing","FaceOfCleric","Pantograph","Bottled Lightning","Juzu Bracelet","Oddly Smooth Stone"],"potions_floor_usage":[16],"damage_taken":[{"damage":0.0,"enemies":"Jaw Worm","floor":1.0,"turns":1.0},{"damage":0.0,"enemies":"Cultist","floor":4.0,"turns":1.0},{"damage":0.0,"enemies":"Gremlin Nob","floor":7.0,"turns":1.0},{"damage":15.0,"enemies":"3 Sentries","floor":10.0,"turns":6.0},{"damage":12.0,"enemies":"Small Slimes","floor":12.0,"turns":3.0},{"damage":10.0,"enemies":"Looter","floor":13.0,"turns":3.0},{"damage":75,"enemies":"Slime Boss","floor":16,"turns":13},{"damage":63,"enemies":"3 Byrds","floor":18,"turns":8},{"damage":15,"enemies":"Spheric Guardian","floor":19,"turns":3}],"seed_played":"-120864335008139779","potions_obtained":[{"floor":1.0,"key":"Fire Potion"},{"floor":12.0,"key":"Swift Potion"}],"is_trial":false,"path_per_floor":["M","$","?","M","$","R","E","?","T","E","T","M","M","$","R","B",null,"M","M"],"character_chosen":"IRONCLAD","items_purchased":["Entrench","Inflame"],"campfire_rested":1,"item_purchase_floors":[2,5],"current_hp_per_floor":[74,74,74,76,76,76,77,77,77,69,69,64,61,61,80,12,64,12,0],"gold":224,"neow_bonus":"THREE_ENEMY_KILL","is_prod":false,"is_daily":false,"chose_seed":false,"campfire_upgraded":1,"win_rate":0,"timestamp":1551873331,"path_taken":["M","$","?","?","$","R","E","?","T","E","?","M","M","$","R","BOSS","M","M"],"build_version":"2019-01-23","purchased_purges":0,"victory":false,"max_hp_per_floor":[75,75,75,76,76,76,77,77,77,78,78,79,80,80,80,81,81,82,82],"card_choices":[{"not_picked":["Spot Weakness","Sword Boomerang"],"picked":"Armaments","floor":1.0},{"not_picked":["Heavy Blade","Armaments"],"picked":"Anger","floor":4.0},{"not_picked":["Armaments","Metallicize"],"picked":"Double Tap","floor":7.0},{"not_picked":["Dropkick","Burning Pact"],"picked":"Flame Barrier","floor":10.0},{"not_picked":["Twin Strike","Shrug It Off"],"picked":"Body Slam","floor":12.0},{"not_picked":["Pommel Strike","Body Slam"],"picked":"Shrug It Off","floor":13.0},{"not_picked":["Fiend Fire","Berserk"],"picked":"Offering","floor":16},{"not_picked":["Cleave","Twin Strike"],"picked":"True Grit","floor":18}],"player_experience":815217,"relics_obtained":[{"floor":7.0,"key":"Pantograph"},{"floor":9.0,"key":"Bottled Lightning"},{"floor":10.0,"key":"Juzu Bracelet"},{"floor":11.0,"key":"Oddly Smooth Stone"}],"event_choices":[{"damage_healed":0.0,"max_hp_gain":0.0,"max_hp_loss":0.0,"gold_gain":0.0,"event_name":"FaceTrader","player_choice":"Trade","floor":3.0,"gold_loss":0.0,"damage_taken":0.0,"relics_obtained":["FaceOfCleric"]},{"damage_healed":0.0,"max_hp_gain":0.0,"max_hp_loss":0.0,"gold_gain":0.0,"cards_transformed":["Strike_R"],"event_name":"Living Wall","player_choice":"Change","floor":8.0,"gold_loss":0.0,"damage_taken":0.0,"cards_obtained":["Cleave"]}],"is_beta":false,"boss_relics":[{"not_picked":["Coffee Dripper","Ectoplasm"],"picked":"Black Blood"}],"items_purged_floors":[],"is_endless":false,"potions_floor_spawned":[1,12],"killed_by":"Spheric Guardian","ascension_level":18}