{"gold_per_floor":[115,135,135,155,172,172,184,203,203,220,235,250,268,11,11,11],"floor_reached":16,"playtime":671,"items_purged":["Decay"],"score":200,"play_id":"e4840d3a-797d-485b-8d4f-2a7556cd21c5","local_time":"20190809143105","is_ascension_mode":true,"campfire_choices":[{"data":"Bullet Time","floor":6,"key":"SMITH"},{"floor":15,"key":"REST"}],"neow_cost":"NONE","seed_source_timestamp":5493342082657,"circlet_count":0,"master_deck":["AscendersBane","Strike_G","Strike_G","Strike_G","Strike_G","Strike_G","Defend_G","Defend_G","Defend_G","Defend_G","Defend_G","Survivor","Neutralize","Backflip","Escape Plan","Bullet Time+1","PiercingWail","Grand Finale","Prepared","Poisoned Stab"],"relics":["Ring of the Snake","NeowsBlessing","Nunchaku","Membership Card"],"potions_floor_usage":[8,12,16],"damage_taken":[{"damage":0,"enemies":"Cultist","floor":1,"turns":1},{"damage":0,"enemies":"Jaw Worm","floor":2,"turns":1},{"damage":0,"enemies":"2 Louse","floor":4,"turns":1},{"damage":0,"enemies":"Blue Slaver","floor":5,"turns":8},{"damage":11,"enemies":"Red Slaver","floor":7,"turns":7},{"damage":8,"enemies":"3 Louse","floor":8,"turns":4},{"damage":0,"enemies":"Blue Slaver","floor":10,"turns":9},{"damage":12,"enemies":"2 Fungi Beasts","floor":11,"turns":8},{"damage":4,"enemies":"3 Louse","floor":12,"turns":6},{"damage":0,"enemies":"Blue Slaver","floor":13,"turns":3},{"damage":38,"enemies":"The Guardian","floor":16,"turns":10}],"seed_played":"4719078020539812088","potions_obtained":[{"floor":2,"key":"SteroidPotion"},{"floor":8,"key":"GhostInAJar"},{"floor":10,"key":"Ancient Potion"},{"floor":12,"key":"Block Potion"}],"is_trial":false,"path_per_floor":["M","M","?","M","M","R","M","M","T","M","M","M","M","$","R","B"],"character_chosen":"THE_SILENT","items_purchased":["Membership Card"],"campfire_rested":1,"item_purchase_floors":[14],"current_hp_per_floor":[59,59,59,59,59,59,48,40,40,40,28,24,24,24,43,5],"gold":11,"neow_bonus":"THREE_ENEMY_KILL","is_prod":false,"is_daily":false,"chose_seed":false,"campfire_upgraded":1,"win_rate":0,"timestamp":1565332265,"path_taken":["M","?","?","?","M","R","?","M","T","M","M","M","M","$","R","BOSS"],"build_version":"2019-07-17","purchased_purges":1,"victory":false,"max_hp_per_floor":[66,66,66,66,66,66,66,66,66,66,66,66,66,66,66,66],"card_choices":[{"not_picked":["Quick Slash","Reflex"],"picked":"Backflip","floor":1},{"not_picked":["Quick Slash","Prepared","Eviscerate"],"picked":"SKIP","floor":2},{"not_picked":["Poisoned Stab","Sucker Punch"],"picked":"Escape Plan","floor":4},{"not_picked":["Dodge and Roll","Infinite Blades"],"picked":"Bullet Time","floor":5},{"not_picked":["Poisoned Stab","Backflip"],"picked":"PiercingWail","floor":7},{"not_picked":["Prepared","Dagger Spray","Deflect"],"picked":"SKIP","floor":8},{"not_picked":["Flying Knee","Terror"],"picked":"Grand Finale","floor":10},{"not_picked":["Caltrops","Bane","PiercingWail"],"picked":"SKIP","floor":11},{"not_picked":["Venomology","Sucker Punch"],"picked":"Prepared","floor":12},{"not_picked":["Outmaneuver","Distraction"],"picked":"Poisoned Stab","floor":13}],"player_experience":1163902,"relics_obtained":[{"floor":9,"key":"Nunchaku"}],"event_choices":[{"damage_healed":0,"gold_gain":0,"player_choice":"Cursed","damage_taken":0,"max_hp_gain":0,"max_hp_loss":0,"event_name":"Wheel of Change","floor":3,"gold_loss":0,"cards_obtained":["Decay"]}],"is_beta":false,"boss_relics":[],"items_purged_floors":[14],"is_endless":false,"potions_floor_spawned":[2,8,10,11,12,13],"killed_by":"The Guardian","ascension_level":20}