{"gold_per_floor":[15,15,15,36,36,72,72,106,106,106,126,126,126],"floor_reached":13,"playtime":310,"items_purged":[],"score":182,"play_id":"74828408-4fac-44b5-ad1c-c65faba76fc6","local_time":"20190712125829","is_ascension_mode":true,"campfire_choices":[{"data":"A Thousand Cuts","floor":7.0,"key":"SMITH"},{"data":"Bouncing Flask","floor":10.0,"key":"SMITH"},{"data":"Neutralize","floor":12,"key":"SMITH"}],"neow_cost":"NO_GOLD","seed_source_timestamp":87201460533629,"circlet_count":0,"master_deck":["AscendersBane","Strike_G","Strike_G","Strike_G","Strike_G","Defend_G","Defend_G","Defend_G","Defend_G","Defend_G","Survivor","Neutralize+1","A Thousand Cuts+1","Bouncing Flask+1","Flying Knee","Acrobatics","Footwork"],"special_seed":0,"relics":["Ring of the Snake","Golden Idol","Matryoshka","Orichalcum","Oddly Smooth Stone","Mummified Hand"],"potions_floor_usage":[13],"damage_taken":[{"damage":7.0,"enemies":"2 Louse","floor":1.0,"turns":4.0},{"damage":0.0,"enemies":"Cultist","floor":4.0,"turns":4.0},{"damage":32.0,"enemies":"Gremlin Nob","floor":6.0,"turns":4.0},{"damage":5.0,"enemies":"Lagavulin","floor":8.0,"turns":6.0},{"damage":6,"enemies":"Jaw Worm","floor":11,"turns":3},{"damage":12,"enemies":"Large Slime","floor":13,"turns":1}],"seed_played":"8809149549711977860","potions_obtained":[{"floor":4.0,"key":"SteroidPotion"},{"floor":8.0,"key":"Energy Potion"}],"is_trial":false,"path_per_floor":["M","?","?","M","$","E","R","E","T","R","M","R","M"],"character_chosen":"THE_SILENT","items_purchased":[],"campfire_rested":0,"item_purchase_floors":[],"current_hp_per_floor":[52,52,52,52,52,20,20,15,15,15,9,9,0],"gold":126,"neow_bonus":"THREE_RARE_CARDS","is_prod":false,"is_daily":false,"chose_seed":false,"campfire_upgraded":3,"win_rate":0,"timestamp":1562907509,"path_taken":["M","?","?","?","?","E","R","E","T","R","M","R","M"],"build_version":"2019-07-05","purchased_purges":0,"victory":false,"max_hp_per_floor":[66,60,60,60,60,60,60,60,60,60,60,60,60],"card_choices":[{"not_picked":["Doppelganger","Wraith Form v2"],"picked":"A Thousand Cuts","floor":0.0},{"not_picked":["Prepared","Catalyst"],"picked":"Bouncing Flask","floor":1.0},{"not_picked":["Flying Knee","Crippling Poison"],"picked":"Acrobatics","floor":4.0},{"not_picked":["Poisoned Stab","PiercingWail"],"picked":"Footwork","floor":6.0},{"not_picked":["Dagger Spray","Acrobatics","Bane"],"picked":"SKIP","floor":8.0},{"not_picked":["Bane","Riddle With Holes","Choke"],"picked":"SKIP","floor":11}],"player_experience":1109041,"relics_obtained":[{"floor":6.0,"key":"Matryoshka"},{"floor":8.0,"key":"Orichalcum"},{"floor":9.0,"key":"Oddly Smooth Stone"},{"floor":9.0,"key":"Mummified Hand"}],"event_choices":[{"damage_healed":0.0,"max_hp_gain":0.0,"max_hp_loss":6.0,"gold_gain":0.0,"event_name":"Golden Idol","player_choice":"Lose Max HP","floor":2.0,"gold_loss":0.0,"damage_taken":0.0,"relics_obtained":["Golden Idol"]},{"damage_healed":0.0,"max_hp_gain":0.0,"max_hp_loss":0.0,"gold_gain":0.0,"cards_transformed":["Strike_G"],"event_name":"Transmorgrifier","player_choice":"Transformed","floor":3.0,"gold_loss":0.0,"damage_taken":0.0,"cards_obtained":["Flying Knee"]}],"is_beta":false,"boss_relics":[],"items_purged_floors":[],"is_endless":false,"potions_floor_spawned":[4,8],"killed_by":"Large Slime","ascension_level":20}