{"gold_per_floor":[116,41,60,60,60,60,99,99,126,126,126,150,165,184,184,184],"floor_reached":16,"playtime":407,"items_purged":[],"score":250,"play_id":"08583199-f6c7-43de-8acc-bcfb857e6221","local_time":"20190710155647","is_ascension_mode":true,"campfire_choices":[{"data":"Catalyst","floor":6.0,"key":"SMITH"},{"data":"Deadly Poison","floor":8.0,"key":"SMITH"},{"data":"Neutralize","floor":10.0,"key":"SMITH"},{"data":"Tactician","floor":15.0,"key":"SMITH"}],"neow_cost":"NONE","seed_source_timestamp":0,"circlet_count":0,"master_deck":["AscendersBane","Strike_G","Strike_G","Strike_G","Strike_G","Strike_G","Defend_G","Defend_G","Defend_G","Defend_G","Survivor","Neutralize+1","Acrobatics","Catalyst+1","Deadly Poison+1","Tactician+1","Bouncing Flask","Footwork"],"special_seed":0,"relics":["Ring of the Snake","NeowsBlessing","Golden Idol","Du-Vu Doll","Gambling Chip"],"potions_floor_usage":[16],"damage_taken":[{"damage":0.0,"enemies":"Small Slimes","floor":1.0,"turns":1.0},{"damage":0.0,"enemies":"2 Louse","floor":3.0,"turns":1.0},{"damage":0.0,"enemies":"3 Sentries","floor":7.0,"turns":2.0},{"damage":1.0,"enemies":"Jaw Worm","floor":12.0,"turns":3.0},{"damage":15.0,"enemies":"Gremlin Gang","floor":13.0,"turns":5.0},{"damage":0.0,"enemies":"2 Fungi Beasts","floor":14.0,"turns":4.0},{"damage":24,"enemies":"Slime Boss","floor":16,"turns":6}],"seed_played":"3004565755568867570","potions_obtained":[{"floor":12.0,"key":"Dexterity Potion"},{"floor":13.0,"key":"SmokeBomb"},{"floor":14.0,"key":"Poison Potion"}],"is_trial":false,"path_per_floor":["M","?","M","?","$","R","E","R","T","R","?","M","M","M","R","B"],"character_chosen":"THE_SILENT","items_purchased":[],"campfire_rested":0,"item_purchase_floors":[],"current_hp_per_floor":[59,59,59,59,59,59,59,59,59,59,41,40,25,25,25,1],"gold":184,"neow_bonus":"THREE_ENEMY_KILL","is_prod":false,"is_daily":false,"chose_seed":false,"campfire_upgraded":4,"win_rate":0,"timestamp":1562745407,"path_taken":["M","?","M","?","$","R","E","R","T","R","?","M","M","M","R","BOSS"],"build_version":"2019-07-05","purchased_purges":0,"victory":false,"max_hp_per_floor":[66,66,66,60,60,60,60,60,60,60,60,60,60,60,60,60],"card_choices":[{"not_picked":["Backflip","Underhanded Strike"],"picked":"Acrobatics","floor":1.0},{"not_picked":["Heel Hook","Well Laid Plans"],"picked":"Catalyst","floor":3.0},{"not_picked":["Underhanded Strike","Blade Dance"],"picked":"Deadly Poison","floor":7.0},{"not_picked":["Adrenaline","Acrobatics"],"picked":"Tactician","floor":12.0},{"not_picked":["Deadly Poison","Blade Dance"],"picked":"Bouncing Flask","floor":13.0},{"not_picked":["Accuracy","Crippling Poison"],"picked":"Footwork","floor":14.0}],"player_experience":1087594,"relics_obtained":[{"floor":7.0,"key":"Du-Vu Doll"}],"event_choices":[{"cards_removed":["Defend_G"],"damage_healed":0.0,"max_hp_gain":0.0,"max_hp_loss":0.0,"gold_gain":0.0,"event_name":"The Cleric","player_choice":"Card Removal","floor":2.0,"gold_loss":75.0,"damage_taken":0.0},{"damage_healed":0.0,"max_hp_gain":0.0,"max_hp_loss":6.0,"gold_gain":0.0,"event_name":"Golden Idol","player_choice":"Lose Max HP","floor":4.0,"gold_loss":0.0,"damage_taken":0.0,"relics_obtained":["Golden Idol"]},{"damage_healed":0.0,"max_hp_gain":0.0,"max_hp_loss":0.0,"gold_gain":0.0,"event_name":"Scrap Ooze","player_choice":"Success","floor":11.0,"gold_loss":0.0,"damage_taken":18.0,"relics_obtained":["Gambling Chip"]}],"is_beta":false,"boss_relics":[],"items_purged_floors":[],"is_endless":false,"potions_floor_spawned":[12,13,14],"killed_by":"Slime Boss","ascension_level":20}