{"gold_per_floor":[113,88,88,88,108,135,210,210],"floor_reached":8,"playtime":367,"items_purged":[],"score":70,"play_id":"332e8d71-4486-4fa2-8860-f25d06c2693b","local_time":"20190324213208","is_ascension_mode":true,"campfire_choices":[],"neow_cost":"NONE","seed_source_timestamp":393944648862629,"circlet_count":0,"master_deck":["Defend_G","Defend_G","Defend_G","Defend_G","Defend_G","Strike_G+1","Strike_G+1","Strike_G","Strike_G","Survivor","Neutralize","Backflip","Poisoned Stab","Malaise","Well Laid Plans","Outmaneuver"],"relics":["Ring of the Snake","Omamori","Whetstone"],"potions_floor_usage":[6,6],"damage_taken":[{"damage":15,"enemies":"Jaw Worm","floor":1,"turns":5},{"damage":5,"enemies":"2 Louse","floor":5,"turns":2},{"damage":25,"enemies":"Lagavulin","floor":6,"turns":9},{"damage":25,"enemies":"3 Sentries","floor":8,"turns":4}],"seed_played":"-1775815855813334456","potions_obtained":[{"floor":1,"key":"AttackPotion"},{"floor":5,"key":"Regen Potion"}],"is_trial":false,"path_per_floor":["M","$","?","?","M","E","?","E"],"character_chosen":"THE_SILENT","items_purchased":["Poisoned Stab"],"campfire_rested":0,"item_purchase_floors":[2],"current_hp_per_floor":[55,55,55,48,43,33,22,0],"gold":210,"neow_bonus":"TEN_PERCENT_HP_BONUS","is_prod":false,"is_daily":false,"chose_seed":false,"campfire_upgraded":0,"win_rate":0,"timestamp":1553423528,"path_taken":["M","$","?","?","M","E","?","E"],"build_version":"2019-01-23","purchased_purges":0,"victory":false,"max_hp_per_floor":[77,77,77,77,77,77,77,77],"card_choices":[{"not_picked":["Deflect","Quick Slash"],"picked":"Backflip","floor":1},{"not_picked":["Acrobatics","All Out Attack"],"picked":"Well Laid Plans","floor":5},{"not_picked":["Dagger Throw","PiercingWail"],"picked":"Outmaneuver","floor":6}],"player_experience":888160,"relics_obtained":[{"floor":6,"key":"Whetstone"}],"event_choices":[{"damage_healed":0,"gold_gain":0,"cards_transformed":["Strike_G"],"player_choice":"Change","damage_taken":0,"max_hp_gain":0,"max_hp_loss":0,"event_name":"Living Wall","floor":3,"gold_loss":0,"cards_obtained":["Malaise"]},{"damage_healed":0,"gold_gain":0,"player_choice":"Success","damage_taken":7,"relics_obtained":["Omamori"],"max_hp_gain":0,"max_hp_loss":0,"event_name":"Scrap Ooze","floor":4,"gold_loss":0},{"damage_healed":0,"gold_gain":75,"player_choice":"Gather Gold","damage_taken":11,"max_hp_gain":0,"max_hp_loss":0,"event_name":"World of Goop","floor":7,"gold_loss":0}],"is_beta":false,"boss_relics":[],"items_purged_floors":[],"is_endless":false,"potions_floor_spawned":[1,5],"killed_by":"3 Sentries","ascension_level":6}