{"gold_per_floor":[115,133,149,169,188,188,217,217,217,237,251,277,277,452,452,553,553,564,579,504,537,556,556,569,569],"floor_reached":25,"playtime":1758,"items_purged":[],"score":303,"play_id":"840a731e-bc07-4d51-b840-7e362c04cc74","local_time":"20190622180227","is_ascension_mode":true,"campfire_choices":[{"floor":6.0,"key":"REST"},{"data":"Sunder","floor":8.0,"key":"SMITH"},{"data":"Blizzard","floor":13.0,"key":"SMITH"},{"floor":15.0,"key":"REST"},{"floor":23,"key":"REST"}],"neow_cost":"NONE","seed_source_timestamp":0,"circlet_count":0,"master_deck":["Strike_B","Strike_B+1","Strike_B","Defend_B","Defend_B","Defend_B","Defend_B","Zap","Dualcast","Compile Driver","Conserve Battery","Conserve Battery","Glacier","Blizzard+1","Sunder+1","Chill+1","Cold Snap+1","Streamline","Doubt","Seek+1","Tempest+1","Streamline+1","Genetic Algorithm+1","Glacier+1","Go for the Eyes+1"],"special_seed":0,"relics":["Cracked Core","Regal Pillow","Toxic Egg 2","Whetstone","Inserter","Red Mask"],"potions_floor_usage":[21,22,22],"damage_taken":[{"damage":3.0,"enemies":"2 Louse","floor":1.0,"turns":2.0},{"damage":0.0,"enemies":"Small Slimes","floor":2.0,"turns":3.0},{"damage":12.0,"enemies":"Jaw Worm","floor":3.0,"turns":3.0},{"damage":17.0,"enemies":"3 Louse","floor":4.0,"turns":4.0},{"damage":20.0,"enemies":"Large Slime","floor":5.0,"turns":9.0},{"damage":34.0,"enemies":"Gremlin Nob","floor":7.0,"turns":6.0},{"damage":0.0,"enemies":"Exordium Wildlife","floor":10.0,"turns":3.0},{"damage":0.0,"enemies":"Exordium Thugs","floor":11.0,"turns":4.0},{"damage":0.0,"enemies":"3 Sentries","floor":12.0,"turns":7.0},{"damage":49.0,"enemies":"Hexaghost","floor":16.0,"turns":15.0},{"damage":24,"enemies":"Chosen","floor":18,"turns":7},{"damage":9,"enemies":"Shell Parasite","floor":19,"turns":6},{"damage":20,"enemies":"Masked Bandits","floor":21,"turns":5},{"damage":21,"enemies":"Cultist and Chosen","floor":22,"turns":7},{"damage":28,"enemies":"Centurion and Healer","floor":24,"turns":10},{"damage":17,"enemies":"Snake Plant","floor":25,"turns":5}],"seed_played":"1103699329994735279","potions_obtained":[{"floor":2.0,"key":"Dexterity Potion"},{"floor":4.0,"key":"FearPotion"},{"floor":7.0,"key":"EssenceOfSteel"},{"floor":16.0,"key":"Regen Potion"},{"floor":18,"key":"PowerPotion"},{"floor":21,"key":"Block Potion"},{"floor":22,"key":"FocusPotion"},{"floor":24,"key":"Energy Potion"}],"is_trial":false,"path_per_floor":["M","M","M","M","M","R","E","R","T","M","M","E","R","?","R","B",null,"M","M","?","?","M","R","M","M"],"character_chosen":"DEFECT","items_purchased":[],"campfire_rested":3,"item_purchase_floors":[],"current_hp_per_floor":[79,79,67,50,30,54,20,20,20,20,20,20,20,20,59,10,64,40,31,31,11,5,44,16,0],"gold":569,"neow_bonus":"TEN_PERCENT_HP_BONUS","is_prod":false,"is_daily":false,"chose_seed":false,"campfire_upgraded":2,"win_rate":0,"timestamp":1561240947,"path_taken":["M","M","M","M","M","R","E","R","T","M","M","E","R","?","R","BOSS","M","M","?","?","M","R","M","M"],"build_version":"2019-01-23","purchased_purges":0,"victory":false,"max_hp_per_floor":[82,82,82,82,82,82,82,82,82,82,82,82,82,82,82,82,82,82,82,82,82,82,82,82,82],"card_choices":[{"not_picked":["Consume","Stack"],"picked":"Compile Driver","floor":1.0},{"not_picked":["Fusion","Gash"],"picked":"Conserve Battery","floor":2.0},{"not_picked":["Turbo","Barrage"],"picked":"Conserve Battery","floor":3.0},{"not_picked":["Fusion","Heatsinks"],"picked":"Glacier","floor":4.0},{"not_picked":["Consume","Scrape"],"picked":"Blizzard","floor":5.0},{"not_picked":["Heatsinks","Turbo"],"picked":"Sunder","floor":7.0},{"not_picked":["Compile Driver","Cold Snap"],"picked":"Chill+1","floor":10.0},{"not_picked":["Lockon","Steam+1"],"picked":"Cold Snap","floor":11.0},{"not_picked":["Melter","Go for the Eyes"],"picked":"Streamline","floor":12.0},{"not_picked":["Reboot+1","Creative AI"],"picked":"Seek+1","floor":16.0},{"not_picked":["Beam Cell","Leap+1"],"picked":"Tempest+1","floor":18},{"not_picked":["Go for the Eyes","Aggregate+1"],"picked":"Streamline+1","floor":19},{"not_picked":["Leap+1","Redo+1"],"picked":"Genetic Algorithm+1","floor":21},{"not_picked":["Gash","Streamline"],"picked":"Glacier+1","floor":22},{"not_picked":["Sweeping Beam","Fusion+1"],"picked":"Go for the Eyes+1","floor":24}],"player_experience":322216,"relics_obtained":[{"floor":7.0,"key":"Regal Pillow"},{"floor":9.0,"key":"Toxic Egg 2"},{"floor":12.0,"key":"Whetstone"},{"floor":21,"key":"Red Mask"}],"event_choices":[{"damage_healed":0.0,"max_hp_gain":0.0,"max_hp_loss":0.0,"gold_gain":175.0,"event_name":"Liars Game","player_choice":"AGREE","floor":14.0,"gold_loss":0.0,"damage_taken":0.0,"cards_obtained":["Doubt"]},{"cards_removed":["Strike_B"],"damage_healed":0,"gold_gain":0,"player_choice":"Gave Gold","damage_taken":0,"max_hp_gain":0,"max_hp_loss":0,"event_name":"Beggar","floor":20,"gold_loss":75},{"damage_healed":0,"gold_gain":0,"player_choice":"Fought Bandits","damage_taken":0,"max_hp_gain":0,"max_hp_loss":0,"event_name":"Masked Bandits","floor":21,"gold_loss":0}],"is_beta":false,"boss_relics":[{"not_picked":["Empty Cage","Coffee Dripper"],"picked":"Inserter"}],"items_purged_floors":[],"is_endless":false,"potions_floor_spawned":[2,4,7,16,18,21,22,24],"killed_by":"Snake Plant","ascension_level":5}