{"gold_per_floor":[109,109,0,10,23,23,23,23,23,198,198,209,15,43,43,145,145,155,170,181,181,197,197,228,76,76,86,86,98,98,114,114,216,216,235,235],"floor_reached":36,"playtime":2613,"items_purged":["Doubt"],"score":491,"play_id":"be226e17-21b8-4f47-a857-76dadbd8bd30","local_time":"20190807000716","is_ascension_mode":true,"campfire_choices":[{"data":"Footwork","floor":6.0,"key":"SMITH"},{"floor":15.0,"key":"REST"},{"floor":23.0,"key":"REST"},{"data":"Leg Sweep","floor":32.0,"key":"SMITH"}],"neow_cost":"PERCENT_DAMAGE","seed_source_timestamp":0,"circlet_count":0,"master_deck":["Strike_G+1","Strike_G+1","Strike_G+1","Strike_G+1","Defend_G+1","Defend_G+1","Defend_G+1","Survivor","Neutralize","Corpse Explosion+1","Footwork","Prepared","Footwork+1","Outmaneuver+1","Noxious Fumes","Backflip","Flying Knee","Burst","Bane","Dodge and Roll+1","Deadly Poison+1","Leg Sweep+1","Burst","Calculated Gamble+1","Dagger Throw+1","Slice+1"],"special_seed":0,"relics":["Ring of the Serpent","Sundial","Bottled Lightning","Mercury Hourglass","Question Card","Dream Catcher","Smiling Mask","Astrolabe"],"potions_floor_usage":[],"damage_taken":[{"damage":0.0,"enemies":"Small Slimes","floor":1.0,"turns":4.0},{"damage":1.0,"enemies":"Jaw Worm","floor":4.0,"turns":6.0},{"damage":1.0,"enemies":"Cultist","floor":5.0,"turns":4.0},{"damage":0.0,"enemies":"2 Fungi Beasts","floor":12.0,"turns":1.0},{"damage":7.0,"enemies":"3 Sentries","floor":14.0,"turns":4.0},{"damage":12.0,"enemies":"Hexaghost","floor":16.0,"turns":9.0},{"damage":5.0,"enemies":"Shell Parasite","floor":18.0,"turns":8.0},{"damage":13.0,"enemies":"Chosen","floor":19.0,"turns":5.0},{"damage":0.0,"enemies":"3 Cultists","floor":20.0,"turns":3.0},{"damage":10.0,"enemies":"Centurion and Healer","floor":22.0,"turns":6.0},{"damage":26.0,"enemies":"Slavers","floor":24.0,"turns":2.0},{"damage":19.0,"enemies":"Sentry and Sphere","floor":27.0,"turns":8.0},{"damage":20.0,"enemies":"Shelled Parasite and Fungi","floor":29.0,"turns":8.0},{"damage":8.0,"enemies":"Snake Plant","floor":31.0,"turns":4.0},{"damage":30.0,"enemies":"Automaton","floor":33.0,"turns":13.0},{"damage":5,"enemies":"3 Darklings","floor":35,"turns":3},{"damage":70,"enemies":"2 Orb Walkers","floor":36,"turns":3}],"seed_played":"-3199191566661823550","potions_obtained":[{"floor":4.0,"key":"Fire Potion"},{"floor":14.0,"key":"SkillPotion"},{"floor":18.0,"key":"GamblersBrew"},{"floor":22.0,"key":"EntropicBrew"},{"floor":24.0,"key":"SpeedPotion"},{"floor":29.0,"key":"LiquidBronze"},{"floor":31.0,"key":"Dexterity Potion"}],"is_trial":false,"path_per_floor":["M","?","$","M","M","R","?","$","T","?","T","M","$","E","R","B",null,"M","M","M","?","M","R","E","$","T","M","?","M","?","M","R","B",null,"M","?"],"character_chosen":"THE_SILENT","items_purchased":["Footwork","Prepared","Noxious Fumes","Backflip","Dream Catcher"],"campfire_rested":2,"item_purchase_floors":[3,3,13,13,25],"current_hp_per_floor":[49,49,49,48,47,47,33,33,33,33,33,33,33,26,47,35,70,65,52,52,52,42,63,37,37,37,18,41,21,70,62,62,32,70,65,0],"gold":235,"neow_bonus":"THREE_RARE_CARDS","is_prod":false,"is_daily":false,"chose_seed":false,"campfire_upgraded":2,"win_rate":0,"timestamp":1565161636,"path_taken":["M","?","?","?","M","R","?","$","T","?","?","M","$","E","R","BOSS","M","?","?","?","M","R","E","$","T","M","?","M","?","M","R","BOSS","M","?"],"build_version":"2019-07-17","purchased_purges":1,"victory":false,"max_hp_per_floor":[70,70,70,70,70,70,70,70,70,70,70,70,70,70,70,70,70,70,70,70,70,70,70,70,70,70,70,70,70,70,70,70,70,70,70,70],"card_choices":[{"not_picked":["After Image","A Thousand Cuts"],"picked":"Corpse Explosion","floor":0.0},{"not_picked":["Dagger Spray","Masterful Stab","Slice"],"picked":"SKIP","floor":1.0},{"not_picked":["Deadly Poison","Cloak And Dagger"],"picked":"Footwork","floor":4.0},{"not_picked":["Prepared","Accuracy"],"picked":"Outmaneuver","floor":5.0},{"not_picked":["Backflip","PiercingWail","Dagger Spray"],"picked":"SKIP","floor":12.0},{"not_picked":["Slice","Choke"],"picked":"Flying Knee","floor":14.0},{"not_picked":["Corpse Explosion","Night Terror"],"picked":"Burst","floor":16.0},{"not_picked":["Slice","Setup"],"picked":"Bane","floor":18.0},{"not_picked":["Dagger Throw","Deadly Poison"],"picked":"Dodge and Roll+1","floor":19.0},{"not_picked":["Acrobatics","Outmaneuver+1","Dodge and Roll"],"picked":"SKIP","floor":20.0},{"not_picked":["Slice+1","Concentrate","Dagger Spray"],"picked":"SKIP","floor":22.0},{"not_picked":["Storm of Steel","Dodge and Roll","Envenom"],"picked":"SKIP","floor":24.0},{"not_picked":["Poisoned Stab","Dagger Throw","Prepared","Backflip"],"picked":"SKIP","floor":27.0},{"not_picked":["Prepared","Finisher","Bane"],"picked":"Deadly Poison+1","floor":29.0},{"not_picked":["Bane","Deadly Poison","Blade Dance"],"picked":"Leg Sweep","floor":31.0},{"not_picked":["Die Die Die","Malaise","Unload"],"picked":"Burst","floor":33.0},{"not_picked":["Dagger Spray+1","Quick Slash","Bane","Slice"],"picked":"SKIP","floor":35}],"player_experience":851425,"relics_obtained":[{"floor":9.0,"key":"Sundial"},{"floor":11.0,"key":"Bottled Lightning"},{"floor":14.0,"key":"Mercury Hourglass"},{"floor":24.0,"key":"Question Card"},{"floor":26.0,"key":"Smiling Mask"}],"event_choices":[{"damage_healed":0.0,"max_hp_gain":0.0,"max_hp_loss":0.0,"gold_gain":0.0,"event_name":"Living Wall","player_choice":"Grow","floor":2.0,"gold_loss":0.0,"damage_taken":0.0,"cards_upgraded":["Corpse Explosion"]},{"damage_healed":0.0,"max_hp_gain":0.0,"max_hp_loss":0.0,"gold_gain":0.0,"event_name":"Shining Light","player_choice":"Entered Light","floor":7.0,"gold_loss":0.0,"damage_taken":14.0,"cards_upgraded":["Defend_G","Outmaneuver"]},{"damage_healed":0.0,"max_hp_gain":0.0,"max_hp_loss":0.0,"gold_gain":175.0,"event_name":"Liars Game","player_choice":"AGREE","floor":10.0,"gold_loss":0.0,"damage_taken":0.0,"cards_obtained":["Doubt"]},{"damage_healed":0.0,"max_hp_gain":0.0,"max_hp_loss":0.0,"gold_gain":0.0,"event_name":"Back to Basics","player_choice":"Simplicity","floor":21.0,"gold_loss":0.0,"damage_taken":0.0,"cards_upgraded":["Strike_G","Strike_G","Strike_G","Strike_G","Strike_G","Defend_G","Defend_G","Defend_G","Defend_G"]},{"damage_healed":23.0,"max_hp_gain":0.0,"max_hp_loss":0.0,"gold_gain":0.0,"event_name":"The Library","player_choice":"Heal","floor":28.0,"gold_loss":0.0,"damage_taken":0.0},{"damage_healed":49.0,"max_hp_gain":0.0,"max_hp_loss":0.0,"gold_gain":0.0,"event_name":"Wheel of Change","player_choice":"Full Heal","floor":30.0,"gold_loss":0.0,"damage_taken":0.0},{"damage_healed":0,"gold_gain":0,"player_choice":"Fight","damage_taken":0,"max_hp_gain":0,"max_hp_loss":0,"event_name":"Mysterious Sphere","floor":36,"gold_loss":0}],"is_beta":false,"boss_relics":[{"not_picked":["Philosopher\u0027s Stone","Orrery"],"picked":"Ring of the Serpent"},{"not_picked":["Coffee Dripper","Snecko Eye"],"picked":"Astrolabe"}],"items_purged_floors":[13],"is_endless":false,"potions_floor_spawned":[4,14,18,22,24,29,31],"killed_by":"2 Orb Walkers","ascension_level":4}