{"gold_per_floor":[119,119,119,136,10,26,26,53,53,73,98,98,98,114,114,191,191,208,220,220,220,270,270,280,280],"floor_reached":25,"playtime":818,"items_purged":["Strike_R"],"score":422,"play_id":"d7049daf-048d-432b-a4e6-7904d71f36e1","local_time":"20190602193635","is_ascension_mode":true,"campfire_choices":[{"data":"Heavy Blade","floor":7.0,"key":"SMITH"},{"data":"Whirlwind","floor":12.0,"key":"SMITH"},{"floor":15.0,"key":"REST"},{"data":"Armaments","floor":23.0,"key":"SMITH"}],"neow_cost":"NONE","seed_source_timestamp":1067763545583683,"circlet_count":0,"master_deck":["AscendersBane","Strike_R","Strike_R","Defend_R","Defend_R","Defend_R","Defend_R","Bash","Evolve","Spot Weakness","Power Through","Shrug It Off","Heavy Blade+1","Whirlwind+1","Carnage","Fiend Fire","Armaments+1","Sword Boomerang"],"special_seed":0,"relics":["Philosopher\u0027s Stone","Self Forming Clay","StoneCalendar","Dodecahedron","Sozu"],"potions_floor_usage":[24],"damage_taken":[{"damage":4.0,"enemies":"Small Slimes","floor":1.0,"turns":3.0},{"damage":11.0,"enemies":"Jaw Worm","floor":4.0,"turns":4.0},{"damage":2.0,"enemies":"Cultist","floor":6.0,"turns":5.0},{"damage":16.0,"enemies":"3 Sentries","floor":8.0,"turns":7.0},{"damage":3.0,"enemies":"Exordium Thugs","floor":10.0,"turns":5.0},{"damage":9.0,"enemies":"Gremlin Nob","floor":11.0,"turns":3.0},{"damage":14.0,"enemies":"Blue Slaver","floor":14.0,"turns":3.0},{"damage":24.0,"enemies":"Slime Boss","floor":16.0,"turns":7.0},{"damage":0.0,"enemies":"3 Byrds","floor":18.0,"turns":3.0},{"damage":17.0,"enemies":"Shell Parasite","floor":19.0,"turns":5.0},{"damage":0,"enemies":"Cultist and Chosen","floor":24,"turns":3},{"damage":22,"enemies":"Gremlin Leader","floor":25,"turns":4}],"seed_played":"-3953356113491738061","potions_obtained":[{"floor":4.0,"key":"SteroidPotion"},{"floor":8.0,"key":"Energy Potion"}],"is_trial":false,"path_per_floor":["M","?","?","M","$","M","R","E","T","M","E","R","T","M","R","B",null,"M","M","?","?","?","R","M","E"],"character_chosen":"IRONCLAD","items_purchased":["Shrug It Off"],"campfire_rested":1,"item_purchase_floors":[5],"current_hp_per_floor":[64,64,64,53,53,51,51,35,35,32,23,23,23,9,31,7,58,58,41,41,41,41,41,41,19],"gold":280,"neow_bonus":"BOSS_RELIC","is_prod":false,"is_daily":false,"chose_seed":false,"campfire_upgraded":3,"win_rate":0,"timestamp":1559475395,"path_taken":["M","?","?","?","$","M","R","E","T","M","E","R","?","M","R","BOSS","M","M","?","?","?","R","M","E"],"build_version":"2019-01-23","purchased_purges":1,"victory":false,"max_hp_per_floor":[75,75,75,75,75,75,75,75,75,75,75,75,75,75,75,75,75,75,75,75,75,75,75,75,75],"card_choices":[{"not_picked":["Anger","Searing Blow"],"picked":"Evolve","floor":1.0},{"not_picked":["Anger","Searing Blow"],"picked":"Power Through","floor":4.0},{"not_picked":["Shrug It Off","Thunderclap"],"picked":"Heavy Blade","floor":6.0},{"not_picked":["Spot Weakness","Carnage"],"picked":"Whirlwind","floor":8.0},{"not_picked":["Battle Trance","Body Slam"],"picked":"Carnage","floor":10.0},{"not_picked":["Thunderclap","Perfected Strike","Carnage"],"picked":"SKIP","floor":11.0},{"not_picked":["Whirlwind","Seeing Red","Sever Soul"],"picked":"SKIP","floor":14.0},{"not_picked":["Juggernaut","Offering"],"picked":"Fiend Fire","floor":16.0},{"not_picked":["Body Slam","Inflame"],"picked":"Armaments","floor":18.0},{"not_picked":["Searing Blow","Dropkick","Rupture"],"picked":"SKIP","floor":19.0},{"not_picked":["Anger","Burning Pact"],"picked":"Sword Boomerang","floor":24}],"player_experience":962638,"relics_obtained":[{"floor":8.0,"key":"Self Forming Clay"},{"floor":11.0,"key":"StoneCalendar"},{"floor":13.0,"key":"Dodecahedron"}],"event_choices":[{"cards_removed":["Strike_R"],"damage_healed":0.0,"max_hp_gain":0.0,"max_hp_loss":0.0,"gold_gain":0.0,"event_name":"Living Wall","player_choice":"Forget","floor":2.0,"gold_loss":0.0,"damage_taken":0.0},{"damage_healed":0.0,"max_hp_gain":0.0,"max_hp_loss":0.0,"gold_gain":0.0,"cards_transformed":["Strike_R"],"event_name":"Transmorgrifier","player_choice":"Transformed","floor":3.0,"gold_loss":0.0,"damage_taken":0.0,"cards_obtained":["Spot Weakness"]},{"damage_healed":0.0,"max_hp_gain":0.0,"max_hp_loss":0.0,"gold_gain":0.0,"event_name":"Vampires","player_choice":"Ignored","floor":20.0,"gold_loss":0.0,"damage_taken":0.0},{"damage_healed":0.0,"max_hp_gain":0.0,"max_hp_loss":0.0,"gold_gain":0.0,"event_name":"The Mausoleum","player_choice":"Ignored","floor":21.0,"gold_loss":0.0,"damage_taken":0.0},{"damage_healed":0.0,"max_hp_gain":0.0,"max_hp_loss":0.0,"gold_gain":50.0,"event_name":"Nest","player_choice":"Stole From Cult","floor":22.0,"gold_loss":0.0,"damage_taken":0.0}],"is_beta":false,"boss_relics":[{"not_picked":["Orrery","Fusion Hammer"],"picked":"Sozu"}],"items_purged_floors":[5],"is_endless":false,"potions_floor_spawned":[4,8,10,19,24],"killed_by":"Gremlin Leader","ascension_level":20}