{"gold_per_floor":[109,109,109,128,128,158,175,189,259,271,271,303,315,329,329,408,408,424,349,349,83,96,96,116,132,132,142,161,161,161,181,181,257,257,276,276,40,40,7,40,40,51,76,89,89,103,115,148,148,148,148,148,148,18,48,48],"floor_reached":57,"playtime":3136,"items_purged":["Strike_R"],"score":3281,"play_id":"58858761-b456-4418-99e4-fa3ed55d1e1d","local_time":"20190517225704","is_ascension_mode":true,"campfire_choices":[{"floor":11.0,"key":"REST"},{"data":"Whirlwind","floor":15.0,"key":"SMITH"},{"floor":23.0,"key":"REST"},{"floor":29.0,"key":"REST"},{"floor":32.0,"key":"REST"},{"floor":45.0,"key":"RECALL"},{"data":"Offering","floor":49,"key":"SMITH"},{"data":"Corruption","floor":53,"key":"SMITH"}],"neow_cost":"NONE","seed_source_timestamp":82301503808143,"circlet_count":0,"master_deck":["AscendersBane","Strike_R","Defend_R","Defend_R","Defend_R","Defend_R","Bash+1","Juggernaut","Battle Trance","Rampage","Offering+1","Inflame","Sword Boomerang","Power Through+1","Exhume+1","Apotheosis+1","Feel No Pain","Limit Break+1","Corruption+1","True Grit+1","Offering+1","Master of Strategy+1","Panache","Purity+1","Corruption","Bloodletting+1","Feel No Pain+1","Havoc+1","True Grit+1","Barricade","Second Wind+1"],"special_seed":0,"relics":["Burning Blood","Dead Branch","Toxic Egg 2","Orichalcum","Mark of Pain","Enchiridion","The Courier","White Beast Statue","Unceasing Top","Ginger","Bag of Preparation"],"potions_floor_usage":[48,55,56,56],"damage_taken":[{"damage":6.0,"enemies":"2 Louse","floor":1.0,"turns":4.0},{"damage":4.0,"enemies":"Jaw Worm","floor":4.0,"turns":4.0},{"damage":50.0,"enemies":"3 Sentries","floor":6.0,"turns":10.0},{"damage":1.0,"enemies":"Cultist","floor":7.0,"turns":3.0},{"damage":6.0,"enemies":"Large Slime","floor":8.0,"turns":4.0},{"damage":8.0,"enemies":"3 Louse","floor":10.0,"turns":3.0},{"damage":6.0,"enemies":"Gremlin Nob","floor":12.0,"turns":2.0},{"damage":8.0,"enemies":"Blue Slaver","floor":13.0,"turns":4.0},{"damage":13.0,"enemies":"Exordium Wildlife","floor":14.0,"turns":4.0},{"damage":18.0,"enemies":"Slime Boss","floor":16.0,"turns":7.0},{"damage":8.0,"enemies":"3 Byrds","floor":18.0,"turns":3.0},{"damage":18.0,"enemies":"2 Thieves","floor":22.0,"turns":3.0},{"damage":16.0,"enemies":"Sentry and Sphere","floor":24.0,"turns":4.0},{"damage":24.0,"enemies":"Snake Plant","floor":25.0,"turns":3.0},{"damage":16.0,"enemies":"Chosen and Byrds","floor":27.0,"turns":4.0},{"damage":15.0,"enemies":"Sentry and Sphere","floor":28.0,"turns":8.0},{"damage":17.0,"enemies":"Colosseum Slavers","floor":30.0,"turns":4.0},{"damage":9.0,"enemies":"Snake Plant","floor":31.0,"turns":3.0},{"damage":17.0,"enemies":"Automaton","floor":33.0,"turns":9.0},{"damage":32.0,"enemies":"Orb Walker","floor":35.0,"turns":4.0},{"damage":18.0,"enemies":"Nemesis","floor":40.0,"turns":3.0},{"damage":6.0,"enemies":"3 Darklings","floor":42.0,"turns":2.0},{"damage":3.0,"enemies":"Spire Growth","floor":44.0,"turns":3.0},{"damage":0.0,"enemies":"Maw","floor":46.0,"turns":5.0},{"damage":6.0,"enemies":"Writhing Mass","floor":47.0,"turns":2.0},{"damage":9,"enemies":"Giant Head","floor":48,"turns":3},{"damage":15,"enemies":"Awakened One","floor":50,"turns":6},{"damage":12,"enemies":"Time Eater","floor":51,"turns":5},{"damage":6,"enemies":"Shield and Spear","floor":55,"turns":3},{"damage":26,"enemies":"The Heart","floor":56,"turns":8}],"seed_played":"-5640391613376637512","potions_obtained":[{"floor":1.0,"key":"AttackPotion"},{"floor":4.0,"key":"Dexterity Potion"},{"floor":13.0,"key":"SteroidPotion"},{"floor":16.0,"key":"SkillPotion"},{"floor":25.0,"key":"BloodPotion"},{"floor":27.0,"key":"LiquidBronze"},{"floor":31.0,"key":"SteroidPotion"},{"floor":40.0,"key":"GamblersBrew"},{"floor":42.0,"key":"GamblersBrew"},{"floor":44.0,"key":"Regen Potion"},{"floor":46.0,"key":"Strength Potion"},{"floor":47.0,"key":"Explosive Potion"},{"floor":48,"key":"Swift Potion"},{"floor":55,"key":"Regen Potion"}],"is_trial":false,"path_per_floor":["M","?","?","M","?","E","M","M","T","M","R","E","M","M","R","B",null,"M","?","?","$","M","R","M","M","T","M","M","R","?","M","R","B",null,"M","?","$","?","$","E","?","M","T","M","R","M","M","E","R","B","B",null,"R","$","E","B",null],"character_chosen":"IRONCLAD","items_purchased":["Apotheosis+1","Corruption","True Grit+1","Offering+1","Corruption","Barricade"],"campfire_rested":4,"item_purchase_floors":[21,37,37,37,39,54],"current_hp_per_floor":[68,61,61,63,63,19,24,24,24,22,44,44,42,35,35,23,62,60,60,39,39,27,49,39,21,21,18,9,31,20,17,39,28,63,37,61,61,51,51,39,39,39,39,42,42,60,60,57,57,48,42,56,56,56,56,51],"gold":48,"neow_bonus":"ONE_RANDOM_RARE_CARD","is_prod":false,"is_daily":false,"chose_seed":false,"campfire_upgraded":3,"win_rate":0,"timestamp":1558105024,"path_taken":["M","?","?","?","?","E","M","M","T","M","R","E","M","M","R","BOSS","M","?","?","?","M","R","M","?","T","M","M","R","?","M","R","BOSS","M","?","$","?","$","E","?","M","T","?","R","M","M","E","R","BOSS","BOSS","R","$","E","BOSS"],"build_version":"2019-01-23","purchased_purges":1,"victory":true,"max_hp_per_floor":[75,75,75,75,75,75,75,75,75,75,75,75,75,75,75,75,75,75,75,75,75,75,75,75,75,75,75,75,75,75,75,75,75,75,75,61,61,61,61,61,61,61,61,61,61,61,61,61,61,61,61,61,61,61,61,61],"card_choices":[{"not_picked":["True Grit","Iron Wave"],"picked":"Battle Trance","floor":1.0},{"not_picked":["Shrug It Off","Twin Strike"],"picked":"Rampage","floor":4.0},{"not_picked":["Wild Strike","Anger"],"picked":"Offering","floor":6.0},{"not_picked":["Headbutt","Wild Strike"],"picked":"Inflame","floor":7.0},{"not_picked":["Iron Wave","Fire Breathing","Wild Strike"],"picked":"SKIP","floor":8.0},{"not_picked":["Iron Wave","Body Slam"],"picked":"Sword Boomerang","floor":10.0},{"not_picked":["Flex+1","True Grit+1"],"picked":"Power Through+1","floor":12.0},{"not_picked":["Body Slam","Sever Soul","Shrug It Off+1"],"picked":"SKIP","floor":13.0},{"not_picked":["Bloodletting+1","Warcry+1"],"picked":"Whirlwind","floor":14.0},{"not_picked":["Dark Embrace","Bludgeon"],"picked":"Exhume+1","floor":16.0},{"not_picked":["Spot Weakness+1","Anger","Twin Strike"],"picked":"SKIP","floor":18.0},{"not_picked":["Sever Soul","Armaments+1","Clash"],"picked":"SKIP","floor":22.0},{"not_picked":["Iron Wave","Sever Soul","Body Slam"],"picked":"SKIP","floor":24.0},{"not_picked":["Reckless Charge","Iron Wave","Headbutt"],"picked":"SKIP","floor":25.0},{"not_picked":["Intimidate+1","Sword Boomerang","Spot Weakness+1"],"picked":"SKIP","floor":27.0},{"not_picked":["Clothesline","Anger","Flex+1"],"picked":"SKIP","floor":28.0},{"not_picked":["Cleave","Flex+1"],"picked":"Feel No Pain","floor":31.0},{"not_picked":["Brutality","Dark Embrace"],"picked":"Limit Break+1","floor":33.0},{"not_picked":["Inflame","Headbutt","Sword Boomerang"],"picked":"SKIP","floor":35.0},{"not_picked":["Swift Strike","Panacea+1"],"picked":"Master of Strategy+1","floor":38.0},{"not_picked":["Dark Shackles+1","Mind Blast"],"picked":"Panache","floor":38.0},{"not_picked":["Flash of Steel","Trip+1"],"picked":"Purity+1","floor":38.0},{"not_picked":["Rupture","Pommel Strike"],"picked":"Bloodletting+1","floor":40.0},{"not_picked":["Clash+1","Headbutt","Perfected Strike"],"picked":"SKIP","floor":42.0},{"not_picked":["True Grit+1","Twin Strike+1"],"picked":"Feel No Pain+1","floor":44.0},{"not_picked":["Flex+1","Wild Strike"],"picked":"Havoc+1","floor":46.0},{"not_picked":["Power Through+1","Pommel Strike","Anger"],"picked":"SKIP","floor":47.0},{"not_picked":["Bludgeon","Infernal Blade+1"],"picked":"True Grit+1","floor":48},{"not_picked":["Flex+1","Anger"],"picked":"Second Wind+1","floor":55}],"player_experience":863838,"relics_obtained":[{"floor":6.0,"key":"Dead Branch"},{"floor":9.0,"key":"Toxic Egg 2"},{"floor":12.0,"key":"Orichalcum"},{"floor":20.0,"key":"Enchiridion"},{"floor":26.0,"key":"The Courier"},{"floor":40.0,"key":"Unceasing Top"},{"floor":48,"key":"Ginger"},{"floor":55,"key":"Bag of Preparation"}],"event_choices":[{"cards_removed":["Strike_R"],"damage_healed":0.0,"max_hp_gain":0.0,"max_hp_loss":0.0,"gold_gain":0.0,"event_name":"Golden Wing","player_choice":"Card Removal","floor":2.0,"gold_loss":0.0,"damage_taken":7.0},{"damage_healed":0.0,"max_hp_gain":0.0,"max_hp_loss":0.0,"gold_gain":0.0,"event_name":"Upgrade Shrine","player_choice":"Upgraded","floor":3.0,"gold_loss":0.0,"damage_taken":0.0,"cards_upgraded":["Bash"]},{"cards_removed":["Strike_R"],"damage_healed":0.0,"max_hp_gain":0.0,"max_hp_loss":0.0,"gold_gain":0.0,"event_name":"Living Wall","player_choice":"Forget","floor":5.0,"gold_loss":0.0,"damage_taken":0.0},{"cards_removed":["Strike_R"],"damage_healed":0.0,"max_hp_gain":0.0,"max_hp_loss":0.0,"gold_gain":0.0,"event_name":"Beggar","player_choice":"Gave Gold","floor":19.0,"gold_loss":75.0,"damage_taken":0.0},{"damage_healed":0.0,"max_hp_gain":0.0,"max_hp_loss":0.0,"gold_gain":0.0,"event_name":"Cursed Tome","player_choice":"Obtained Book","floor":20.0,"gold_loss":0.0,"damage_taken":21.0},{"damage_healed":0.0,"max_hp_gain":0.0,"max_hp_loss":0.0,"gold_gain":0.0,"event_name":"Colosseum","player_choice":"Fight","floor":30.0,"gold_loss":0.0,"damage_taken":0.0},{"damage_healed":0.0,"max_hp_gain":0.0,"max_hp_loss":0.0,"gold_gain":0.0,"event_name":"Colosseum","player_choice":"Fled From Nobs","floor":30.0,"gold_loss":0.0,"damage_taken":0.0},{"damage_healed":61.0,"max_hp_gain":0.0,"max_hp_loss":14.0,"gold_gain":0.0,"event_name":"The Moai Head","player_choice":"Heal","floor":36.0,"gold_loss":0.0,"damage_taken":0.0},{"damage_healed":0.0,"max_hp_gain":0.0,"max_hp_loss":0.0,"gold_gain":0.0,"event_name":"SensoryStone","player_choice":"Memory 3","floor":38.0,"gold_loss":0.0,"damage_taken":10.0},{"cards_removed":["Whirlwind"],"damage_healed":0.0,"max_hp_gain":0.0,"max_hp_loss":0.0,"gold_gain":0.0,"event_name":"Falling","player_choice":"Removed Attack","floor":41.0,"gold_loss":0.0,"damage_taken":0.0}],"is_beta":false,"boss_relics":[{"not_picked":["Snecko Eye","Velvet Choker"],"picked":"Mark of Pain"},{"not_picked":["Black Blood","Coffee Dripper"],"picked":"White Beast Statue"}],"items_purged_floors":[21],"is_endless":false,"potions_floor_spawned":[1,4,13,16,25,27,31,33,35,40,42,44,46,47,48,55],"ascension_level":20}