{"gold_per_floor":[119,119,119,132,42,73,73,85,138,138,138,156,156,171,171,244,244,258,284,301,318,34,34,49,49,49,67,67,78,78,88,88,162,162,178,78,78,90,110,110,137,137,137,12,29,29,29,129,129,129,129,129,129,49,77,77],"floor_reached":57,"playtime":4147,"items_purged":["Strike_G","Strike_G","Strike_G"],"score":2614,"play_id":"31ed5477-448e-4eaf-af00-22401b2bc1da","local_time":"20190702131509","is_ascension_mode":true,"campfire_choices":[{"data":"Bane","floor":7.0,"key":"SMITH"},{"data":"Malaise","floor":10.0,"key":"SMITH"},{"data":"Bouncing Flask","floor":15.0,"key":"SMITH"},{"data":"Tactician","floor":23.0,"key":"SMITH"},{"data":"Acrobatics","floor":25.0,"key":"SMITH"},{"data":"Calculated Gamble","floor":28.0,"key":"SMITH"},{"data":"Calculated Gamble","floor":32.0,"key":"SMITH"},{"data":"Well Laid Plans","floor":40.0,"key":"SMITH"},{"floor":42.0,"key":"RECALL"},{"data":"Adrenaline","floor":46.0,"key":"SMITH"},{"data":"Deep Breath","floor":49.0,"key":"SMITH"},{"data":"Backflip","floor":53.0,"key":"SMITH"}],"neow_cost":"NONE","seed_source_timestamp":0,"circlet_count":0,"master_deck":["AscendersBane","Defend_G","Defend_G","Defend_G+1","Defend_G","Defend_G","Survivor+1","Neutralize","Poisoned Stab","Bane+1","Malaise+1","Well Laid Plans+1","Deadly Poison","Bouncing Flask+1","Adrenaline+1","Calculated Gamble+1","Backflip+1","Tactician+1","Acrobatics+1","Noxious Fumes","Calculated Gamble+1","Reflex+1","Escape Plan","After Image","Deep Breath+1","Thinking Ahead"],"special_seed":0,"relics":["Ring of the Snake","NeowsBlessing","Centennial Puzzle","Tingsha","Tiny Chest","Orrery","Oddly Smooth Stone","Prayer Wheel","Eternal Feather","Bottled Lightning","Du-Vu Doll","Letter Opener"],"potions_floor_usage":[56],"damage_taken":[{"damage":0.0,"enemies":"Small Slimes","floor":1.0,"turns":1.0},{"damage":0.0,"enemies":"Cultist","floor":4.0,"turns":1.0},{"damage":0.0,"enemies":"Gremlin Nob","floor":6.0,"turns":1.0},{"damage":1.0,"enemies":"2 Louse","floor":8.0,"turns":3.0},{"damage":0.0,"enemies":"Blue Slaver","floor":12.0,"turns":5.0},{"damage":1.0,"enemies":"2 Fungi Beasts","floor":14.0,"turns":4.0},{"damage":10.0,"enemies":"Hexaghost","floor":16.0,"turns":8.0},{"damage":0.0,"enemies":"Spheric Guardian","floor":18.0,"turns":3.0},{"damage":6.0,"enemies":"2 Thieves","floor":20.0,"turns":4.0},{"damage":11.0,"enemies":"Snecko","floor":21.0,"turns":7.0},{"damage":2.0,"enemies":"Centurion and Healer","floor":24.0,"turns":6.0},{"damage":10.0,"enemies":"Shelled Parasite and Fungi","floor":27.0,"turns":5.0},{"damage":7.0,"enemies":"Cultist and Chosen","floor":29.0,"turns":5.0},{"damage":0.0,"enemies":"Snake Plant","floor":31.0,"turns":3.0},{"damage":7.0,"enemies":"Automaton","floor":33.0,"turns":8.0},{"damage":0.0,"enemies":"3 Shapes","floor":35.0,"turns":4.0},{"damage":3.0,"enemies":"3 Darklings","floor":38.0,"turns":3.0},{"damage":11.0,"enemies":"Transient","floor":39.0,"turns":6.0},{"damage":18.0,"enemies":"Reptomancer","floor":41.0,"turns":3.0},{"damage":0.0,"enemies":"Spire Growth","floor":45.0,"turns":2.0},{"damage":0.0,"enemies":"Mind Bloom Boss Battle","floor":48.0,"turns":3.0},{"damage":15.0,"enemies":"Donu and Deca","floor":50.0,"turns":8.0},{"damage":14.0,"enemies":"Time Eater","floor":51.0,"turns":8.0},{"damage":0.0,"enemies":"Shield and Spear","floor":55.0,"turns":1.0},{"damage":57,"enemies":"The Heart","floor":56,"turns":7}],"seed_played":"6638434015177601767","potions_obtained":[{"floor":4.0,"key":"PowerPotion"},{"floor":12.0,"key":"FairyPotion"},{"floor":20.0,"key":"Dexterity Potion"},{"floor":24.0,"key":"FearPotion"},{"floor":29.0,"key":"AttackPotion"}],"is_trial":false,"path_per_floor":["M","?","?","M","$","E","R","M","T","R","?","M","?","M","R","B",null,"M","T","M","M","$","R","M","R","T","M","R","M","$","M","R","B",null,"M","$","?","M","M","R","E","R","T","$","M","R","?","?","R","B","B",null,"R","$","E","B",null],"character_chosen":"THE_SILENT","items_purchased":["Malaise","Tactician","Acrobatics","Noxious Fumes","GamblersBrew"],"campfire_rested":0,"item_purchase_floors":[5,22,22,22,54],"current_hp_per_floor":[59,41,34,34,34,34,34,33,33,33,13,13,13,12,12,2,50,50,50,44,33,33,33,31,31,31,21,21,14,14,14,14,7,51,51,51,51,48,37,52,34,49,49,49,49,61,56,56,63,48,34,56,63,63,63,6],"gold":77,"neow_bonus":"THREE_ENEMY_KILL","is_prod":false,"is_daily":false,"chose_seed":false,"campfire_upgraded":11,"win_rate":0,"timestamp":1562044509,"path_taken":["M","?","?","M","$","E","R","M","T","R","?","M","?","M","R","BOSS","M","?","M","M","$","R","?","R","T","M","R","M","?","M","R","BOSS","M","$","?","M","M","R","E","R","T","$","M","R","?","?","R","BOSS","BOSS","R","$","E","BOSS"],"build_version":"2019-07-01","purchased_purges":3,"victory":true,"max_hp_per_floor":[66,66,66,66,66,66,66,66,66,66,66,66,66,66,66,66,66,66,66,66,66,66,66,66,66,66,66,66,66,66,66,66,66,66,66,66,63,63,63,63,63,63,63,63,63,63,63,63,63,63,63,63,63,63,63,63],"card_choices":[{"not_picked":["Flying Knee","Choke"],"picked":"Poisoned Stab","floor":1.0},{"not_picked":["Flechettes","Blade Dance"],"picked":"Bane","floor":4.0},{"not_picked":["Acrobatics","Predator"],"picked":"Well Laid Plans","floor":6.0},{"not_picked":["Finisher","Underhanded Strike"],"picked":"Deadly Poison","floor":8.0},{"not_picked":["Distraction","Grand Finale","Deflect"],"picked":"SKIP","floor":12.0},{"not_picked":["Outmaneuver","Eviscerate","Skewer"],"picked":"SKIP","floor":14.0},{"not_picked":["Storm of Steel","Glass Knife"],"picked":"Adrenaline","floor":16.0},{"not_picked":["Blade Dance","Underhanded Strike"],"picked":"Calculated Gamble","floor":17.0},{"not_picked":["Blade Dance","Sucker Punch"],"picked":"Backflip","floor":17.0},{"not_picked":["Poisoned Stab","Flying Knee","Well Laid Plans"],"picked":"SKIP","floor":18.0},{"not_picked":["Distraction","Blur","Quick Slash"],"picked":"SKIP","floor":20.0},{"not_picked":["Sucker Punch","Outmaneuver","Tools of the Trade"],"picked":"SKIP","floor":21.0},{"not_picked":["Acrobatics","Expertise","Outmaneuver"],"picked":"SKIP","floor":24.0},{"not_picked":["Backflip","Flechettes+1"],"picked":"Calculated Gamble","floor":27.0},{"not_picked":["Deadly Poison","Acrobatics","Quick Slash"],"picked":"SKIP","floor":27.0},{"not_picked":["Deadly Poison","Cloak And Dagger"],"picked":"Reflex+1","floor":29.0},{"not_picked":["Grand Finale","Acrobatics","Dagger Spray"],"picked":"SKIP","floor":29.0},{"not_picked":["Grand Finale","Acrobatics","Dagger Spray"],"picked":"SKIP","floor":29.0},{"not_picked":["Calculated Gamble","PiercingWail"],"picked":"Escape Plan","floor":31.0},{"not_picked":["Dagger Throw","Distraction","Blade Dance"],"picked":"SKIP","floor":31.0},{"not_picked":["Malaise","Wraith Form v2"],"picked":"After Image","floor":33.0},{"not_picked":["Quick Slash","Poisoned Stab","Blade Dance"],"picked":"SKIP","floor":35.0},{"not_picked":["Choke","Deadly Poison","Bane+1"],"picked":"SKIP","floor":35.0},{"not_picked":["Dodge and Roll","Backflip","Dagger Spray"],"picked":"SKIP","floor":38.0},{"not_picked":["Riddle With Holes","PiercingWail","Outmaneuver"],"picked":"SKIP","floor":38.0},{"not_picked":["Poisoned Stab","Dash","Dodge and Roll"],"picked":"SKIP","floor":39.0},{"not_picked":["Blur+1","Dodge and Roll","Footwork+1"],"picked":"SKIP","floor":39.0},{"not_picked":["Finisher","Acrobatics","Blur"],"picked":"SKIP","floor":41.0},{"not_picked":["Eviscerate+1","Cloak And Dagger","Poisoned Stab"],"picked":"SKIP","floor":45.0},{"not_picked":["Flying Knee","Dagger Throw+1","Dash"],"picked":"SKIP","floor":45.0},{"not_picked":["Enlightenment","Mind Blast"],"picked":"Deep Breath","floor":47.0},{"not_picked":["Forethought","Flash of Steel"],"picked":"Thinking Ahead","floor":47.0},{"not_picked":["Riddle With Holes","Underhanded Strike","Masterful Stab"],"picked":"SKIP","floor":55.0}],"player_experience":1040152,"relics_obtained":[{"floor":6.0,"key":"Tingsha"},{"floor":9.0,"key":"Tiny Chest"},{"floor":19.0,"key":"Oddly Smooth Stone"},{"floor":26.0,"key":"Prayer Wheel"},{"floor":41.0,"key":"Bottled Lightning"},{"floor":48.0,"key":"Du-Vu Doll"},{"floor":55.0,"key":"Letter Opener"}],"event_choices":[{"damage_healed":0.0,"max_hp_gain":0.0,"max_hp_loss":0.0,"gold_gain":0.0,"event_name":"Scrap Ooze","player_choice":"Success","floor":2.0,"gold_loss":0.0,"damage_taken":18.0,"relics_obtained":["Centennial Puzzle"]},{"cards_removed":["Strike_G"],"damage_healed":0.0,"max_hp_gain":0.0,"max_hp_loss":0.0,"gold_gain":0.0,"event_name":"Golden Wing","player_choice":"Card Removal","floor":3.0,"gold_loss":0.0,"damage_taken":7.0},{"damage_healed":0.0,"max_hp_gain":0.0,"max_hp_loss":0.0,"gold_gain":0.0,"event_name":"Shining Light","player_choice":"Entered Light","floor":11.0,"gold_loss":0.0,"damage_taken":20.0,"cards_upgraded":["Survivor","Defend_G"]},{"damage_healed":0.0,"max_hp_gain":0.0,"max_hp_loss":0.0,"gold_gain":0.0,"cards_transformed":["Strike_G"],"event_name":"Transmorgrifier","player_choice":"Transformed","floor":13.0,"gold_loss":0.0,"damage_taken":0.0,"cards_obtained":["Bouncing Flask"]},{"damage_healed":0.0,"max_hp_gain":0.0,"max_hp_loss":3.0,"gold_gain":0.0,"event_name":"Winding Halls","player_choice":"Max HP","floor":37.0,"gold_loss":0.0,"damage_taken":0.0},{"damage_healed":0.0,"max_hp_gain":0.0,"max_hp_loss":0.0,"gold_gain":0.0,"event_name":"SensoryStone","player_choice":"Memory 2","floor":47.0,"gold_loss":0.0,"damage_taken":5.0},{"damage_healed":0.0,"max_hp_gain":0.0,"max_hp_loss":0.0,"gold_gain":0.0,"event_name":"MindBloom","player_choice":"Fight","floor":48.0,"gold_loss":0.0,"damage_taken":0.0}],"is_beta":false,"boss_relics":[{"not_picked":["HoveringKite","Velvet Choker"],"picked":"Orrery"},{"not_picked":["Ring of the Serpent","Runic Pyramid"],"picked":"Eternal Feather"}],"items_purged_floors":[22,36,44],"is_endless":false,"potions_floor_spawned":[4,12,16,20,21,24,29,38,39],"ascension_level":20}