{"gold_per_floor":[109,126,205,93,93,93,124,124,124,124,144,162,194,211,211,290,290,306,370,420,470,216,248,248,268,294,344,374,444,40,69,69,144,144,154,214,264,264],"floor_reached":38,"playtime":1445,"items_purged":["Defend_G","Skewer","Dash"],"score":1134,"play_id":"173884d0-9fb7-484b-81aa-34fe15860cb4","local_time":"20190712103505","is_ascension_mode":true,"campfire_choices":[{"data":"Neutralize","floor":6.0,"key":"SMITH"},{"data":"Finisher","floor":8.0,"key":"SMITH"},{"data":"Footwork","floor":10.0,"key":"SMITH"},{"data":"Masterful Stab","floor":15.0,"key":"SMITH"},{"floor":24,"key":"REST"},{"data":"Footwork","floor":32,"key":"SMITH"}],"neow_cost":"NONE","seed_source_timestamp":77504428534775,"circlet_count":0,"master_deck":["AscendersBane","Survivor","Neutralize+1","Footwork+1","Acrobatics","Finisher+1","Masterful Stab+1","Adrenaline","A Thousand Cuts","Reflex","Footwork+1","Die Die Die","Die Die Die","Quick Slash+1","Dagger Spray+1","Malaise","Backflip","Well Laid Plans","PiercingWail","Dodge and Roll+1","Die Die Die+1","Footwork","Footwork","Backflip"],"special_seed":0,"relics":["Ring of the Snake","NeowsBlessing","Matryoshka","SsserpentHead","Pen Nib","Omamori","War Paint","Pandora\u0027s Box","Molten Egg 2","Whetstone","Lantern","Happy Flower","Bag of Marbles","Mango","Pantograph","Anchor","Orrery"],"potions_floor_usage":[23],"damage_taken":[{"damage":0.0,"enemies":"Cultist","floor":1.0,"turns":1.0},{"damage":0.0,"enemies":"Small Slimes","floor":2.0,"turns":2.0},{"damage":0.0,"enemies":"Lagavulin","floor":7.0,"turns":1.0},{"damage":2.0,"enemies":"Jaw Worm","floor":11.0,"turns":3.0},{"damage":3.0,"enemies":"Looter","floor":12.0,"turns":4.0},{"damage":43.0,"enemies":"Gremlin Nob","floor":13.0,"turns":6.0},{"damage":1.0,"enemies":"Red Slaver","floor":14.0,"turns":3.0},{"damage":0.0,"enemies":"Slime Boss","floor":16.0,"turns":7.0},{"damage":0,"enemies":"Chosen","floor":18,"turns":3},{"damage":7,"enemies":"Shell Parasite","floor":19,"turns":3},{"damage":26,"enemies":"Slavers","floor":23,"turns":5},{"damage":2,"enemies":"Snecko","floor":25,"turns":4},{"damage":0,"enemies":"Gremlin Leader","floor":28,"turns":4},{"damage":0,"enemies":"Sentry and Sphere","floor":29,"turns":2},{"damage":7,"enemies":"Slavers","floor":31,"turns":2},{"damage":64,"enemies":"Champ","floor":33,"turns":16},{"damage":0,"enemies":"3 Shapes","floor":35,"turns":1},{"damage":0,"enemies":"Orb Walker","floor":36,"turns":3},{"damage":0,"enemies":"Sphere and 2 Shapes","floor":38,"turns":2}],"seed_played":"-3641518102018515605","potions_obtained":[{"floor":1.0,"key":"Dexterity Potion"},{"floor":2.0,"key":"Strength Potion"},{"floor":7.0,"key":"EntropicBrew"},{"floor":19,"key":"EssenceOfSteel"},{"floor":23,"key":"SmokeBomb"},{"floor":27,"key":"Swift Potion"},{"floor":29,"key":"Regen Potion"}],"is_trial":false,"path_per_floor":["M","M","T","$","?","R","E","R","T","R","M","M","E","M","R","B",null,"M","M","?","?","$","E","R","M","T","?","E","M","$","E","R","B",null,"M","M","?","M"],"character_chosen":"THE_SILENT","items_purchased":["Dash","Whetstone","Well Laid Plans","Pantograph"],"campfire_rested":1,"item_purchase_floors":[4,22,22,30],"current_hp_per_floor":[59,59,59,59,59,59,59,59,59,59,57,54,11,10,10,10,52,52,45,45,45,45,19,38,36,36,36,50,50,50,43,43,4,61,61,61,61,61],"gold":264,"neow_bonus":"THREE_ENEMY_KILL","is_prod":false,"is_daily":false,"chose_seed":false,"campfire_upgraded":5,"win_rate":0,"timestamp":1562898905,"path_taken":["M","M","?","$","?","R","E","R","T","R","M","M","E","M","R","BOSS","M","?","?","?","?","E","R","M","T","?","E","?","$","E","R","BOSS","M","?","?","M"],"build_version":"2019-07-05","purchased_purges":3,"victory":false,"max_hp_per_floor":[66,66,66,66,66,66,66,66,66,66,66,66,66,66,66,66,66,66,66,66,66,66,66,66,66,66,66,80,80,80,80,80,80,80,80,80,80,80],"card_choices":[{"not_picked":["Slice","Accuracy"],"picked":"Footwork","floor":1.0},{"not_picked":["Prepared","Bane"],"picked":"Acrobatics","floor":2.0},{"not_picked":["Backflip","Slice"],"picked":"Finisher","floor":7.0},{"not_picked":["Leg Sweep","Dagger Throw","Quick Slash"],"picked":"SKIP","floor":11.0},{"not_picked":["Dagger Spray","Dagger Throw","Expertise"],"picked":"SKIP","floor":12.0},{"not_picked":["Dagger Spray","Setup"],"picked":"Masterful Stab","floor":13.0},{"not_picked":["Deadly Poison","Setup","Leg Sweep"],"picked":"SKIP","floor":14.0},{"not_picked":["Die Die Die","Glass Knife"],"picked":"Adrenaline","floor":16.0},{"not_picked":["Backflip","Quick Slash","Noxious Fumes+1"],"picked":"SKIP","floor":18},{"not_picked":["Deflect","Underhanded Strike"],"picked":"Backflip","floor":19},{"not_picked":["PiercingWail","Accuracy+1","Concentrate"],"picked":"SKIP","floor":23},{"not_picked":["Sucker Punch+1","Choke+1","Accuracy"],"picked":"SKIP","floor":25},{"not_picked":["Underhanded Strike+1","Flying Knee+1"],"picked":"PiercingWail","floor":28},{"not_picked":["Acrobatics","Deadly Poison"],"picked":"Dodge and Roll+1","floor":29},{"not_picked":["Prepared","Bane+1"],"picked":"Die Die Die+1","floor":31},{"not_picked":["Flechettes+1","Acrobatics"],"picked":"Footwork","floor":34},{"not_picked":["Backstab+1","Concentrate"],"picked":"Footwork","floor":34},{"not_picked":["Accuracy","PiercingWail"],"picked":"Backflip","floor":34},{"not_picked":["Underhanded Strike+1","Dodge and Roll","Dagger Spray+1"],"picked":"SKIP","floor":35},{"not_picked":["Backflip","Underhanded Strike+1","Flying Knee+1"],"picked":"SKIP","floor":36}],"player_experience":1106568,"relics_obtained":[{"floor":3.0,"key":"Matryoshka"},{"floor":7.0,"key":"Pen Nib"},{"floor":9.0,"key":"Omamori"},{"floor":13.0,"key":"War Paint"},{"floor":23,"key":"Lantern"},{"floor":26,"key":"Happy Flower"},{"floor":26,"key":"Bag of Marbles"},{"floor":28,"key":"Mango"},{"floor":31,"key":"Anchor"}],"event_choices":[{"damage_healed":0.0,"max_hp_gain":0.0,"max_hp_loss":0.0,"gold_gain":0.0,"event_name":"FaceTrader","player_choice":"Trade","floor":5.0,"gold_loss":0.0,"damage_taken":0.0,"relics_obtained":["SsserpentHead"]},{"damage_healed":0,"gold_gain":0,"player_choice":"Opened","damage_taken":0,"relics_obtained":["Molten Egg 2"],"max_hp_gain":0,"max_hp_loss":0,"event_name":"The Mausoleum","floor":20,"gold_loss":0,"cards_obtained":["Writhe"]},{"damage_healed":0,"gold_gain":0,"player_choice":"Smashed Altar","damage_taken":0,"max_hp_gain":0,"max_hp_loss":0,"event_name":"Forgotten Altar","floor":21,"gold_loss":0,"cards_obtained":["Decay"]},{"damage_healed":0,"gold_gain":0,"player_choice":"Got Potions","damage_taken":0,"max_hp_gain":0,"max_hp_loss":0,"event_name":"Lab","floor":27,"gold_loss":0},{"damage_healed":0,"gold_gain":0,"player_choice":"Ignored","damage_taken":0,"max_hp_gain":0,"max_hp_loss":0,"event_name":"SecretPortal","floor":37,"gold_loss":0}],"is_beta":false,"boss_relics":[{"not_picked":["Tiny House","Lizard Tail"],"picked":"Pandora\u0027s Box"},{"not_picked":["Ring of the Serpent","Philosopher\u0027s Stone"],"picked":"Orrery"}],"items_purged_floors":[4,22,30],"is_endless":false,"potions_floor_spawned":[1,2,7,13,19,23,25,29,36],"killed_by":"Sphere and 2 Shapes","ascension_level":20}