{"gold_per_floor":[114,131,131,131,146,175,175,224,248,266,266,266,277,303,303,403,403,418,333,81,93,55,55,81,180,180,180,192,192,204,224,224,224],"floor_reached":33,"playtime":1847,"items_purged":["Strike_R"],"score":316,"play_id":"7205103f-a680-4af7-8fe0-bd017aea37cc","local_time":"20190117002008","is_ascension_mode":true,"campfire_choices":[{"floor":7,"key":"REST"},{"data":"Whirlwind","floor":12,"key":"SMITH"},{"floor":15,"key":"REST"},{"data":"Flame Barrier","floor":23,"key":"SMITH"},{"floor":29,"key":"REST"},{"floor":32,"key":"REST"}],"neow_cost":"NONE","seed_source_timestamp":759508170788489,"circlet_count":0,"master_deck":["Strike_R+1","Strike_R","Defend_R","Defend_R","Defend_R","Defend_R","Bash","Anger","Flame Barrier+1","Clothesline","Cleave","Whirlwind+1","Carnage","Armaments+1","Limit Break+1","Reaper+1","Armaments+1","Apotheosis+1","Headbutt+1","Rampage","Flex+1","Infernal Blade+1","Flex+1"],"relics":["Burning Blood","Boot","Toxic Egg 2","Bag of Marbles","Bag of Preparation","Oddly Smooth Stone","Lizard Tail","Strawberry","Blood Vial","Whetstone"],"potions_floor_usage":[13,14,16,24,33],"damage_taken":[{"damage":5,"enemies":"Small Slimes","floor":1,"turns":3},{"damage":7,"enemies":"Jaw Worm","floor":2,"turns":2},{"damage":1,"enemies":"Cultist","floor":5,"turns":4},{"damage":25,"enemies":"Lagavulin","floor":6,"turns":5},{"damage":8,"enemies":"Blue Slaver","floor":10,"turns":3},{"damage":0,"enemies":"Looter","floor":13,"turns":2},{"damage":12,"enemies":"3 Sentries","floor":14,"turns":4},{"damage":2,"enemies":"Slime Boss","floor":16,"turns":8},{"damage":0,"enemies":"3 Byrds","floor":18,"turns":3},{"damage":26,"enemies":"Shell Parasite","floor":21,"turns":5},{"damage":78,"enemies":"Gremlin Leader","floor":24,"turns":9},{"damage":28,"enemies":"Snake Plant","floor":28,"turns":5},{"damage":48,"enemies":"Shelled Parasite and Fungi","floor":30,"turns":9},{"damage":60,"enemies":"Snecko","floor":31,"turns":6},{"damage":99,"enemies":"Collector","floor":33,"turns":8}],"seed_played":"3527204232813842012","potions_obtained":[{"floor":2,"key":"Strength Potion"},{"floor":6,"key":"SkillPotion"},{"floor":10,"key":"Energy Potion"},{"floor":21,"key":"SteroidPotion"},{"floor":31,"key":"SteroidPotion"}],"is_trial":false,"path_per_floor":["M","M","?","?","M","E","R","T","T","M","?","R","M","E","R","B",null,"M","?","$","M","$","R","E","?","T","?","M","R","M","M","R","B"],"character_chosen":"IRONCLAD","items_purchased":["Apotheosis+1","Rampage"],"campfire_rested":4,"item_purchase_floors":[20,22],"current_hp_per_floor":[80,79,84,59,64,45,70,70,70,68,68,68,74,68,85,85,85,85,92,92,77,77,77,15,15,15,45,25,52,21,25,52,0],"gold":224,"neow_bonus":"REMOVE_CARD","is_prod":false,"is_daily":false,"chose_seed":false,"campfire_upgraded":2,"win_rate":0,"timestamp":1547644808,"path_taken":["M","M","?","?","M","E","R","?","T","?","?","R","?","E","R","BOSS","M","?","$","M","$","R","E","?","T","?","?","R","M","M","R","BOSS"],"build_version":"2019-01-10","purchased_purges":1,"victory":false,"max_hp_per_floor":[80,80,85,85,85,85,85,85,85,85,85,85,85,85,85,85,85,85,92,92,92,92,92,92,92,92,92,92,92,92,92,92,92],"card_choices":[{"not_picked":["Flex","True Grit"],"picked":"Anger","floor":1},{"not_picked":["Flex","Twin Strike"],"picked":"Flame Barrier","floor":2},{"not_picked":["Ghostly Armor","Infernal Blade"],"picked":"Clothesline","floor":5},{"not_picked":["Clothesline","Rupture"],"picked":"Cleave","floor":6},{"not_picked":["Clothesline","Havoc+1"],"picked":"Whirlwind","floor":10},{"not_picked":["Anger","Ghostly Armor+1"],"picked":"Armaments+1","floor":13},{"not_picked":["Burning Pact+1","Metallicize"],"picked":"Limit Break+1","floor":14},{"not_picked":["Bludgeon","Exhume+1"],"picked":"Reaper","floor":16},{"not_picked":["Perfected Strike+1","Rampage"],"picked":"Armaments+1","floor":18},{"not_picked":["Pommel Strike+1","Blood for Blood"],"picked":"Headbutt+1","floor":21},{"not_picked":["Pummel","Armaments+1"],"picked":"Flex+1","floor":24},{"not_picked":["Cleave","Havoc+1"],"picked":"Infernal Blade+1","floor":28},{"not_picked":["Dropkick","Twin Strike","Pommel Strike"],"picked":"SKIP","floor":30},{"not_picked":["Perfected Strike","Anger"],"picked":"Flex+1","floor":31}],"player_experience":456138,"relics_obtained":[{"floor":6,"key":"Toxic Egg 2"},{"floor":8,"key":"Bag of Marbles"},{"floor":9,"key":"Bag of Preparation"},{"floor":14,"key":"Oddly Smooth Stone"},{"floor":24,"key":"Blood Vial"},{"floor":26,"key":"Whetstone"}],"event_choices":[{"damage_healed":0,"gold_gain":0,"player_choice":"Donut","damage_taken":0,"max_hp_gain":5,"max_hp_loss":0,"event_name":"Big Fish","floor":3,"gold_loss":0},{"damage_healed":0,"gold_gain":0,"player_choice":"Success","damage_taken":25,"relics_obtained":["Boot"],"max_hp_gain":0,"max_hp_loss":0,"event_name":"Scrap Ooze","floor":4,"gold_loss":0},{"damage_healed":0,"gold_gain":0,"cards_transformed":["Strike_R"],"player_choice":"Transformed","damage_taken":0,"max_hp_gain":0,"max_hp_loss":0,"event_name":"Transmorgrifier","floor":11,"gold_loss":0,"cards_obtained":["Carnage"]},{"damage_healed":0,"gold_gain":0,"player_choice":"Obtained Relic","damage_taken":0,"relics_obtained":["Strawberry"],"max_hp_gain":0,"max_hp_loss":0,"event_name":"Addict","floor":19,"gold_loss":85},{"damage_healed":0,"gold_gain":99,"player_choice":"Stole From Cult","damage_taken":0,"max_hp_gain":0,"max_hp_loss":0,"event_name":"Nest","floor":25,"gold_loss":0},{"damage_healed":30,"gold_gain":0,"player_choice":"Heal","damage_taken":0,"max_hp_gain":0,"max_hp_loss":0,"event_name":"The Library","floor":27,"gold_loss":0}],"is_beta":false,"boss_relics":[{"not_picked":["Sozu","Philosopher\u0027s Stone"],"picked":"Lizard Tail"}],"items_purged_floors":[20],"is_endless":false,"potions_floor_spawned":[2,6,10,21,31],"killed_by":"Collector","ascension_level":3}