{"gold_per_floor":[114,189,199,211,211,239,239,270,270,191,205,172,172,185,185,261,261,201,211,66,66,66,66,95,95,95,127,143,162,172,24,24,98,98,112,112,112,157,176,176,210,210,278,296,396,422,439,458,458,458,458,458,58,83,83],"floor_reached":55,"playtime":6374,"items_purged":[],"score":1364,"play_id":"2b34d01c-3fe1-48ee-8e3e-219b592ffec0","local_time":"20190718225442","is_ascension_mode":true,"campfire_choices":[{"data":"True Grit","floor":7.0,"key":"SMITH"},{"data":"Warcry","floor":13.0,"key":"SMITH"},{"floor":15.0,"key":"REST"},{"floor":23.0,"key":"RECALL"},{"floor":25.0,"key":"REST"},{"floor":32.0,"key":"REST"},{"floor":40.0,"key":"REST"},{"floor":42.0,"key":"REST"},{"data":"1","floor":49,"key":"LIFT"},{"floor":52,"key":"REST"}],"neow_cost":"TEN_PERCENT_HP_LOSS","seed_source_timestamp":0,"circlet_count":0,"master_deck":["AscendersBane","Strike_R","Defend_R","Defend_R","Defend_R","Defend_R","Bash","Carnage","Ghostly Armor","True Grit+1","Shockwave","Warcry+1","Exhume","Rampage","Power Through","Feel No Pain","Reaper","Disarm","Metallicize","Sever Soul","Evolve","Combust","Searing Blow","Offering","Flame Barrier","Shrug It Off+1","Dark Embrace","Impervious","Headbutt","Seeing Red","Pummel+1","Madness","Madness","Fiend Fire","True Grit+1","Shrug It Off"],"special_seed":0,"relics":["Burning Blood","Dead Branch","Regal Pillow","Matryoshka","Red Skull","Art of War","Fusion Hammer","Pantograph","Singing Bowl","Mango","Orrery","FossilizedHelix","Bag of Preparation","Shuriken","Girya","Bottled Flame","Boot","ClockworkSouvenir","Orichalcum"],"potions_floor_usage":[50,55,55],"damage_taken":[{"damage":5.0,"enemies":"2 Louse","floor":1.0,"turns":4.0},{"damage":10.0,"enemies":"Small Slimes","floor":3.0,"turns":3.0},{"damage":1.0,"enemies":"Cultist","floor":4.0,"turns":3.0},{"damage":20.0,"enemies":"Gremlin Nob","floor":6.0,"turns":4.0},{"damage":29.0,"enemies":"3 Sentries","floor":8.0,"turns":5.0},{"damage":8.0,"enemies":"3 Louse","floor":11.0,"turns":3.0},{"damage":0.0,"enemies":"2 Fungi Beasts","floor":14.0,"turns":3.0},{"damage":40.0,"enemies":"Slime Boss","floor":16.0,"turns":12.0},{"damage":21.0,"enemies":"2 Thieves","floor":18.0,"turns":4.0},{"damage":11.0,"enemies":"Chosen","floor":19.0,"turns":6.0},{"damage":39.0,"enemies":"Slavers","floor":24.0,"turns":5.0},{"damage":44.0,"enemies":"Book of Stabbing","floor":27.0,"turns":7.0},{"damage":9.0,"enemies":"Snecko","floor":28.0,"turns":5.0},{"damage":27.0,"enemies":"Centurion and Healer","floor":29.0,"turns":10.0},{"damage":27.0,"enemies":"Sentry and Sphere","floor":30.0,"turns":8.0},{"damage":45.0,"enemies":"Collector","floor":33.0,"turns":15.0},{"damage":12.0,"enemies":"Orb Walker","floor":35.0,"turns":1.0},{"damage":4.0,"enemies":"2 Orb Walkers","floor":38.0,"turns":6.0},{"damage":18.0,"enemies":"3 Darklings","floor":39.0,"turns":6.0},{"damage":97.0,"enemies":"Reptomancer","floor":41.0,"turns":10.0},{"damage":9.0,"enemies":"Maw","floor":44.0,"turns":8.0},{"damage":12.0,"enemies":"Mind Bloom Boss Battle","floor":45.0,"turns":8.0},{"damage":12.0,"enemies":"Nemesis","floor":46.0,"turns":7.0},{"damage":3.0,"enemies":"Jaw Worm Horde","floor":47.0,"turns":6.0},{"damage":42,"enemies":"Sphere and 2 Shapes","floor":48,"turns":5},{"damage":105,"enemies":"Time Eater","floor":50,"turns":14},{"damage":1,"enemies":"Shield and Spear","floor":54,"turns":5},{"damage":114,"enemies":"The Heart","floor":55,"turns":8}],"seed_played":"-649613837556753307","potions_obtained":[{"floor":1.0,"key":"Regen Potion"},{"floor":8.0,"key":"BloodPotion"},{"floor":19.0,"key":"Fire Potion"},{"floor":27.0,"key":"SkillPotion"},{"floor":30.0,"key":"Block Potion"},{"floor":33.0,"key":"AttackPotion"},{"floor":38.0,"key":"Regen Potion"},{"floor":46.0,"key":"SpeedPotion"}],"is_trial":false,"path_per_floor":["M","?","M","M","?","E","R","E","T","$","M","$","R","M","R","B",null,"M","M","$","?","?","R","E","R","T","E","M","M","M","$","R","B",null,"M","?","?","?","M","R","E","R","T","M","?","E","M","M","R","B",null,"R","$","E","B"],"character_chosen":"IRONCLAD","items_purchased":["Exhume","Power Through","Sever Soul","Evolve","Dark Embrace","Block Potion","Boot","ClockworkSouvenir"],"campfire_rested":6,"item_purchase_floors":[10,12,20,20,31,53,53,53],"current_hp_per_floor":[68,57,53,58,58,44,44,35,35,35,33,33,33,39,68,34,60,68,66,66,66,66,66,68,68,68,60,69,66,47,47,88,57,86,80,80,68,76,76,96,47,90,90,98,100,102,104,70,70,11,82,106,106,106,0],"gold":83,"neow_bonus":"ONE_RARE_RELIC","is_prod":false,"is_daily":false,"chose_seed":false,"campfire_upgraded":2,"win_rate":0,"timestamp":1563504882,"path_taken":["M","?","M","M","?","E","R","E","T","$","M","$","R","M","R","BOSS","M","?","$","?","?","R","E","R","T","E","M","M","?","$","R","BOSS","M","?","?","?","M","R","E","R","T","M","?","E","M","M","R","BOSS","R","$","E","BOSS"],"build_version":"2019-07-17","purchased_purges":0,"victory":false,"max_hp_per_floor":[68,68,68,68,68,68,68,68,68,68,68,68,68,68,68,68,68,68,68,68,68,68,68,68,68,68,82,84,86,88,88,88,88,94,94,94,94,96,96,96,96,96,96,98,100,102,104,106,106,106,106,106,106,106,106],"card_choices":[{"not_picked":["Flex","Sentinel"],"picked":"Carnage","floor":1.0},{"not_picked":["Shockwave","Intimidate"],"picked":"Ghostly Armor","floor":3.0},{"not_picked":["Iron Wave","Fire Breathing"],"picked":"True Grit","floor":4.0},{"not_picked":["Cleave","Armaments"],"picked":"Shockwave","floor":6.0},{"not_picked":["Clash","Carnage"],"picked":"Warcry","floor":8.0},{"not_picked":["Rage","True Grit"],"picked":"Rampage","floor":11.0},{"not_picked":["Impervious","Anger"],"picked":"Feel No Pain","floor":14.0},{"not_picked":["Brutality","Barricade"],"picked":"Reaper","floor":16.0},{"not_picked":["Havoc+1","Anger"],"picked":"Disarm","floor":18.0},{"not_picked":["Thunderclap","Cleave"],"picked":"Metallicize","floor":19.0},{"not_picked":["Iron Wave+1","Pommel Strike"],"picked":"Flame Barrier","floor":24.0},{"not_picked":["Intimidate","Havoc"],"picked":"Shrug It Off+1","floor":27.0},{"not_picked":["Entrench","Sword Boomerang","Armaments"],"picked":"Singing Bowl","floor":28.0},{"not_picked":["Flex","Clothesline","Carnage"],"picked":"Singing Bowl","floor":29.0},{"not_picked":["Twin Strike","Armaments","Clash"],"picked":"Singing Bowl","floor":30.0},{"not_picked":["Immolate","Feed"],"picked":"Impervious","floor":33.0},{"not_picked":["Carnage+1","Heavy Blade"],"picked":"Headbutt","floor":34.0},{"not_picked":["Bloodletting","Twin Strike","Reckless Charge"],"picked":"Singing Bowl","floor":34.0},{"not_picked":["Perfected Strike+1","Shockwave","Havoc+1"],"picked":"Singing Bowl","floor":34.0},{"not_picked":["Cleave","Body Slam","Dual Wield"],"picked":"Singing Bowl","floor":34.0},{"not_picked":["Heavy Blade","Iron Wave"],"picked":"Seeing Red","floor":34.0},{"not_picked":["Sword Boomerang","Headbutt+1"],"picked":"Pummel+1","floor":35.0},{"not_picked":["Flex","Sword Boomerang","Twin Strike"],"picked":"Singing Bowl","floor":38.0},{"not_picked":["Wild Strike","Reckless Charge"],"picked":"Fiend Fire","floor":39.0},{"not_picked":["Clash","Iron Wave"],"picked":"True Grit+1","floor":41.0},{"not_picked":["Power Through","Headbutt","Clash"],"picked":"Singing Bowl","floor":44.0},{"not_picked":["Body Slam+1","Pummel","Perfected Strike"],"picked":"Singing Bowl","floor":45.0},{"not_picked":["Twin Strike","Flex+1","Body Slam"],"picked":"Singing Bowl","floor":46.0},{"not_picked":["Evolve","Shrug It Off","Flex"],"picked":"Singing Bowl","floor":47.0},{"not_picked":["Sword Boomerang","Hemokinesis+1","Combust"],"picked":"Singing Bowl","floor":48},{"not_picked":["Clash","Clothesline"],"picked":"Shrug It Off","floor":54}],"player_experience":390835,"relics_obtained":[{"floor":6.0,"key":"Regal Pillow"},{"floor":8.0,"key":"Matryoshka"},{"floor":9.0,"key":"Red Skull"},{"floor":9.0,"key":"Art of War"},{"floor":24.0,"key":"Pantograph"},{"floor":26.0,"key":"Singing Bowl"},{"floor":27.0,"key":"Mango"},{"floor":38.0,"key":"FossilizedHelix"},{"floor":41.0,"key":"Bag of Preparation"},{"floor":43.0,"key":"Shuriken"},{"floor":45.0,"key":"Girya"},{"floor":46.0,"key":"Bottled Flame"},{"floor":54,"key":"Orichalcum"}],"event_choices":[{"damage_healed":0.0,"max_hp_gain":0.0,"max_hp_loss":0.0,"gold_gain":75.0,"event_name":"World of Goop","player_choice":"Gather Gold","floor":2.0,"gold_loss":0.0,"damage_taken":11.0},{"cards_removed":["Strike_R"],"damage_healed":0.0,"max_hp_gain":0.0,"max_hp_loss":0.0,"gold_gain":0.0,"event_name":"Bonfire Elementals","player_choice":"Offered Basic","floor":5.0,"gold_loss":0.0,"damage_taken":0.0},{"damage_healed":0.0,"max_hp_gain":0.0,"max_hp_loss":0.0,"gold_gain":0.0,"cards_transformed":["Strike_R","Strike_R"],"event_name":"Drug Dealer","player_choice":"Became Test Subject","floor":21.0,"gold_loss":0.0,"damage_taken":0.0,"cards_obtained":["Combust","Searing Blow"]},{"damage_healed":0.0,"max_hp_gain":0.0,"max_hp_loss":0.0,"gold_gain":0.0,"event_name":"Match and Keep!","player_choice":"1 cards matched","floor":22.0,"gold_loss":0.0,"damage_taken":0.0,"cards_obtained":["Offering"]},{"cards_removed":["Strike_R"],"damage_healed":0.0,"max_hp_gain":0.0,"max_hp_loss":0.0,"gold_gain":0.0,"event_name":"Falling","player_choice":"Removed Attack","floor":36.0,"gold_loss":0.0,"damage_taken":0.0},{"damage_healed":0.0,"max_hp_gain":0.0,"max_hp_loss":0.0,"gold_gain":0.0,"event_name":"Winding Halls","player_choice":"Embrace Madness","floor":37.0,"gold_loss":0.0,"damage_taken":12.0,"cards_obtained":["Madness","Madness"]},{"damage_healed":0.0,"max_hp_gain":0.0,"max_hp_loss":0.0,"gold_gain":0.0,"event_name":"Mysterious Sphere","player_choice":"Fight","floor":38.0,"gold_loss":0.0,"damage_taken":0.0},{"damage_healed":0.0,"max_hp_gain":0.0,"max_hp_loss":0.0,"gold_gain":0.0,"event_name":"MindBloom","player_choice":"Fight","floor":45.0,"gold_loss":0.0,"damage_taken":0.0}],"is_beta":false,"boss_relics":[{"not_picked":["White Beast Statue","Sozu"],"picked":"Fusion Hammer"},{"not_picked":["Calling Bell","Tiny House"],"picked":"Orrery"}],"items_purged_floors":[],"is_endless":false,"potions_floor_spawned":[1,8,19,27,30,33,38,39,46,47],"killed_by":"The Heart","ascension_level":14}