{"gold_per_floor":[110,110,120,138,12,40,40,70,70,70,70,81,81,96,96,195,195,209,123,140,159,173,173,173],"floor_reached":24,"playtime":1583,"items_purged":[],"score":280,"play_id":"58ef6712-9a0b-4f89-95ff-e13b24239d1f","local_time":"20190709153600","is_ascension_mode":true,"campfire_choices":[{"data":"Metallicize","floor":7,"key":"SMITH"},{"floor":11,"key":"REST"},{"floor":13,"key":"REST"},{"floor":15,"key":"REST"},{"floor":23,"key":"REST"}],"neow_cost":"NONE","seed_source_timestamp":2056387340485000,"circlet_count":0,"master_deck":["Strike_R","Strike_R","Strike_R","Strike_R","Strike_R","Defend_R","Defend_R","Defend_R","Defend_R","Bash","Feel No Pain","Metallicize+1","Entrench","True Grit","Inflame","Body Slam","Infernal Blade","Barricade","Demon Form","Heavy Blade+1","PanicButton","Rampage","Seeing Red"],"relics":["Burning Blood","Boot","Letter Opener","Sundial","Paper Frog","Sozu"],"potions_floor_usage":[6,8,16],"damage_taken":[{"damage":12,"enemies":"Jaw Worm","floor":1,"turns":3},{"damage":6,"enemies":"Cultist","floor":3,"turns":4},{"damage":2,"enemies":"2 Louse","floor":4,"turns":3},{"damage":36,"enemies":"Gremlin Nob","floor":6,"turns":6},{"damage":52,"enemies":"Lagavulin","floor":8,"turns":11},{"damage":26,"enemies":"Gremlin Gang","floor":12,"turns":7},{"damage":12,"enemies":"2 Fungi Beasts","floor":14,"turns":5},{"damage":31,"enemies":"Hexaghost","floor":16,"turns":11},{"damage":44,"enemies":"3 Byrds","floor":18,"turns":6},{"damage":6,"enemies":"Spheric Guardian","floor":20,"turns":6},{"damage":6,"enemies":"Snecko","floor":21,"turns":5},{"damage":23,"enemies":"Centurion and Healer","floor":22,"turns":7},{"damage":54,"enemies":"Book of Stabbing","floor":24,"turns":5}],"seed_played":"-6728570532816715535","potions_obtained":[{"floor":3,"key":"SpeedPotion"},{"floor":4,"key":"Ancient Potion"},{"floor":6,"key":"FairyPotion"},{"floor":14,"key":"Block Potion"}],"is_trial":false,"path_per_floor":["M","?","M","M","$","E","R","E","T","?","R","M","R","M","R","B",null,"M","$","M","M","M","R","E"],"character_chosen":"IRONCLAD","items_purchased":["True Grit","Inflame","PanicButton"],"campfire_rested":4,"item_purchase_floors":[5,5,19],"current_hp_per_floor":[74,74,74,78,78,48,48,14,14,6,30,10,34,28,52,27,80,42,42,42,42,25,49,0],"gold":173,"neow_bonus":"RANDOM_COMMON_RELIC","is_prod":false,"is_daily":false,"chose_seed":false,"campfire_upgraded":1,"win_rate":0,"timestamp":1562711760,"path_taken":["M","?","?","M","$","E","R","E","T","?","R","M","R","M","R","BOSS","M","$","M","M","?","R","E"],"build_version":"2019-07-05","purchased_purges":0,"victory":false,"max_hp_per_floor":[80,80,80,80,80,80,80,80,80,80,80,80,80,80,80,80,80,80,80,80,80,80,80,80],"card_choices":[{"not_picked":["Wild Strike","Ghostly Armor"],"picked":"Feel No Pain","floor":1},{"not_picked":["Rupture","Headbutt"],"picked":"Metallicize","floor":3},{"not_picked":["Clash","Headbutt"],"picked":"Entrench","floor":4},{"not_picked":["Clothesline","Whirlwind"],"picked":"Body Slam","floor":6},{"not_picked":["Anger","Shrug It Off"],"picked":"Infernal Blade","floor":8},{"not_picked":["Shrug It Off","True Grit","Havoc"],"picked":"SKIP","floor":12},{"not_picked":["Sever Soul","Havoc"],"picked":"Barricade","floor":14},{"not_picked":["Feed","Brutality"],"picked":"Demon Form","floor":16},{"not_picked":["Sword Boomerang","Warcry+1"],"picked":"Heavy Blade+1","floor":18},{"not_picked":["Body Slam","Clothesline+1","Wild Strike"],"picked":"SKIP","floor":20},{"not_picked":["Rupture","Havoc+1"],"picked":"Rampage","floor":21},{"not_picked":["Dropkick","Berserk"],"picked":"Seeing Red","floor":22}],"player_experience":630980,"relics_obtained":[{"floor":6,"key":"Letter Opener"},{"floor":8,"key":"Sundial"},{"floor":9,"key":"Paper Frog"}],"event_choices":[{"damage_healed":0,"gold_gain":0,"player_choice":"Bought 0 Potions","damage_taken":0,"max_hp_gain":0,"max_hp_loss":0,"event_name":"The Woman in Blue","floor":2,"gold_loss":0},{"damage_healed":0,"gold_gain":0,"player_choice":"Damaged","damage_taken":8,"max_hp_gain":0,"max_hp_loss":0,"event_name":"Wheel of Change","floor":10,"gold_loss":0}],"is_beta":false,"boss_relics":[{"not_picked":["White Beast Statue","Black Blood"],"picked":"Sozu"}],"items_purged_floors":[],"is_endless":false,"potions_floor_spawned":[3,4,6,14,20],"killed_by":"Book of Stabbing","ascension_level":4}