{"gold_per_floor":[109,125,125,125,25,25,38,79,79,118,151,338,350,88,88,88],"floor_reached":16,"playtime":672,"items_purged":["Strike_R","Doubt"],"score":113,"play_id":"91622201-fa9d-4cfa-8a60-09c9a360c50f","local_time":"20181216135010","is_ascension_mode":true,"campfire_choices":[{"data":"Body Slam","floor":6,"key":"SMITH"},{"floor":13,"key":"REST"},{"floor":15,"key":"RECALL"}],"neow_cost":"NONE","seed_source_timestamp":1796184117763217,"circlet_count":0,"master_deck":["Strike_R","Strike_R","Strike_R","Defend_R","Defend_R","Defend_R","Defend_R","Bash","Pommel Strike","Body Slam+1","Double Tap","Anger","Rage","Cleave","Armaments","Power Through","Metallicize"],"relics":["Burning Blood","NeowsBlessing","Golden Idol","Mercury Hourglass","Mummified Hand","MawBank"],"potions_floor_usage":[11,14],"damage_taken":[{"damage":0,"enemies":"Small Slimes","floor":1,"turns":1},{"damage":0,"enemies":"2 Louse","floor":2,"turns":1},{"damage":0,"enemies":"Cultist","floor":7,"turns":1},{"damage":14,"enemies":"Lagavulin","floor":8,"turns":5},{"damage":19,"enemies":"3 Sentries","floor":10,"turns":5},{"damage":21,"enemies":"Large Slime","floor":11,"turns":4},{"damage":66,"enemies":"The Guardian","floor":16,"turns":12}],"seed_played":"-4157003294636903602","potions_obtained":[{"floor":2,"key":"Poison Potion"},{"floor":11,"key":"Dexterity Potion"}],"is_trial":false,"path_per_floor":["M","M","?","?","$","R","M","E","T","E","M","?","R","$","R","B"],"character_chosen":"IRONCLAD","items_purchased":["Anger","Metallicize","Fruit Juice"],"campfire_rested":1,"item_purchase_floors":[5,14,14],"current_hp_per_floor":[80,80,80,60,60,60,66,58,58,45,30,30,54,59,59,0],"gold":88,"neow_bonus":"THREE_ENEMY_KILL","is_prod":false,"is_daily":false,"chose_seed":false,"campfire_upgraded":1,"win_rate":0,"timestamp":1544928610,"path_taken":["M","M","?","?","$","R","M","E","T","E","M","?","R","$","R","BOSS"],"build_version":"2018-12-13","purchased_purges":2,"victory":false,"max_hp_per_floor":[80,80,80,80,80,80,80,80,80,80,80,80,80,85,85,85],"card_choices":[{"not_picked":["Clash","Perfected Strike"],"picked":"Pommel Strike","floor":1},{"not_picked":["Metallicize","Twin Strike"],"picked":"Body Slam","floor":2},{"not_picked":["Body Slam","Evolve"],"picked":"Rage","floor":7},{"not_picked":["Twin Strike","Fire Breathing"],"picked":"Cleave","floor":8},{"not_picked":["Wild Strike","Clash"],"picked":"Armaments","floor":10},{"not_picked":["Offering","Body Slam"],"picked":"Power Through","floor":11}],"player_experience":245554,"relics_obtained":[{"floor":8,"key":"Mercury Hourglass"},{"floor":9,"key":"Mummified Hand"},{"floor":10,"key":"MawBank"}],"event_choices":[{"damage_healed":0,"gold_gain":0,"cards_transformed":["Strike_R"],"player_choice":"Change","damage_taken":0,"max_hp_gain":0,"max_hp_loss":0,"event_name":"Living Wall","floor":3,"gold_loss":0,"cards_obtained":["Double Tap"]},{"damage_healed":0,"gold_gain":0,"player_choice":"Take Damage","damage_taken":20,"relics_obtained":["Golden Idol"],"max_hp_gain":0,"max_hp_loss":0,"event_name":"Golden Idol","floor":4,"gold_loss":0},{"damage_healed":0,"gold_gain":175,"player_choice":"AGREE","damage_taken":0,"max_hp_gain":0,"max_hp_loss":0,"event_name":"Liars Game","floor":12,"gold_loss":0,"cards_obtained":["Doubt"]}],"is_beta":false,"boss_relics":[],"items_purged_floors":[5,14],"is_endless":false,"potions_floor_spawned":[2,11],"killed_by":"The Guardian","ascension_level":1}