{"gold_per_floor":[119,129,142,162,176,190,190,216,216,231,249,249,268,286,286,286],"floor_reached":16,"playtime":1779,"items_purged":[],"score":110,"play_id":"898741f3-7219-4788-9e2d-63729f3cc84b","local_time":"20190226225442","is_ascension_mode":false,"campfire_choices":[{"floor":15,"key":"REST"}],"neow_cost":"NONE","seed_source_timestamp":196256800923600,"circlet_count":0,"master_deck":["Strike_B","Strike_B","Strike_B","Strike_B","Defend_B","Defend_B","Defend_B","Defend_B","Zap","Dualcast","Glacier","Doom and Gloom","Chaos","Defragment","Skim","Auto Shields","FTL","Steam Power","BootSequence","Rainbow"],"relics":["Sozu","NlothsMask","Bronze Scales"],"potions_floor_usage":[],"damage_taken":[{"damage":6,"enemies":"Jaw Worm","floor":1,"turns":4},{"damage":0,"enemies":"Cultist","floor":2,"turns":5},{"damage":7,"enemies":"2 Louse","floor":3,"turns":3},{"damage":10,"enemies":"Lots of Slimes","floor":4,"turns":4},{"damage":3,"enemies":"Blue Slaver","floor":5,"turns":4},{"damage":0,"enemies":"Looter","floor":6,"turns":4},{"damage":20,"enemies":"Gremlin Nob","floor":8,"turns":4},{"damage":6,"enemies":"Exordium Wildlife","floor":10,"turns":6},{"damage":0,"enemies":"Blue Slaver","floor":11,"turns":3},{"damage":18,"enemies":"2 Fungi Beasts","floor":13,"turns":3},{"damage":0,"enemies":"Gremlin Gang","floor":14,"turns":2},{"damage":24,"enemies":"Slime Boss","floor":16,"turns":6}],"seed_played":"927685398125789313","potions_obtained":[],"is_trial":false,"path_per_floor":["M","M","M","M","M","M","?","E","T","M","M","$","M","M","R","B"],"character_chosen":"DEFECT","items_purchased":[],"campfire_rested":1,"item_purchase_floors":[],"current_hp_per_floor":[69,69,62,52,49,49,49,29,29,23,23,23,5,5,27,3],"gold":286,"neow_bonus":"BOSS_RELIC","is_prod":false,"is_daily":false,"chose_seed":false,"campfire_upgraded":0,"win_rate":0.0,"timestamp":1551246882,"path_taken":["M","M","M","M","M","M","?","E","T","M","M","?","M","M","R","BOSS"],"build_version":"2019-01-23","purchased_purges":0,"victory":false,"max_hp_per_floor":[75,75,75,75,75,75,75,75,75,75,75,75,75,75,75,75],"card_choices":[{"not_picked":["Streamline","Cold Snap"],"picked":"Glacier","floor":1},{"not_picked":["Reinforced Body","Skim"],"picked":"Doom and Gloom","floor":2},{"not_picked":["Barrage","Streamline"],"picked":"Chaos","floor":3},{"not_picked":["Sweeping Beam","Steam"],"picked":"Defragment","floor":4},{"not_picked":["Redo","Consume"],"picked":"Skim","floor":5},{"not_picked":["Double Energy","Compile Driver"],"picked":"Auto Shields","floor":6},{"not_picked":["Cold Snap","Stack"],"picked":"FTL","floor":8},{"not_picked":["Go for the Eyes","Undo"],"picked":"Steam Power","floor":10},{"not_picked":["Chaos","Force Field"],"picked":"BootSequence","floor":11},{"not_picked":["Compile Driver","Streamline","Cold Snap"],"picked":"SKIP","floor":13},{"not_picked":["Auto Shields","Compile Driver"],"picked":"Rainbow","floor":14}],"player_experience":127812,"relics_obtained":[{"floor":8,"key":"Bronze Scales"}],"event_choices":[{"damage_healed":0,"gold_gain":0,"player_choice":"Trade","damage_taken":0,"relics_obtained":["NlothsMask"],"max_hp_gain":0,"max_hp_loss":0,"event_name":"FaceTrader","floor":7,"gold_loss":0}],"is_beta":false,"boss_relics":[],"items_purged_floors":[],"is_endless":false,"potions_floor_spawned":[4,5,6,8,13],"killed_by":"Slime Boss","ascension_level":0}