{"gold_per_floor":[114,64,82,82,157,184,184,212,212,54,54,54],"floor_reached":12,"playtime":7475,"items_purged":[],"score":88,"play_id":"6167c86a-3578-422e-ba04-8dca0808d6ac","local_time":"20190315134339","is_ascension_mode":true,"campfire_choices":[{"floor":7,"key":"REST"},{"floor":11,"key":"REST"}],"neow_cost":"NONE","seed_source_timestamp":98718518323400,"circlet_count":0,"master_deck":["Strike_B","Strike_B","Strike_B","Strike_B","Defend_B","Defend_B","Defend_B","Defend_B","Zap","Dualcast","Beam Cell","Steam","FTL","Genetic Algorithm"],"relics":["Cracked Core","StoneCalendar","Meat on the Bone"],"potions_floor_usage":[6],"damage_taken":[{"damage":2,"enemies":"2 Louse","floor":1,"turns":3},{"damage":0,"enemies":"Small Slimes","floor":3,"turns":2},{"damage":46,"enemies":"3 Sentries","floor":6,"turns":12},{"damage":25,"enemies":"Gremlin Nob","floor":8,"turns":5},{"damage":45,"enemies":"3 Sentries","floor":12,"turns":6}],"seed_played":"-5475850199179526197","potions_obtained":[{"floor":3,"key":"SkillPotion"}],"is_trial":false,"path_per_floor":["M","?","M","?","?","E","R","E","T","$","R","E"],"character_chosen":"DEFECT","items_purchased":["FTL","Genetic Algorithm"],"campfire_rested":2,"item_purchase_floors":[10,10],"current_hp_per_floor":[73,73,73,78,67,21,45,20,20,20,44,0],"gold":54,"neow_bonus":"ONE_RANDOM_RARE_CARD","is_prod":false,"is_daily":false,"chose_seed":false,"campfire_upgraded":0,"win_rate":0,"timestamp":1552682619,"path_taken":["M","?","M","?","?","E","R","E","T","$","R","E"],"build_version":"2019-01-23","purchased_purges":0,"victory":false,"max_hp_per_floor":[75,75,75,80,80,80,80,80,80,80,80,80],"card_choices":[{"not_picked":["Streamline","Cold Snap"],"picked":"Beam Cell","floor":1},{"not_picked":["Ball Lightning","Redo"],"picked":"Steam","floor":3},{"not_picked":["Thunder Strike","Sweeping Beam","Compile Driver"],"picked":"SKIP","floor":6},{"not_picked":["Self Repair","Turbo","Hello World"],"picked":"SKIP","floor":8}],"player_experience":293773,"relics_obtained":[{"floor":6,"key":"StoneCalendar"},{"floor":8,"key":"Meat on the Bone"}],"event_choices":[{"cards_removed":["Meteor Strike"],"damage_healed":0,"gold_gain":0,"player_choice":"Card Removal","damage_taken":0,"max_hp_gain":0,"max_hp_loss":0,"event_name":"The Cleric","floor":2,"gold_loss":50},{"damage_healed":0,"gold_gain":0,"player_choice":"Donut","damage_taken":0,"max_hp_gain":5,"max_hp_loss":0,"event_name":"Big Fish","floor":4,"gold_loss":0},{"damage_healed":0,"gold_gain":75,"player_choice":"Gather Gold","damage_taken":11,"max_hp_gain":0,"max_hp_loss":0,"event_name":"World of Goop","floor":5,"gold_loss":0}],"is_beta":false,"boss_relics":[],"items_purged_floors":[],"is_endless":false,"potions_floor_spawned":[3],"killed_by":"3 Sentries","ascension_level":1}