{"gold_per_floor":[17,17,35,35,45,45,109,109,134,134,188,188,241,255,255,375,375,399,324,343,357,41,41,380,380,405,405,405,405,405,425,425,545,545,565,584,709,709,733,749,785,785,785,828,476,476,86,110,110,110,110,110,63,106,106],"floor_reached":55,"playtime":2731,"items_purged":["Strike_R","Strike_R","Defend_R"],"score":857,"play_id":"fb7924cf-0df5-4fa0-a213-bcf05023b907","local_time":"20181216165731","is_ascension_mode":true,"campfire_choices":[{"floor":6,"key":"RECALL"},{"floor":8,"key":"REST"},{"data":"Uppercut","floor":10,"key":"SMITH"},{"floor":15,"key":"REST"},{"floor":23,"key":"REST"},{"data":"Limit Break","floor":29,"key":"SMITH"},{"floor":32,"key":"REST"},{"floor":42,"key":"REST"},{"data":"Heavy Blade","floor":46,"key":"SMITH"},{"data":"True Grit","floor":49,"key":"SMITH"},{"data":"Infernal Blade","floor":52,"key":"SMITH"}],"neow_cost":"NO_GOLD","seed_source_timestamp":1805073746777465,"circlet_count":0,"master_deck":["Strike_R","Defend_R","Defend_R","Bash","Cleave+1","Flex","Uppercut+1","Heavy Blade+1","Limit Break+1","Body Slam+1","Armaments+1","True Grit+1","Uppercut","Necronomicurse","True Grit+1","True Grit+1","Anger","Body Slam+1","Body Slam+1","Dropkick+1","Infernal Blade+1","Shrug It Off+1","Shrug It Off","Infernal Blade"],"relics":["Burning Blood","Peace Pipe","Tiny Chest","Anchor","Golden Idol","Oddly Smooth Stone","Velvet Choker","Brimstone","Old Coin","PreservedInsect","Necronomicon","Runic Pyramid","Bag of Marbles","Pear","MawBank","Juzu Bracelet","Sundial","Self Forming Clay","Whetstone"],"potions_floor_usage":[7,7,14,16,16,21,24,54,55],"damage_taken":[{"damage":6,"enemies":"Small Slimes","floor":1,"turns":4},{"damage":2,"enemies":"2 Louse","floor":3,"turns":3},{"damage":5,"enemies":"Cultist","floor":5,"turns":4},{"damage":40,"enemies":"3 Sentries","floor":7,"turns":7},{"damage":8,"enemies":"Exordium Thugs","floor":14,"turns":4},{"damage":42,"enemies":"Hexaghost","floor":16,"turns":9},{"damage":1,"enemies":"Chosen","floor":18,"turns":4},{"damage":41,"enemies":"3 Byrds","floor":20,"turns":6},{"damage":10,"enemies":"Shelled Parasite and Fungi","floor":21,"turns":7},{"damage":6,"enemies":"Gremlin Leader","floor":24,"turns":4},{"damage":0,"enemies":"Snake Plant","floor":31,"turns":2},{"damage":42,"enemies":"Automaton","floor":33,"turns":7},{"damage":0,"enemies":"Orb Walker","floor":35,"turns":2},{"damage":31,"enemies":"3 Darklings","floor":36,"turns":5},{"damage":0,"enemies":"Mind Bloom Boss Battle","floor":37,"turns":2},{"damage":0,"enemies":"Sphere and 2 Shapes","floor":40,"turns":3},{"damage":17,"enemies":"Reptomancer","floor":41,"turns":3},{"damage":0,"enemies":"Giant Head","floor":44,"turns":4},{"damage":13,"enemies":"Maw","floor":48,"turns":4},{"damage":43,"enemies":"Donu and Deca","floor":50,"turns":5},{"damage":24,"enemies":"Shield and Spear","floor":54,"turns":4},{"damage":85,"enemies":"The Heart","floor":55,"turns":3}],"seed_played":"5742818230048856500","potions_obtained":[{"floor":3,"key":"PowerPotion"},{"floor":4,"key":"BloodPotion"},{"floor":4,"key":"Weak Potion"},{"floor":5,"key":"SkillPotion"},{"floor":7,"key":"SteroidPotion"},{"floor":14,"key":"SkillPotion"},{"floor":20,"key":"EntropicBrew"},{"floor":31,"key":"FearPotion"},{"floor":33,"key":"BloodPotion"},{"floor":35,"key":"FearPotion"},{"floor":37,"key":"SmokeBomb"},{"floor":54,"key":"Block Potion"}],"is_trial":false,"path_per_floor":["M","?","M","?","M","R","E","R","T","R","T","?","T","M","R","B",null,"M","$","M","M","$","R","E","?","T","?","?","R","?","M","R","B",null,"M","M","?","?","T","M","E","R","T","E","$","R","$","M","R","B",null,"R","$","E","B"],"character_chosen":"IRONCLAD","items_purchased":["Brimstone","True Grit","Sundial","Self Forming Clay","Dropkick","Infernal Blade","Shrug It Off"],"campfire_rested":5,"item_purchase_floors":[22,22,45,47,47,47,53],"current_hp_per_floor":[80,73,77,77,78,78,44,68,68,68,68,48,48,46,70,34,80,80,80,45,41,41,65,65,65,65,49,49,49,49,55,79,43,80,80,55,61,61,61,67,66,90,90,90,90,90,90,83,83,46,90,90,90,72,0],"gold":106,"neow_bonus":"ONE_RARE_RELIC","is_prod":false,"is_daily":false,"chose_seed":false,"campfire_upgraded":5,"win_rate":0,"timestamp":1544939851,"path_taken":["M","?","M","?","?","R","E","R","T","R","?","?","?","M","R","BOSS","M","$","M","M","$","R","E","?","T","?","?","R","?","M","R","BOSS","M","?","?","?","?","?","E","R","T","E","?","R","$","M","R","BOSS","R","$","E","BOSS"],"build_version":"2018-12-13","purchased_purges":3,"victory":false,"max_hp_per_floor":[80,80,80,80,80,80,80,80,80,80,80,80,80,80,80,80,80,80,80,80,80,80,80,80,80,80,80,80,80,80,80,80,80,80,80,80,80,80,80,80,90,90,90,90,90,90,90,90,90,90,90,90,90,90,90],"card_choices":[{"not_picked":["Shrug It Off","Havoc"],"picked":"Cleave","floor":1},{"not_picked":["Entrench","Exhume","Havoc"],"picked":"SKIP","floor":3},{"not_picked":["Clash","Bloodletting"],"picked":"Flex","floor":5},{"not_picked":["Ghostly Armor","Clothesline"],"picked":"Uppercut","floor":7},{"not_picked":["Clash","Wild Strike"],"picked":"Heavy Blade","floor":14},{"not_picked":["Bludgeon","Brutality"],"picked":"Limit Break","floor":16},{"not_picked":["Flame Barrier","Shockwave"],"picked":"Body Slam+1","floor":18},{"not_picked":["Feel No Pain+1","Thunderclap+1"],"picked":"Armaments+1","floor":20},{"not_picked":["Fire Breathing","Reckless Charge","Perfected Strike"],"picked":"SKIP","floor":21},{"not_picked":["Carnage+1","Armaments"],"picked":"Uppercut","floor":24},{"not_picked":["Corruption","Sword Boomerang","Rage"],"picked":"SKIP","floor":31},{"not_picked":["Iron Wave+1","Wild Strike"],"picked":"True Grit+1","floor":35},{"not_picked":["Thunderclap","Metallicize"],"picked":"True Grit+1","floor":36},{"not_picked":["Heavy Blade","Power Through"],"picked":"Anger","floor":37},{"not_picked":["Clash+1","Armaments"],"picked":"Body Slam+1","floor":40},{"not_picked":["Rampage+1","Bloodletting+1"],"picked":"Body Slam+1","floor":41},{"not_picked":["Feed","Sever Soul","Iron Wave+1"],"picked":"SKIP","floor":44},{"not_picked":["Thunderclap+1","Combust+1"],"picked":"Shrug It Off+1","floor":48},{"not_picked":["Combust+1","Clothesline"],"picked":"Infernal Blade","floor":54}],"player_experience":253635,"relics_obtained":[{"floor":7,"key":"Tiny Chest"},{"floor":11,"key":"Anchor"},{"floor":13,"key":"Oddly Smooth Stone"},{"floor":24,"key":"Old Coin"},{"floor":26,"key":"PreservedInsect"},{"floor":27,"key":"Necronomicon"},{"floor":39,"key":"Bag of Marbles"},{"floor":41,"key":"Pear"},{"floor":43,"key":"MawBank"},{"floor":44,"key":"Juzu Bracelet"},{"floor":54,"key":"Whetstone"}],"event_choices":[{"cards_removed":["Strike_R"],"damage_healed":0,"gold_gain":0,"player_choice":"Card Removal","damage_taken":7,"max_hp_gain":0,"max_hp_loss":0,"event_name":"Golden Wing","floor":2,"gold_loss":0},{"damage_healed":0,"gold_gain":0,"player_choice":"Got Potions","damage_taken":0,"max_hp_gain":0,"max_hp_loss":0,"event_name":"Lab","floor":4,"gold_loss":0},{"damage_healed":0,"gold_gain":0,"player_choice":"Take Damage","damage_taken":20,"relics_obtained":["Golden Idol"],"max_hp_gain":0,"max_hp_loss":0,"event_name":"Golden Idol","floor":12,"gold_loss":0},{"damage_healed":0,"gold_gain":0,"player_choice":"Ignored","damage_taken":0,"max_hp_gain":0,"max_hp_loss":0,"event_name":"Ghosts","floor":25,"gold_loss":0},{"damage_healed":0,"gold_gain":0,"player_choice":"Obtained Book","damage_taken":16,"max_hp_gain":0,"max_hp_loss":0,"event_name":"Cursed Tome","floor":27,"gold_loss":0},{"cards_removed":["Strike_R"],"damage_healed":0,"gold_gain":0,"player_choice":"Elegance","damage_taken":0,"max_hp_gain":0,"max_hp_loss":0,"event_name":"Back to Basics","floor":28,"gold_loss":0},{"cards_removed":["Defend_R"],"damage_healed":0,"gold_gain":0,"player_choice":"Purged","damage_taken":0,"max_hp_gain":0,"max_hp_loss":0,"event_name":"Purifier","floor":30,"gold_loss":0},{"damage_healed":0,"gold_gain":0,"player_choice":"Fight","damage_taken":0,"max_hp_gain":0,"max_hp_loss":0,"event_name":"MindBloom","floor":37,"gold_loss":0},{"damage_healed":0,"gold_gain":0,"player_choice":"Ignored","damage_taken":0,"max_hp_gain":0,"max_hp_loss":0,"event_name":"Mysterious Sphere","floor":38,"gold_loss":0}],"is_beta":false,"boss_relics":[{"not_picked":["Cursed Key","Fusion Hammer"],"picked":"Velvet Choker"},{"not_picked":["Black Star","Eternal Feather"],"picked":"Runic Pyramid"}],"items_purged_floors":[19,22,45],"is_endless":false,"potions_floor_spawned":[3,5,7,14,20,31,33,35,37,41,44,54],"killed_by":"The Heart","ascension_level":1}