{"gold_per_floor":[118,136,136,61,73,73,87,87,87,119,139,62,91,103,103,177,177,197,247,262,282,182,182,216,216,216,216,228,246,257,285,285,360,360,377,213,213,1212,368,368,395,395,443,190,207,207,207,223,223,223,223,223,223,6,31,31],"floor_reached":57,"playtime":3204,"items_purged":["Strike_G","Strike_G","Strike_G","Normality","Defend_G"],"score":2660,"play_id":"5ec54933-9a37-4cc6-b366-a1754555d3cf","local_time":"20190709160914","is_ascension_mode":true,"campfire_choices":[{"data":"Predator","floor":6.0,"key":"SMITH"},{"data":"Tactician","floor":8.0,"key":"SMITH"},{"data":"Catalyst","floor":15.0,"key":"SMITH"},{"data":"Bouncing Flask","floor":23.0,"key":"SMITH"},{"data":"Strike_G","floor":25.0,"key":"PURGE"},{"floor":27.0,"key":"REST"},{"data":"Strike_G","floor":32.0,"key":"PURGE"},{"data":"Normality","floor":40.0,"key":"PURGE"},{"data":"Enlightenment","floor":47,"key":"SMITH"},{"floor":49,"key":"RECALL"},{"data":"Footwork","floor":53,"key":"SMITH"}],"neow_cost":"NONE","seed_source_timestamp":83392711820640,"circlet_count":0,"master_deck":["AscendersBane","Defend_G","Defend_G","Defend_G+1","Survivor","Neutralize","Acrobatics+1","Predator+1","Tactician+1","Catalyst+1","Bouncing Flask+1","Adrenaline","PiercingWail","Bullet Time","Night Terror","Footwork+1","Finesse","Thinking Ahead","Escape Plan","Enlightenment+1","Footwork+1"],"special_seed":0,"relics":["Ring of the Snake","NeowsBlessing","Pantograph","Matryoshka","War Paint","Runic Pyramid","Peace Pipe","Lantern","Mummified Hand","Juzu Bracelet","Eternal Feather","Bird Faced Urn","Thread and Needle","Boot","Dream Catcher","Medical Kit","Bag of Marbles"],"potions_floor_usage":[51,56],"damage_taken":[{"damage":0.0,"enemies":"Cultist","floor":1.0,"turns":1.0},{"damage":0.0,"enemies":"2 Louse","floor":2.0,"turns":2.0},{"damage":0.0,"enemies":"Small Slimes","floor":5.0,"turns":1.0},{"damage":1.0,"enemies":"Blue Slaver","floor":7.0,"turns":7.0},{"damage":8.0,"enemies":"Gremlin Nob","floor":10.0,"turns":3.0},{"damage":0.0,"enemies":"Large Slime","floor":11.0,"turns":5.0},{"damage":17.0,"enemies":"Lagavulin","floor":13.0,"turns":6.0},{"damage":3.0,"enemies":"Looter","floor":14.0,"turns":3.0},{"damage":39.0,"enemies":"Slime Boss","floor":16.0,"turns":11.0},{"damage":12.0,"enemies":"3 Byrds","floor":18.0,"turns":7.0},{"damage":15.0,"enemies":"2 Thieves","floor":20.0,"turns":5.0},{"damage":3.0,"enemies":"Snake Plant","floor":21.0,"turns":5.0},{"damage":17.0,"enemies":"Book of Stabbing","floor":24.0,"turns":5.0},{"damage":2.0,"enemies":"Cultist and Chosen","floor":28.0,"turns":7.0},{"damage":0.0,"enemies":"Snecko","floor":29.0,"turns":3.0},{"damage":0.0,"enemies":"Shelled Parasite and Fungi","floor":30.0,"turns":4.0},{"damage":6.0,"enemies":"Gremlin Leader","floor":31.0,"turns":6.0},{"damage":20.0,"enemies":"Champ","floor":33.0,"turns":9.0},{"damage":0.0,"enemies":"3 Shapes","floor":35.0,"turns":7.0},{"damage":43.0,"enemies":"Reptomancer","floor":41.0,"turns":5.0},{"damage":0,"enemies":"Orb Walker","floor":45,"turns":2},{"damage":2,"enemies":"Maw","floor":48,"turns":4},{"damage":26,"enemies":"Time Eater","floor":50,"turns":3},{"damage":48,"enemies":"Awakened One","floor":51,"turns":12},{"damage":12,"enemies":"Shield and Spear","floor":55,"turns":6},{"damage":33,"enemies":"The Heart","floor":56,"turns":7}],"seed_played":"6437913369515690401","potions_obtained":[{"floor":1.0,"key":"FearPotion"},{"floor":7.0,"key":"Poison Potion"},{"floor":10.0,"key":"GamblersBrew"},{"floor":20.0,"key":"SkillPotion"},{"floor":29.0,"key":"PowerPotion"},{"floor":30.0,"key":"GamblersBrew"},{"floor":48,"key":"GamblersBrew"}],"is_trial":false,"path_per_floor":["M","M","T","$","M","R","M","R","T","E","M","$","E","M","R","B",null,"M","?","M","M","$","R","E","R","T","R","M","M","M","E","R","B",null,"M","$","?","?","$","R","E","?","T","$","M","?","R","M","R","B","B",null,"R","$","E","B",null],"character_chosen":"THE_SILENT","items_purchased":["Bouncing Flask","Footwork","Bird Faced Urn","Finesse","Thinking Ahead","Ancient Potion","GhostInAJar","Medical Kit"],"campfire_rested":1,"item_purchase_floors":[12,36,39,39,39,39,44,54],"current_hp_per_floor":[59,59,59,59,59,59,58,58,58,50,50,50,33,30,30,16,54,42,42,27,24,24,24,7,7,7,26,24,24,24,18,18,23,55,55,55,55,55,55,66,23,23,23,23,25,25,37,37,49,37,15,51,63,63,51,34],"gold":31,"neow_bonus":"THREE_ENEMY_KILL","is_prod":false,"is_daily":false,"chose_seed":false,"campfire_upgraded":6,"win_rate":0,"timestamp":1562659754,"path_taken":["M","?","?","$","?","R","M","R","T","E","M","$","E","?","R","BOSS","M","?","M","M","$","R","E","R","T","R","M","M","M","E","R","BOSS","M","$","?","?","$","R","E","?","T","?","M","?","R","M","R","BOSS","BOSS","R","$","E","BOSS"],"build_version":"2019-07-05","purchased_purges":5,"victory":true,"max_hp_per_floor":[66,66,66,66,66,66,66,66,66,66,66,66,66,66,66,66,66,66,66,66,66,66,66,66,66,66,66,66,66,66,66,66,66,66,66,66,66,66,66,66,66,66,66,66,66,63,63,63,63,63,63,63,63,63,63,63],"card_choices":[{"not_picked":["Infinite Blades","Dodge and Roll"],"picked":"Acrobatics","floor":1.0},{"not_picked":["Expertise","Cloak And Dagger","Dagger Throw"],"picked":"SKIP","floor":2.0},{"not_picked":["Distraction","PiercingWail"],"picked":"Predator","floor":5.0},{"not_picked":["Acrobatics","Quick Slash"],"picked":"Tactician","floor":7.0},{"not_picked":["Dodge and Roll","Quick Slash"],"picked":"Catalyst","floor":10.0},{"not_picked":["Reflex","Phantasmal Killer","Dodge and Roll"],"picked":"SKIP","floor":11.0},{"not_picked":["Masterful Stab","Prepared","Dagger Spray"],"picked":"SKIP","floor":13.0},{"not_picked":["Flying Knee","Skewer","Dodge and Roll"],"picked":"SKIP","floor":14.0},{"not_picked":["Phantasmal Killer","Night Terror"],"picked":"Adrenaline","floor":16.0},{"not_picked":["Dagger Spray","Deflect","Blur"],"picked":"SKIP","floor":18.0},{"not_picked":["Deadly Poison+1","Accuracy"],"picked":"PiercingWail","floor":20.0},{"not_picked":["Poisoned Stab","Backflip","Dagger Spray"],"picked":"SKIP","floor":21.0},{"not_picked":["Cloak And Dagger+1","Accuracy"],"picked":"Bullet Time","floor":24.0},{"not_picked":["Choke+1","Deadly Poison","Deflect"],"picked":"SKIP","floor":28.0},{"not_picked":["Eviscerate+1","Sucker Punch+1","Dagger Spray"],"picked":"SKIP","floor":29.0},{"not_picked":["Slice+1","Flechettes","Blade Dance"],"picked":"SKIP","floor":30.0},{"not_picked":["Slice+1","Flechettes","Blade Dance"],"picked":"SKIP","floor":30.0},{"not_picked":["Outmaneuver","Infinite Blades","Sucker Punch"],"picked":"SKIP","floor":31.0},{"not_picked":["Venomology","Glass Knife"],"picked":"Night Terror","floor":33.0},{"not_picked":["Underhanded Strike","Blade Dance","Backstab+1"],"picked":"SKIP","floor":35.0},{"not_picked":["Poisoned Stab","Slice"],"picked":"Escape Plan","floor":41.0},{"not_picked":["Deep Breath","Metamorphosis"],"picked":"Enlightenment","floor":42},{"not_picked":["Acrobatics","Blade Dance+1","Flechettes"],"picked":"SKIP","floor":45},{"not_picked":["Quick Slash","Blade Dance","Backflip+1"],"picked":"SKIP","floor":48},{"not_picked":["Outmaneuver","Skewer+1"],"picked":"Footwork+1","floor":55}],"player_experience":1074029,"relics_obtained":[{"floor":9.0,"key":"Pantograph"},{"floor":10.0,"key":"Matryoshka"},{"floor":13.0,"key":"War Paint"},{"floor":24.0,"key":"Peace Pipe"},{"floor":26.0,"key":"Lantern"},{"floor":26.0,"key":"Mummified Hand"},{"floor":31.0,"key":"Juzu Bracelet"},{"floor":41.0,"key":"Thread and Needle"},{"floor":43,"key":"Boot"},{"floor":43,"key":"Dream Catcher"},{"floor":55,"key":"Bag of Marbles"}],"event_choices":[{"damage_healed":0.0,"max_hp_gain":0.0,"max_hp_loss":0.0,"gold_gain":50.0,"event_name":"Nest","player_choice":"Stole From Cult","floor":19.0,"gold_loss":0.0,"damage_taken":0.0},{"cards_removed":["Defend_G"],"damage_healed":0.0,"max_hp_gain":0.0,"max_hp_loss":0.0,"gold_gain":0.0,"event_name":"Falling","player_choice":"Removed Skill","floor":37.0,"gold_loss":0.0,"damage_taken":0.0},{"damage_healed":0.0,"max_hp_gain":0.0,"max_hp_loss":0.0,"gold_gain":999.0,"event_name":"MindBloom","player_choice":"Gold","floor":38.0,"gold_loss":0.0,"damage_taken":0.0,"cards_obtained":["Normality","Normality"]},{"damage_healed":0,"gold_gain":0,"player_choice":"Memory 1","damage_taken":0,"max_hp_gain":0,"max_hp_loss":0,"event_name":"SensoryStone","floor":42,"gold_loss":0},{"damage_healed":0,"gold_gain":0,"player_choice":"Max HP","damage_taken":0,"max_hp_gain":0,"max_hp_loss":3,"event_name":"Winding Halls","floor":46,"gold_loss":0}],"is_beta":false,"boss_relics":[{"not_picked":["Lizard Tail","Busted Crown"],"picked":"Runic Pyramid"},{"not_picked":["Orrery","Snecko Eye"],"picked":"Eternal Feather"}],"items_purged_floors":[4,22,36,39,44],"is_endless":false,"potions_floor_spawned":[1,7,10,20,29,30,35,48],"ascension_level":20}