{"gold_per_floor":[15,29,29,29,29,64,79,110,137,156,175,202,56,72,72,72],"floor_reached":16,"playtime":1788,"items_purged":[],"score":159,"play_id":"1b5f4451-c573-4d9b-aabd-a69e54004c26","local_time":"20190522193947","is_ascension_mode":true,"campfire_choices":[{"floor":15,"key":"REST"}],"neow_cost":"NO_GOLD","seed_source_timestamp":470382728711400,"circlet_count":0,"master_deck":["Defend_G","Defend_G","Defend_G","Defend_G","Defend_G","Strike_G","Strike_G","Strike_G","Strike_G","Strike_G","Survivor","Neutralize+1","Flying Knee","Predator","Heel Hook","Outmaneuver","Poisoned Stab","Leg Sweep"],"relics":["Ring of the Snake","Vajra","Boot","Snake Skull","Ninja Scroll","Blood Vial"],"potions_floor_usage":[12,12,16,16,16],"damage_taken":[{"damage":0,"enemies":"Jaw Worm","floor":1,"turns":8},{"damage":0,"enemies":"2 Louse","floor":2,"turns":2},{"damage":18,"enemies":"3 Sentries","floor":6,"turns":10},{"damage":0,"enemies":"Small Slimes","floor":7,"turns":2},{"damage":33,"enemies":"Lagavulin","floor":8,"turns":8},{"damage":3,"enemies":"Looter","floor":10,"turns":2},{"damage":6,"enemies":"2 Fungi Beasts","floor":11,"turns":3},{"damage":1,"enemies":"3 Sentries","floor":12,"turns":6},{"damage":0,"enemies":"Red Slaver","floor":14,"turns":2},{"damage":63,"enemies":"Slime Boss","floor":16,"turns":9}],"seed_played":"-5929408492749423011","potions_obtained":[{"floor":1,"key":"EssenceOfSteel"},{"floor":10,"key":"Weak Potion"},{"floor":11,"key":"SkillPotion"},{"floor":12,"key":"SkillPotion"},{"floor":14,"key":"Ancient Potion"}],"is_trial":false,"path_per_floor":["M","M","?","?","?","E","M","E","T","M","M","E","$","M","R","B"],"character_chosen":"THE_SILENT","items_purchased":["Blood Vial"],"campfire_rested":1,"item_purchase_floors":[13],"current_hp_per_floor":[84,84,84,84,89,71,71,38,38,35,29,28,28,30,56,0],"gold":72,"neow_bonus":"TWENTY_PERCENT_HP_BONUS","is_prod":false,"is_daily":false,"chose_seed":false,"campfire_upgraded":0,"win_rate":0,"timestamp":1558579187,"path_taken":["M","M","?","?","?","E","?","E","T","M","M","E","$","M","R","BOSS"],"build_version":"2019-01-23","purchased_purges":0,"victory":false,"max_hp_per_floor":[84,84,84,84,89,89,89,89,89,89,89,89,89,89,89,89],"card_choices":[{"not_picked":["Expertise","Dagger Spray"],"picked":"Flying Knee","floor":1},{"not_picked":["Outmaneuver","Dagger Throw"],"picked":"Predator","floor":2},{"not_picked":["Riddle With Holes","Cloak And Dagger"],"picked":"Heel Hook","floor":6},{"not_picked":["Outmaneuver","Blade Dance","Underhanded Strike"],"picked":"SKIP","floor":7},{"not_picked":["Prepared","Slice","All Out Attack"],"picked":"SKIP","floor":8},{"not_picked":["Slice","Distraction"],"picked":"Outmaneuver","floor":10},{"not_picked":["Terror","Blade Dance"],"picked":"Poisoned Stab","floor":11},{"not_picked":["Terror","PiercingWail"],"picked":"Leg Sweep","floor":12},{"not_picked":["Bane","Distraction","Venomology"],"picked":"SKIP","floor":14}],"player_experience":521340,"relics_obtained":[{"floor":6,"key":"Vajra"},{"floor":8,"key":"Boot"},{"floor":9,"key":"Snake Skull"},{"floor":12,"key":"Ninja Scroll"}],"event_choices":[{"damage_healed":0,"gold_gain":0,"player_choice":"Grow","damage_taken":0,"max_hp_gain":0,"max_hp_loss":0,"event_name":"Living Wall","floor":3,"gold_loss":0,"cards_upgraded":["Neutralize"]},{"damage_healed":0,"gold_gain":0,"player_choice":"Leave","damage_taken":0,"max_hp_gain":0,"max_hp_loss":0,"event_name":"The Cleric","floor":4,"gold_loss":0},{"damage_healed":0,"gold_gain":0,"player_choice":"Donut","damage_taken":0,"max_hp_gain":5,"max_hp_loss":0,"event_name":"Big Fish","floor":5,"gold_loss":0}],"is_beta":false,"boss_relics":[],"items_purged_floors":[],"is_endless":false,"potions_floor_spawned":[1,10,11,12,14],"killed_by":"Slime Boss","ascension_level":2}