{"gold_per_floor":[369,95,170,182,182,182,152,152,231,2,12,47,61,74,74,172,172,189,189,203,216,216],"floor_reached":22,"playtime":1672,"items_purged":["Strike_G","Strike_G"],"score":205,"play_id":"411ec0e8-a805-499c-81ce-48f49ce579a4","local_time":"20190113191633","is_ascension_mode":true,"campfire_choices":[{"floor":6,"key":"REST"},{"data":"Apotheosis","floor":8,"key":"SMITH"},{"floor":15,"key":"REST"}],"neow_cost":"PERCENT_DAMAGE","seed_source_timestamp":604345182521432,"circlet_count":0,"master_deck":["Survivor","Neutralize","Dagger Throw","Apotheosis+1","Cloak And Dagger","Blade Dance","Poisoned Stab","Infinite Blades","Underhanded Strike","Flying Knee","Deadly Poison","Adrenaline","Endless Agony","Riddle With Holes","Well Laid Plans","Tactician","Outmaneuver","Reflex","Infinite Blades","Footwork","Bane+1","Cloak And Dagger+1","Prepared"],"relics":["Ring of the Snake","Matryoshka","PreservedInsect","Pandora\u0027s Box"],"potions_floor_usage":[12,16,20,21,22],"damage_taken":[{"damage":0,"enemies":"Cultist","floor":1,"turns":4},{"damage":3,"enemies":"Small Slimes","floor":4,"turns":4},{"damage":0,"enemies":"Jaw Worm","floor":11,"turns":4},{"damage":10,"enemies":"Gremlin Nob","floor":12,"turns":4},{"damage":0,"enemies":"Red Slaver","floor":13,"turns":5},{"damage":8,"enemies":"3 Louse","floor":14,"turns":3},{"damage":23,"enemies":"The Guardian","floor":16,"turns":10},{"damage":9,"enemies":"3 Byrds","floor":18,"turns":4},{"damage":10,"enemies":"Spheric Guardian","floor":20,"turns":4},{"damage":13,"enemies":"Centurion and Healer","floor":21,"turns":4},{"damage":45,"enemies":"Masked Bandits","floor":22,"turns":3}],"seed_played":"-2933074466918226035","potions_obtained":[{"floor":7,"key":"SteroidPotion"},{"floor":7,"key":"Poison Potion"},{"floor":11,"key":"SpeedPotion"},{"floor":13,"key":"Regen Potion"},{"floor":14,"key":"AttackPotion"},{"floor":16,"key":"SpeedPotion"},{"floor":19,"key":"Fire Potion"},{"floor":19,"key":"Block Potion"},{"floor":21,"key":"GhostInAJar"}],"is_trial":false,"path_per_floor":["M","$","?","M","?","R","?","R","T","$","M","E","M","M","R","B",null,"M","?","M","M","?"],"character_chosen":"THE_SILENT","items_purchased":["Apotheosis","Cloak And Dagger","Poisoned Stab","Infinite Blades"],"campfire_rested":2,"item_purchase_floors":[2,2,10,10],"current_hp_per_floor":[49,49,38,35,35,56,56,56,56,56,56,46,46,38,59,36,70,61,61,51,38,0],"gold":216,"neow_bonus":"TWO_FIFTY_GOLD","is_prod":false,"is_daily":false,"chose_seed":false,"campfire_upgraded":1,"win_rate":0,"timestamp":1547367393,"path_taken":["M","$","?","M","?","R","?","R","T","$","M","E","M","?","R","BOSS","M","?","?","M","?"],"build_version":"2019-01-10","purchased_purges":2,"victory":false,"max_hp_per_floor":[70,70,70,70,70,70,70,70,70,70,70,70,70,70,70,70,70,70,70,70,70,70],"card_choices":[{"not_picked":["Sucker Punch","Skewer"],"picked":"Dagger Throw","floor":1},{"not_picked":["Underhanded Strike","Choke"],"picked":"Blade Dance","floor":4},{"not_picked":["Prepared","Dagger Throw"],"picked":"Underhanded Strike","floor":11},{"not_picked":["Unload","Flechettes"],"picked":"Flying Knee","floor":12},{"not_picked":["Skewer","Calculated Gamble","Distraction"],"picked":"SKIP","floor":13},{"not_picked":["Reflex","Distraction"],"picked":"Deadly Poison","floor":14},{"not_picked":["Storm of Steel","Malaise"],"picked":"Adrenaline","floor":16},{"not_picked":["Backflip","Sucker Punch"],"picked":"Bane+1","floor":18},{"not_picked":["Backflip","Leg Sweep"],"picked":"Cloak And Dagger+1","floor":20},{"not_picked":["Endless Agony","Dagger Spray"],"picked":"Prepared","floor":21}],"player_experience":426314,"relics_obtained":[{"floor":9,"key":"Matryoshka"},{"floor":12,"key":"PreservedInsect"}],"event_choices":[{"damage_healed":0,"gold_gain":75,"player_choice":"Gather Gold","damage_taken":11,"max_hp_gain":0,"max_hp_loss":0,"event_name":"World of Goop","floor":3,"gold_loss":0},{"damage_healed":0,"gold_gain":0,"player_choice":"Ignored","damage_taken":0,"max_hp_gain":0,"max_hp_loss":0,"event_name":"Shining Light","floor":5,"gold_loss":0},{"damage_healed":0,"gold_gain":0,"player_choice":"Bought 2 Potions","damage_taken":0,"max_hp_gain":0,"max_hp_loss":0,"event_name":"The Woman in Blue","floor":7,"gold_loss":0},{"damage_healed":0,"gold_gain":0,"player_choice":"Got Potions","damage_taken":0,"max_hp_gain":0,"max_hp_loss":0,"event_name":"Lab","floor":19,"gold_loss":0},{"damage_healed":0,"gold_gain":0,"player_choice":"Fought Bandits","damage_taken":0,"max_hp_gain":0,"max_hp_loss":0,"event_name":"Masked Bandits","floor":22,"gold_loss":0}],"is_beta":false,"boss_relics":[{"not_picked":["Lizard Tail","Philosopher\u0027s Stone"],"picked":"Pandora\u0027s Box"}],"items_purged_floors":[2,10],"is_endless":false,"potions_floor_spawned":[11,13,14,16,21],"killed_by":"Masked Bandits","ascension_level":2}