{"gold_per_floor":[363,382,401,40,70,70,90,90,116,128,154,154,154,169,169,268,268,285,320,419,419,429,456,456,160,215,215,228,113,128,153,153,153],"floor_reached":33,"playtime":1983,"items_purged":["Strike_R","Defend_R"],"score":265,"play_id":"6b3c20be-50b2-4511-a615-594ce3e85d02","local_time":"20181214163704","is_ascension_mode":false,"campfire_choices":[{"floor":6.0,"key":"REST"},{"floor":8.0,"key":"RECALL"},{"floor":15.0,"key":"REST"},{"floor":24,"key":"REST"},{"data":"Limit Break","floor":27,"key":"SMITH"},{"floor":32,"key":"REST"}],"neow_cost":"PERCENT_DAMAGE","seed_source_timestamp":0,"circlet_count":0,"master_deck":["Strike_R","Defend_R","Bash","Heavy Blade","Havoc","Warcry","Thunderclap","Rage","Immolate","Wild Strike","Dark Embrace","Armaments","Battle Trance+1","Clothesline+1","Anger","Limit Break+1","Inflame","Shrug It Off+1","Flame Barrier","Wild Strike+1"],"special_seed":0,"relics":["Burning Blood","Incense Burner","Tiny Chest","Regal Pillow","Happy Flower","Empty Cage","Red Mask","Singing Bowl","Dream Catcher"],"potions_floor_usage":[18,22,30,30],"damage_taken":[{"damage":8.0,"enemies":"Jaw Worm","floor":1.0,"turns":4.0},{"damage":7.0,"enemies":"2 Louse","floor":2.0,"turns":3.0},{"damage":10.0,"enemies":"Cultist","floor":3.0,"turns":4.0},{"damage":15.0,"enemies":"Exordium Wildlife","floor":7.0,"turns":4.0},{"damage":5.0,"enemies":"Gremlin Gang","floor":10.0,"turns":4.0},{"damage":20.0,"enemies":"Gremlin Nob","floor":11.0,"turns":4.0},{"damage":2.0,"enemies":"Lots of Slimes","floor":14.0,"turns":3.0},{"damage":22.0,"enemies":"Slime Boss","floor":16.0,"turns":8.0},{"damage":36,"enemies":"Shell Parasite","floor":18,"turns":6},{"damage":0,"enemies":"Masked Bandits","floor":19,"turns":1},{"damage":0,"enemies":"Chosen","floor":22,"turns":3},{"damage":38,"enemies":"Slavers","floor":23,"turns":4},{"damage":36,"enemies":"Centurion and Healer","floor":28,"turns":5},{"damage":32,"enemies":"Shelled Parasite and Fungi","floor":30,"turns":4},{"damage":56,"enemies":"Champ","floor":33,"turns":10}],"seed_played":"-1113958258772391544","potions_obtained":[{"floor":1.0,"key":"PowerPotion"},{"floor":2.0,"key":"FearPotion"},{"floor":7.0,"key":"SpeedPotion"},{"floor":11.0,"key":"Fire Potion"},{"floor":18,"key":"Poison Potion"},{"floor":22,"key":"SpeedPotion"}],"is_trial":false,"path_per_floor":["M","M","M","$","?","R","M","R","T","M","E","?","?","M","R","B",null,"M","?","?","?","M","E","R","$","T","R","M","$","M","T","R","B"],"character_chosen":"IRONCLAD","items_purchased":["Incense Burner","Limit Break","Inflame","Flame Barrier","Energy Potion"],"campfire_rested":4,"item_purchase_floors":[4,25,25,29,29],"current_hp_per_floor":[54,53,49,49,46,70,61,61,61,62,48,48,41,45,80,64,80,50,56,56,56,62,30,69,69,69,69,39,39,15,15,54,0],"gold":153,"neow_bonus":"TWO_FIFTY_GOLD","is_prod":false,"is_daily":false,"chose_seed":false,"campfire_upgraded":1,"win_rate":0,"timestamp":1544765824,"path_taken":["M","M","M","$","?","R","M","R","T","M","E","?","?","?","R","BOSS","M","?","?","?","M","E","R","$","T","R","?","$","M","?","R","BOSS"],"build_version":"2018-12-13","purchased_purges":2,"victory":false,"max_hp_per_floor":[80,80,80,80,80,80,80,80,80,80,80,80,80,80,80,80,80,80,80,80,80,80,80,80,80,80,80,80,80,82,82,82,82],"card_choices":[{"not_picked":["Rage","Bloodletting"],"picked":"Heavy Blade","floor":1.0},{"not_picked":["Twin Strike","Dropkick"],"picked":"Havoc","floor":2.0},{"not_picked":["Clash","Dual Wield"],"picked":"Warcry","floor":3.0},{"not_picked":["Wild Strike","Hemokinesis"],"picked":"Thunderclap","floor":7.0},{"not_picked":["Sentinel","Feel No Pain"],"picked":"Rage","floor":10.0},{"not_picked":["Ghostly Armor","Rampage"],"picked":"Immolate","floor":11.0},{"not_picked":["Pommel Strike","Havoc","Whirlwind"],"picked":"SKIP","floor":14.0},{"not_picked":["Exhume","Berserk"],"picked":"Dark Embrace","floor":16.0},{"not_picked":["Flex+1","Sever Soul"],"picked":"Armaments","floor":18},{"not_picked":["Body Slam","Entrench+1"],"picked":"Battle Trance+1","floor":19},{"not_picked":["Heavy Blade+1","Perfected Strike"],"picked":"Clothesline+1","floor":22},{"not_picked":["Infernal Blade","Fire Breathing"],"picked":"Anger","floor":23},{"not_picked":["Headbutt","Bloodletting+1"],"picked":"Shrug It Off+1","floor":28},{"not_picked":["Perfected Strike","Blood for Blood","Shockwave+1"],"picked":"Singing Bowl","floor":30},{"not_picked":["Sword Boomerang","Body Slam+1"],"picked":"Wild Strike+1","floor":32}],"player_experience":223823,"relics_obtained":[{"floor":9.0,"key":"Regal Pillow"},{"floor":11.0,"key":"Happy Flower"},{"floor":19,"key":"Red Mask"},{"floor":23,"key":"Singing Bowl"},{"floor":31,"key":"Dream Catcher"}],"event_choices":[{"damage_healed":0.0,"max_hp_gain":0.0,"max_hp_loss":0.0,"gold_gain":0.0,"event_name":"Scrap Ooze","player_choice":"Success","floor":5.0,"gold_loss":0.0,"damage_taken":3.0,"relics_obtained":["Tiny Chest"]},{"damage_healed":0.0,"max_hp_gain":0.0,"max_hp_loss":0.0,"gold_gain":0.0,"cards_transformed":["Strike_R"],"event_name":"Living Wall","player_choice":"Change","floor":12.0,"gold_loss":0.0,"damage_taken":0.0,"cards_obtained":["Wild Strike"]},{"cards_removed":["Strike_R"],"damage_healed":0.0,"max_hp_gain":0.0,"max_hp_loss":0.0,"gold_gain":0.0,"event_name":"Golden Wing","player_choice":"Card Removal","floor":13.0,"gold_loss":0.0,"damage_taken":7.0},{"damage_healed":0,"gold_gain":0,"player_choice":"Fought Bandits","damage_taken":0,"max_hp_gain":0,"max_hp_loss":0,"event_name":"Masked Bandits","floor":19,"gold_loss":0},{"damage_healed":0,"gold_gain":99,"player_choice":"Stole From Cult","damage_taken":0,"max_hp_gain":0,"max_hp_loss":0,"event_name":"Nest","floor":20,"gold_loss":0},{"cards_removed":["Defend_R"],"damage_healed":0,"gold_gain":0,"player_choice":"Elegance","damage_taken":0,"max_hp_gain":0,"max_hp_loss":0,"event_name":"Back to Basics","floor":21,"gold_loss":0}],"is_beta":false,"boss_relics":[{"not_picked":["Philosopher\u0027s Stone","Eternal Feather"],"picked":"Empty Cage"}],"items_purged_floors":[4,25],"is_endless":false,"potions_floor_spawned":[1,2,7,11,18,22],"killed_by":"Champ","ascension_level":0}