{"gold_per_floor":[213,259,272,290,309,343,343,343,343,358,374,385,385,310,310,406,406,416,48,65,65,80,80,80,99,99,99,119,132,148,159,159,159],"floor_reached":33,"playtime":2718,"items_purged":["Defend_R","Defend_R"],"score":280,"play_id":"44fc3289-f5fc-48b0-bad3-aed23d46853d","local_time":"20190805230415","is_ascension_mode":false,"campfire_choices":[{"floor":7.0,"key":"REST"},{"data":"Pommel Strike","floor":13.0,"key":"SMITH"},{"data":"Armaments","floor":15.0,"key":"SMITH"},{"data":"Brutality","floor":23.0,"key":"SMITH"},{"data":"Armaments","floor":27.0,"key":"SMITH"},{"floor":32.0,"key":"REST"}],"neow_cost":"NONE","seed_source_timestamp":0,"circlet_count":0,"master_deck":["Strike_R","Strike_R","Strike_R","Strike_R","Strike_R","Defend_R","Defend_R","Bash","Carnage","Cleave","Anger+1","Pommel Strike+1","Carnage","Armaments+1","Anger","Brutality+1","Reckless Charge+1","Swift Strike","Cleave+1","Armaments+1","Anger","Anger","Limit Break","Hemokinesis","Pommel Strike"],"special_seed":0,"relics":["Black Blood","Orichalcum","Strawberry","Happy Flower","Membership Card","Centennial Puzzle","Bag of Marbles","Darkstone Periapt"],"potions_floor_usage":[33,33,33],"damage_taken":[{"damage":5.0,"enemies":"Cultist","floor":1.0,"turns":4.0},{"damage":2.0,"enemies":"Small Slimes","floor":3.0,"turns":3.0},{"damage":2.0,"enemies":"2 Louse","floor":4.0,"turns":3.0},{"damage":14.0,"enemies":"Exordium Thugs","floor":5.0,"turns":4.0},{"damage":21.0,"enemies":"3 Sentries","floor":6.0,"turns":7.0},{"damage":4.0,"enemies":"Lots of Slimes","floor":10.0,"turns":4.0},{"damage":7.0,"enemies":"Blue Slaver","floor":11.0,"turns":3.0},{"damage":6.0,"enemies":"Exordium Wildlife","floor":12.0,"turns":3.0},{"damage":25.0,"enemies":"Slime Boss","floor":16.0,"turns":6.0},{"damage":7.0,"enemies":"Chosen","floor":18.0,"turns":4.0},{"damage":7.0,"enemies":"Spheric Guardian","floor":20.0,"turns":3.0},{"damage":6.0,"enemies":"Cultist and Chosen","floor":22.0,"turns":3.0},{"damage":1.0,"enemies":"Snake Plant","floor":25.0,"turns":2.0},{"damage":11.0,"enemies":"Snecko","floor":28.0,"turns":3.0},{"damage":28.0,"enemies":"Shelled Parasite and Fungi","floor":29.0,"turns":4.0},{"damage":30.0,"enemies":"Centurion and Healer","floor":30.0,"turns":4.0},{"damage":9.0,"enemies":"Chosen and Byrds","floor":31.0,"turns":4.0},{"damage":111,"enemies":"Automaton","floor":33,"turns":10}],"seed_played":"-4732387361961284945","potions_obtained":[{"floor":1.0,"key":"GamblersBrew"},{"floor":5.0,"key":"Strength Potion"},{"floor":11.0,"key":"Block Potion"},{"floor":16.0,"key":"BloodPotion"}],"is_trial":false,"path_per_floor":["M","T","M","M","M","E","R","?","T","M","M","M","R","$","R","B",null,"M","$","M","?","M","R","?","M","T","R","M","M","M","M","R","B"],"character_chosen":"IRONCLAD","items_purchased":["Membership Card","Centennial Puzzle","Swift Strike"],"campfire_rested":2,"item_purchase_floors":[19,19,19],"current_hp_per_floor":[80,80,80,80,72,64,87,87,87,87,86,86,86,86,86,67,87,87,87,87,87,87,87,87,87,87,87,86,68,48,49,75,0],"gold":159,"neow_bonus":"HUNDRED_GOLD","is_prod":false,"is_daily":false,"chose_seed":false,"campfire_upgraded":4,"win_rate":0.0,"timestamp":1565060655,"path_taken":["M","?","?","M","M","E","R","?","T","M","?","M","R","$","R","BOSS","M","$","M","?","M","R","?","M","T","R","M","M","?","?","R","BOSS"],"build_version":"2019-07-17","purchased_purges":2,"victory":false,"max_hp_per_floor":[80,80,80,80,80,87,87,87,87,87,87,87,87,87,87,87,87,87,87,87,87,87,87,87,87,87,87,87,87,87,87,87,87],"card_choices":[{"not_picked":["Flame Barrier","Twin Strike"],"picked":"Carnage","floor":1.0},{"not_picked":["Flex","Thunderclap"],"picked":"Cleave","floor":3.0},{"not_picked":["Flex","Feel No Pain"],"picked":"Anger","floor":4.0},{"not_picked":["Headbutt","Cleave"],"picked":"Pommel Strike","floor":5.0},{"not_picked":["Whirlwind","Heavy Blade","True Grit"],"picked":"SKIP","floor":6.0},{"not_picked":["Sever Soul","Demon Form"],"picked":"Carnage","floor":10.0},{"not_picked":["Clash","Body Slam"],"picked":"Armaments","floor":11.0},{"not_picked":["Ghostly Armor","Second Wind"],"picked":"Anger","floor":12.0},{"not_picked":["Impervious","Fiend Fire"],"picked":"Brutality","floor":16.0},{"not_picked":["Metallicize","Heavy Blade+1"],"picked":"Reckless Charge+1","floor":18.0},{"not_picked":["Second Wind","Headbutt"],"picked":"Cleave+1","floor":20.0},{"not_picked":["Flex+1","True Grit"],"picked":"Armaments","floor":22.0},{"not_picked":["Carnage+1","Headbutt+1"],"picked":"Anger","floor":25.0},{"not_picked":["Thunderclap+1","Clash"],"picked":"Limit Break","floor":28.0},{"not_picked":["Twin Strike","Feel No Pain+1"],"picked":"Hemokinesis","floor":29.0},{"not_picked":["Flex","Armaments+1"],"picked":"Pommel Strike","floor":30.0}],"player_experience":6359,"relics_obtained":[{"floor":2.0,"key":"Orichalcum"},{"floor":6.0,"key":"Strawberry"},{"floor":9.0,"key":"Happy Flower"},{"floor":26.0,"key":"Darkstone Periapt"}],"event_choices":[{"damage_healed":0.0,"max_hp_gain":0.0,"max_hp_loss":0.0,"gold_gain":0.0,"event_name":"Accursed Blacksmith","player_choice":"Forge","floor":8.0,"gold_loss":0.0,"damage_taken":0.0,"cards_upgraded":["Anger"]},{"damage_healed":0.0,"max_hp_gain":0.0,"max_hp_loss":0.0,"gold_gain":0.0,"event_name":"The Mausoleum","player_choice":"Opened","floor":21.0,"gold_loss":0.0,"damage_taken":0.0,"relics_obtained":["Bag of Marbles"]},{"damage_healed":0.0,"max_hp_gain":0.0,"max_hp_loss":0.0,"gold_gain":0.0,"event_name":"The Library","player_choice":"Read","floor":24.0,"gold_loss":0.0,"damage_taken":0.0,"cards_obtained":["Anger"]}],"is_beta":false,"boss_relics":[{"not_picked":["Runic Pyramid","Snecko Eye"],"picked":"Black Blood"}],"items_purged_floors":[14,19],"is_endless":false,"potions_floor_spawned":[1,5,11,16,20,28,29,31],"killed_by":"Automaton","ascension_level":0}