{"gold_per_floor":[112,112,132,151,151,151,185,201,227,261,278,34,44,60,60,138,138,152,67,81,81,81,81],"floor_reached":23,"playtime":947,"items_purged":[],"score":406,"play_id":"19cdffda-7628-4220-ae0c-98bf3b865859","local_time":"20190517183811","is_ascension_mode":true,"campfire_choices":[{"data":"Armaments","floor":6.0,"key":"SMITH"},{"data":"Barricade","floor":15.0,"key":"SMITH"}],"neow_cost":"TEN_PERCENT_HP_LOSS","seed_source_timestamp":69073395939952,"circlet_count":0,"master_deck":["AscendersBane","Strike_R","Strike_R","Strike_R","Strike_R","Defend_R","Defend_R","Defend_R","Defend_R","Bash","Armaments+1","Second Wind","Pommel Strike","Flex","Barricade+1","Shrug It Off","Spot Weakness","Power Through","Impervious"],"special_seed":0,"relics":["Burning Blood","Bird Faced Urn","Happy Flower","Centennial Puzzle","Lantern","Lee\u0027s Waffle","Mark of Pain","PreservedInsect"],"potions_floor_usage":[23],"damage_taken":[{"damage":9.0,"enemies":"Jaw Worm","floor":1.0,"turns":5.0},{"damage":1.0,"enemies":"Cultist","floor":3.0,"turns":3.0},{"damage":1.0,"enemies":"2 Louse","floor":4.0,"turns":3.0},{"damage":33.0,"enemies":"Lagavulin","floor":7.0,"turns":9.0},{"damage":12.0,"enemies":"Looter","floor":8.0,"turns":4.0},{"damage":32.0,"enemies":"Gremlin Nob","floor":10.0,"turns":4.0},{"damage":11.0,"enemies":"3 Louse","floor":11.0,"turns":3.0},{"damage":26.0,"enemies":"Lots of Slimes","floor":13.0,"turns":6.0},{"damage":7.0,"enemies":"Exordium Wildlife","floor":14.0,"turns":6.0},{"damage":22.0,"enemies":"The Guardian","floor":16.0,"turns":12.0},{"damage":11.0,"enemies":"2 Thieves","floor":18.0,"turns":5.0},{"damage":5.0,"enemies":"Spheric Guardian","floor":20.0,"turns":10.0},{"damage":58,"enemies":"Slavers","floor":23,"turns":6}],"seed_played":"-8030411282363331672","potions_obtained":[{"floor":4.0,"key":"SkillPotion"},{"floor":7.0,"key":"FearPotion"},{"floor":8.0,"key":"Dexterity Potion"}],"is_trial":false,"path_per_floor":["M","?","M","M","?","R","E","M","T","E","M","$","M","M","R","B",null,"M","?","M","?","?","E"],"character_chosen":"IRONCLAD","items_purchased":["Lee\u0027s Waffle","Shrug It Off"],"campfire_rested":0,"item_purchase_floors":[12,12],"current_hp_per_floor":[65,70,73,73,73,73,46,40,40,14,9,80,62,63,63,49,72,69,69,72,49,49,0],"gold":81,"neow_bonus":"ONE_RARE_RELIC","is_prod":false,"is_daily":false,"chose_seed":false,"campfire_upgraded":2,"win_rate":0,"timestamp":1558089491,"path_taken":["M","?","M","M","?","R","E","M","T","E","M","?","M","M","R","BOSS","M","?","M","?","?","E"],"build_version":"2019-01-23","purchased_purges":0,"victory":false,"max_hp_per_floor":[68,73,73,73,73,73,73,73,73,73,73,80,80,80,80,80,80,80,80,80,85,85,85],"card_choices":[{"not_picked":["Iron Wave","Dropkick"],"picked":"Armaments","floor":1.0},{"not_picked":["Pommel Strike","Heavy Blade"],"picked":"Second Wind","floor":3.0},{"not_picked":["Dual Wield","Sentinel"],"picked":"Pommel Strike","floor":4.0},{"not_picked":["Pommel Strike","Heavy Blade","Warcry"],"picked":"SKIP","floor":7.0},{"not_picked":["Wild Strike","Dual Wield","Ghostly Armor"],"picked":"SKIP","floor":8.0},{"not_picked":["Iron Wave","Anger"],"picked":"Flex","floor":10.0},{"not_picked":["Entrench","Armaments"],"picked":"Barricade","floor":11.0},{"not_picked":["Dual Wield","Headbutt"],"picked":"Spot Weakness","floor":13.0},{"not_picked":["Flex","Carnage"],"picked":"Power Through","floor":14.0},{"not_picked":["Feed","Exhume"],"picked":"Impervious","floor":16.0},{"not_picked":["Anger","Bloodletting","Rupture"],"picked":"SKIP","floor":18.0},{"not_picked":["Cleave","Shrug It Off","Havoc"],"picked":"SKIP","floor":20.0}],"player_experience":855606,"relics_obtained":[{"floor":7.0,"key":"Happy Flower"},{"floor":9.0,"key":"Centennial Puzzle"},{"floor":10.0,"key":"Lantern"}],"event_choices":[{"damage_healed":0.0,"max_hp_gain":5.0,"max_hp_loss":0.0,"gold_gain":0.0,"event_name":"Big Fish","player_choice":"Donut","floor":2.0,"gold_loss":0.0,"damage_taken":0.0},{"cards_removed":["Strike_R"],"damage_healed":0.0,"max_hp_gain":0.0,"max_hp_loss":0.0,"gold_gain":0.0,"event_name":"Bonfire Elementals","player_choice":"Offered Basic","floor":5.0,"gold_loss":0.0,"damage_taken":0.0},{"damage_healed":0.0,"max_hp_gain":0.0,"max_hp_loss":0.0,"gold_gain":0.0,"event_name":"Addict","player_choice":"Obtained Relic","floor":19.0,"gold_loss":85.0,"damage_taken":0.0,"relics_obtained":["PreservedInsect"]},{"damage_healed":0.0,"max_hp_gain":5.0,"max_hp_loss":0.0,"gold_gain":0.0,"event_name":"Forgotten Altar","player_choice":"Shed Blood","floor":21.0,"gold_loss":0.0,"damage_taken":28.0},{"damage_healed":0.0,"max_hp_gain":0.0,"max_hp_loss":0.0,"gold_gain":0.0,"event_name":"Vampires","player_choice":"Ignored","floor":22.0,"gold_loss":0.0,"damage_taken":0.0}],"is_beta":false,"boss_relics":[{"not_picked":["Velvet Choker","Runic Cube"],"picked":"Mark of Pain"}],"items_purged_floors":[],"is_endless":false,"potions_floor_spawned":[4,7,8],"killed_by":"Slavers","ascension_level":20}