{"gold_per_floor":[117,117,3,15,15,15,46,4,4,4,34,34,68,83,83,181,181,194,194],"floor_reached":19,"playtime":1269,"items_purged":["Regret"],"score":192,"play_id":"c7c1be9a-b7a0-4cab-a395-8e4de3648f45","local_time":"20190502201721","is_ascension_mode":true,"campfire_choices":[{"data":"Barricade","floor":6,"key":"SMITH"},{"floor":12,"key":"REST"},{"data":"Body Slam","floor":15,"key":"SMITH"}],"neow_cost":"CURSE","seed_source_timestamp":1802287769587700,"circlet_count":0,"master_deck":["Strike_R+1","Strike_R","Strike_R","Strike_R","Strike_R+1","Defend_R","Defend_R","Defend_R","Defend_R","Bash","Barricade+1","Feel No Pain","Spot Weakness","Heavy Blade","Body Slam+1","Entrench","Double Tap","Shrug It Off+1"],"relics":["Burning Blood","Pocketwatch","The Courier","StoneCalendar","Pantograph","Mark of Pain"],"potions_floor_usage":[7,16],"damage_taken":[{"damage":9,"enemies":"2 Louse","floor":1,"turns":3},{"damage":0,"enemies":"Small Slimes","floor":4,"turns":4},{"damage":17,"enemies":"3 Sentries","floor":7,"turns":11},{"damage":10,"enemies":"Lagavulin","floor":11,"turns":11},{"damage":22,"enemies":"3 Sentries","floor":13,"turns":7},{"damage":6,"enemies":"Cultist","floor":14,"turns":3},{"damage":20,"enemies":"The Guardian","floor":16,"turns":10},{"damage":37,"enemies":"Spheric Guardian","floor":18,"turns":5},{"damage":57,"enemies":"Masked Bandits","floor":19,"turns":4}],"seed_played":"3226917893852566495","potions_obtained":[{"floor":1,"key":"Dexterity Potion"},{"floor":13,"key":"AttackPotion"}],"is_trial":false,"path_per_floor":["M","?","$","M","?","R","E","?","T","$","E","R","E","M","R","B",null,"M","?"],"character_chosen":"IRONCLAD","items_purchased":["Feel No Pain"],"campfire_rested":1,"item_purchase_floors":[3],"current_hp_per_floor":[77,82,82,85,68,68,57,57,57,57,53,78,62,62,62,71,85,54,0],"gold":194,"neow_bonus":"THREE_RARE_CARDS","is_prod":false,"is_daily":false,"chose_seed":false,"campfire_upgraded":2,"win_rate":0,"timestamp":1556853441,"path_taken":["M","?","$","M","?","R","E","?","T","$","E","R","E","M","R","BOSS","M","?"],"build_version":"2019-01-23","purchased_purges":1,"victory":false,"max_hp_per_floor":[80,85,85,85,85,85,85,85,85,85,85,85,85,85,85,85,85,85,85],"card_choices":[{"not_picked":["Reaper","Fiend Fire"],"picked":"Barricade","floor":0},{"not_picked":["Perfected Strike","Anger","Havoc"],"picked":"SKIP","floor":1},{"not_picked":["Flex","Iron Wave"],"picked":"Spot Weakness","floor":4},{"not_picked":["Offering","Pommel Strike"],"picked":"Heavy Blade","floor":7},{"not_picked":["Rampage","Blood for Blood"],"picked":"Body Slam","floor":11},{"not_picked":["Iron Wave","Searing Blow","Clothesline"],"picked":"SKIP","floor":13},{"not_picked":["Headbutt","Rupture"],"picked":"Entrench","floor":14},{"not_picked":["Demon Form","Brutality"],"picked":"Double Tap","floor":16},{"not_picked":["Power Through+1","Headbutt+1"],"picked":"Shrug It Off+1","floor":18}],"player_experience":438095,"relics_obtained":[{"floor":7,"key":"Pocketwatch"},{"floor":9,"key":"The Courier"},{"floor":11,"key":"StoneCalendar"},{"floor":13,"key":"Pantograph"}],"event_choices":[{"damage_healed":0,"gold_gain":0,"player_choice":"Donut","damage_taken":0,"max_hp_gain":5,"max_hp_loss":0,"event_name":"Big Fish","floor":2,"gold_loss":0},{"damage_healed":0,"gold_gain":0,"player_choice":"Entered Light","damage_taken":17,"max_hp_gain":0,"max_hp_loss":0,"event_name":"Shining Light","floor":5,"gold_loss":0,"cards_upgraded":["Strike_R","Strike_R"]},{"damage_healed":0,"gold_gain":0,"player_choice":"Left Gold","damage_taken":0,"max_hp_gain":0,"max_hp_loss":0,"event_name":"World of Goop","floor":8,"gold_loss":42},{"damage_healed":0,"gold_gain":0,"player_choice":"Fought Bandits","damage_taken":0,"max_hp_gain":0,"max_hp_loss":0,"event_name":"Masked Bandits","floor":19,"gold_loss":0}],"is_beta":false,"boss_relics":[{"not_picked":["Empty Cage","Runic Pyramid"],"picked":"Mark of Pain"}],"items_purged_floors":[3],"is_endless":false,"potions_floor_spawned":[1,13],"killed_by":"Masked Bandits","ascension_level":1}