{"gold_per_floor":[114,114,39,39,58,92,92,108,108,136,156,8,23,37,37,132,132,151,161,76,76,76,76],"floor_reached":23,"playtime":1429,"items_purged":["Strike_R"],"score":226,"play_id":"9b75e909-a4ad-4d84-b55a-0dfef0e53b2b","local_time":"20181212133411","is_ascension_mode":false,"campfire_choices":[{"floor":7,"key":"RECALL"},{"floor":15,"key":"REST"}],"neow_cost":"NONE","seed_source_timestamp":1597273306816156,"circlet_count":0,"master_deck":["Strike_R","Strike_R","Strike_R","Strike_R","Defend_R","Defend_R","Defend_R","Defend_R","Bash","Headbutt","Anger","True Grit","Warcry","Juggernaut","Heavy Blade","Rage","Fiend Fire","Metallicize","Battle Trance+1"],"relics":["Burning Blood","NeowsBlessing","Singing Bowl","Ice Cream","Gremlin Horn","Question Card","Runic Cube","Blood Vial"],"potions_floor_usage":[10,11,13,16,19,19,19,23,23],"damage_taken":[{"damage":0,"enemies":"Small Slimes","floor":1,"turns":1},{"damage":0,"enemies":"2 Louse","floor":5,"turns":1},{"damage":0,"enemies":"Lagavulin","floor":6,"turns":1},{"damage":1,"enemies":"Cultist","floor":8,"turns":3},{"damage":33,"enemies":"3 Sentries","floor":10,"turns":8},{"damage":5,"enemies":"Lots of Slimes","floor":11,"turns":2},{"damage":6,"enemies":"Exordium Thugs","floor":13,"turns":5},{"damage":3,"enemies":"2 Fungi Beasts","floor":14,"turns":4},{"damage":37,"enemies":"Hexaghost","floor":16,"turns":8},{"damage":27,"enemies":"Spheric Guardian","floor":18,"turns":4},{"damage":24,"enemies":"3 Byrds","floor":19,"turns":4},{"damage":58,"enemies":"Gremlin Leader","floor":23,"turns":5}],"seed_played":"-7412405687916609898","potions_obtained":[{"floor":4,"key":"Strength Potion"},{"floor":4,"key":"Poison Potion"},{"floor":4,"key":"SpeedPotion"},{"floor":5,"key":"Explosive Potion"},{"floor":6,"key":"Swift Potion"},{"floor":10,"key":"Poison Potion"},{"floor":11,"key":"BloodPotion"},{"floor":18,"key":"EntropicBrew"},{"floor":19,"key":"Dexterity Potion"}],"is_trial":false,"path_per_floor":["M","?","$","?","M","E","R","M","T","E","M","$","M","M","R","B",null,"M","M","?","?","$","E"],"character_chosen":"IRONCLAD","items_purchased":["Juggernaut"],"campfire_rested":1,"item_purchase_floors":[12],"current_hp_per_floor":[80,77,77,77,80,82,82,84,84,57,58,58,58,61,84,53,84,63,53,53,45,45,0],"gold":76,"neow_bonus":"THREE_ENEMY_KILL","is_prod":false,"is_daily":false,"chose_seed":false,"campfire_upgraded":0,"win_rate":0,"timestamp":1544582051,"path_taken":["M","?","$","?","M","E","R","?","T","E","M","?","M","?","R","BOSS","M","M","?","?","$","E"],"build_version":"2018-12-06","purchased_purges":1,"victory":false,"max_hp_per_floor":[80,80,80,80,80,82,82,84,84,84,84,84,84,84,84,84,84,84,84,84,84,84,84],"card_choices":[{"not_picked":["Thunderclap","Clothesline"],"picked":"Headbutt","floor":1},{"not_picked":["Bloodletting","Clothesline"],"picked":"Anger","floor":5},{"not_picked":["Feed","Twin Strike","Fire Breathing"],"picked":"Singing Bowl","floor":6},{"not_picked":["Pommel Strike","Second Wind","Hemokinesis"],"picked":"Singing Bowl","floor":8},{"not_picked":["Bludgeon","Shrug It Off"],"picked":"True Grit","floor":10},{"not_picked":["Ghostly Armor","Carnage","Clothesline"],"picked":"Warcry","floor":11},{"not_picked":["Seeing Red","Warcry","Cleave"],"picked":"Heavy Blade","floor":13},{"not_picked":["Flex","Wild Strike","Offering"],"picked":"Rage","floor":14},{"not_picked":["Dark Embrace","Feed","Offering"],"picked":"Fiend Fire","floor":16},{"not_picked":["Headbutt","Flex+1","Sword Boomerang"],"picked":"Metallicize","floor":18},{"not_picked":["Heavy Blade","Havoc","Wild Strike"],"picked":"Battle Trance+1","floor":19}],"player_experience":205753,"relics_obtained":[{"floor":6,"key":"Ice Cream"},{"floor":9,"key":"Gremlin Horn"},{"floor":10,"key":"Question Card"}],"event_choices":[{"damage_healed":0,"gold_gain":0,"player_choice":"Success","damage_taken":3,"relics_obtained":["Singing Bowl"],"max_hp_gain":0,"max_hp_loss":0,"event_name":"Scrap Ooze","floor":2,"gold_loss":0},{"damage_healed":0,"gold_gain":0,"player_choice":"Got Potions","damage_taken":0,"max_hp_gain":0,"max_hp_loss":0,"event_name":"Lab","floor":4,"gold_loss":0},{"damage_healed":0,"gold_gain":0,"player_choice":"Obtained Relic","damage_taken":0,"relics_obtained":["Blood Vial"],"max_hp_gain":0,"max_hp_loss":0,"event_name":"Addict","floor":20,"gold_loss":85},{"damage_healed":0,"gold_gain":0,"player_choice":"","damage_taken":8,"max_hp_gain":0,"max_hp_loss":0,"event_name":"Knowing Skull","floor":21,"potions_obtained":[],"gold_loss":0,"cards_obtained":[]}],"is_beta":false,"boss_relics":[{"not_picked":["Tiny House","Snecko Eye"],"picked":"Runic Cube"}],"items_purged_floors":[3],"is_endless":false,"potions_floor_spawned":[5,6,10,11,18,19],"killed_by":"Gremlin Leader","ascension_level":0}