{"gold_per_floor":[117,117,132,152,2,28,28,61,61,61,72,90,165,241,241,341,341,357,357,376,376,291,320,320,320,343,19,52,72,72,91,91,188,188,199,246,246],"floor_reached":37,"playtime":2590,"items_purged":["Defend_B"],"score":519,"play_id":"205d1e1b-1e17-4095-be85-4e40861e2c66","local_time":"20190714210430","is_ascension_mode":true,"campfire_choices":[{"data":"Sunder","floor":7,"key":"SMITH"},{"data":"Zap","floor":10,"key":"SMITH"},{"data":"Dualcast","floor":15,"key":"SMITH"},{"floor":24,"key":"REST"},{"floor":30,"key":"REST"},{"floor":32,"key":"REST"}],"neow_cost":"NONE","seed_source_timestamp":263189859534631,"circlet_count":0,"master_deck":["Strike_B+1","Strike_B+1","Defend_B","Defend_B","Defend_B","Zap+1","Dualcast+1","Tempest","Sunder+1","Reinforced Body","Conserve Battery","Ball Lightning","Leap","Core Surge","Defragment","Cold Snap","Stack","Chaos","Multi-Cast","Skim","Double Energy","Buffer","Creative AI","Steam+1","Auto Shields+1"],"relics":["Inserter","PreservedInsect","Bronze Scales","Cables","Whetstone","Eternal Feather","Omamori","Oddly Smooth Stone","Letter Opener","Mercury Hourglass","Cursed Key","Turnip"],"potions_floor_usage":[8,16,18,31],"damage_taken":[{"damage":4,"enemies":"Small Slimes","floor":1,"turns":4},{"damage":7,"enemies":"Jaw Worm","floor":3,"turns":4},{"damage":2,"enemies":"2 Louse","floor":4,"turns":2},{"damage":16,"enemies":"Lagavulin","floor":6,"turns":7},{"damage":10,"enemies":"3 Sentries","floor":8,"turns":4},{"damage":0,"enemies":"2 Fungi Beasts","floor":11,"turns":2},{"damage":6,"enemies":"Looter","floor":12,"turns":2},{"damage":24,"enemies":"Hexaghost","floor":16,"turns":9},{"damage":23,"enemies":"Shell Parasite","floor":18,"turns":7},{"damage":32,"enemies":"2 Thieves","floor":20,"turns":4},{"damage":36,"enemies":"Book of Stabbing","floor":23,"turns":4},{"damage":23,"enemies":"Slavers","floor":28,"turns":5},{"damage":16,"enemies":"Centurion and Healer","floor":29,"turns":6},{"damage":24,"enemies":"Snake Plant","floor":31,"turns":3},{"damage":33,"enemies":"Automaton","floor":33,"turns":12},{"damage":17,"enemies":"Orb Walker","floor":35,"turns":4},{"damage":43,"enemies":"2 Orb Walkers","floor":36,"turns":5},{"damage":9,"enemies":"3 Darklings","floor":37,"turns":2}],"seed_played":"-5270933091830831975","potions_obtained":[{"floor":1,"key":"Regen Potion"},{"floor":3,"key":"Explosive Potion"},{"floor":8,"key":"Ancient Potion"},{"floor":11,"key":"SteroidPotion"},{"floor":18,"key":"Fruit Juice"},{"floor":29,"key":"Energy Potion"},{"floor":31,"key":"SpeedPotion"},{"floor":33,"key":"Ancient Potion"}],"is_trial":false,"path_per_floor":["M","?","M","M","$","E","R","E","T","R","M","M","?","?","R","B",null,"M","?","M","?","?","E","R","?","T","$","E","M","R","M","R","B",null,"M","?","M"],"character_chosen":"DEFECT","items_purchased":["PreservedInsect","Letter Opener"],"campfire_rested":3,"item_purchase_floors":[5,27],"current_hp_per_floor":[71,76,69,67,67,51,51,41,41,41,41,35,24,24,24,15,64,46,46,14,42,42,6,43,43,43,43,20,4,41,17,54,21,69,52,9,0],"gold":246,"neow_bonus":"BOSS_RELIC","is_prod":false,"is_daily":false,"chose_seed":false,"campfire_upgraded":3,"win_rate":0,"timestamp":1563152670,"path_taken":["M","?","M","M","$","E","R","E","T","R","M","M","?","?","R","BOSS","M","?","M","?","?","E","R","?","T","$","E","M","R","M","R","BOSS","M","?","M"],"build_version":"2019-07-05","purchased_purges":1,"victory":false,"max_hp_per_floor":[75,80,80,80,80,80,80,80,80,80,80,80,80,80,80,80,80,85,85,85,85,85,85,85,85,85,85,85,85,85,85,85,85,85,85,85,85],"card_choices":[{"not_picked":["Auto Shields","Doom and Gloom"],"picked":"Tempest","floor":1},{"not_picked":["Go for the Eyes","Barrage"],"picked":"Sunder","floor":3},{"not_picked":["Steam","Hologram"],"picked":"Reinforced Body","floor":4},{"not_picked":["Turbo","Skim"],"picked":"Conserve Battery","floor":6},{"not_picked":["Compile Driver","White Noise"],"picked":"Ball Lightning","floor":8},{"not_picked":["Turbo","Doom and Gloom"],"picked":"Leap","floor":11},{"not_picked":["Hologram","Reprogram","Turbo"],"picked":"SKIP","floor":12},{"not_picked":["All For One","Creative AI"],"picked":"Core Surge","floor":16},{"not_picked":["Hologram","Auto Shields"],"picked":"Defragment","floor":18},{"not_picked":["Stack","Force Field"],"picked":"Cold Snap","floor":20},{"not_picked":["Streamline","Steam"],"picked":"Stack","floor":23},{"not_picked":["Streamline","Aggregate"],"picked":"Skim","floor":28},{"not_picked":["Fusion","Leap"],"picked":"Double Energy","floor":29},{"not_picked":["Loop+1","Go for the Eyes+1"],"picked":"Buffer","floor":31},{"not_picked":["Core Surge","All For One"],"picked":"Creative AI","floor":33},{"not_picked":["Ball Lightning","Beam Cell"],"picked":"Steam+1","floor":35},{"not_picked":["Streamline+1","Storm"],"picked":"Auto Shields+1","floor":36}],"player_experience":380440,"relics_obtained":[{"floor":6,"key":"Bronze Scales"},{"floor":8,"key":"Cables"},{"floor":9,"key":"Whetstone"},{"floor":23,"key":"Oddly Smooth Stone"},{"floor":28,"key":"Mercury Hourglass"},{"floor":36,"key":"Turnip"}],"event_choices":[{"damage_healed":0,"gold_gain":0,"player_choice":"Donut","damage_taken":0,"max_hp_gain":5,"max_hp_loss":0,"event_name":"Big Fish","floor":2,"gold_loss":0},{"damage_healed":0,"gold_gain":75,"player_choice":"Gather Gold","damage_taken":11,"max_hp_gain":0,"max_hp_loss":0,"event_name":"World of Goop","floor":13,"gold_loss":0},{"damage_healed":0,"gold_gain":76,"player_choice":"Gained Gold","damage_taken":0,"max_hp_gain":0,"max_hp_loss":0,"event_name":"Golden Wing","floor":14,"gold_loss":0},{"damage_healed":0,"gold_gain":0,"player_choice":"Ignored","damage_taken":0,"max_hp_gain":0,"max_hp_loss":0,"event_name":"Vampires","floor":19,"gold_loss":0},{"damage_healed":28,"gold_gain":0,"player_choice":"Heal","damage_taken":0,"max_hp_gain":0,"max_hp_loss":0,"event_name":"The Library","floor":21,"gold_loss":0},{"damage_healed":0,"gold_gain":0,"player_choice":"Obtained Relic","damage_taken":0,"relics_obtained":["Omamori"],"max_hp_gain":0,"max_hp_loss":0,"event_name":"Addict","floor":22,"gold_loss":85},{"damage_healed":0,"gold_gain":0,"cards_transformed":["Strike_B","Strike_B"],"player_choice":"Became Test Subject","damage_taken":0,"max_hp_gain":0,"max_hp_loss":0,"event_name":"Drug Dealer","floor":25,"gold_loss":0,"cards_obtained":["Chaos","Multi-Cast"]},{"damage_healed":0,"gold_gain":0,"player_choice":"Fight","damage_taken":0,"max_hp_gain":0,"max_hp_loss":0,"event_name":"Mysterious Sphere","floor":36,"gold_loss":0}],"is_beta":false,"boss_relics":[{"not_picked":["Coffee Dripper","Calling Bell"],"picked":"Eternal Feather"},{"not_picked":["Lizard Tail","Sozu"],"picked":"Cursed Key"}],"items_purged_floors":[27],"is_endless":false,"potions_floor_spawned":[1,3,8,11,18,29,31,33,35],"killed_by":"3 Darklings","ascension_level":5}