{"gold_per_floor":[112,112,131,94,94,94,120,120,120,195,195,195],"floor_reached":12,"playtime":448,"items_purged":[],"score":74,"play_id":"0c1ee488-1955-4943-9526-612b9f692725","local_time":"20181225141351","is_ascension_mode":false,"campfire_choices":[{"floor":6,"key":"RECALL"},{"floor":8,"key":"REST"},{"data":"Burst","floor":11,"key":"SMITH"}],"neow_cost":"TEN_PERCENT_HP_LOSS","seed_source_timestamp":2147666384354740,"circlet_count":0,"master_deck":["Defend_G","Defend_G","Defend_G","Defend_G","Defend_G","Strike_G","Strike_G","Strike_G","Strike_G","Strike_G","Survivor","Neutralize","Burst+1","Backflip","Outmaneuver","Dash","Concentrate"],"relics":["Ring of the Snake","Paper Crane","Ninja Scroll"],"potions_floor_usage":[7,7,7,12],"damage_taken":[{"damage":7,"enemies":"Jaw Worm","floor":1,"turns":5},{"damage":4,"enemies":"Cultist","floor":3,"turns":5},{"damage":5,"enemies":"3 Sentries","floor":7,"turns":8},{"damage":68,"enemies":"Gremlin Nob","floor":12,"turns":5}],"seed_played":"-261205536801668750","potions_obtained":[{"floor":2,"key":"Fire Potion"},{"floor":2,"key":"SneckoOil"},{"floor":2,"key":"AttackPotion"},{"floor":7,"key":"Energy Potion"}],"is_trial":false,"path_per_floor":["M","?","M","$","?","R","E","R","T","?","R","E"],"character_chosen":"THE_SILENT","items_purchased":["Dash"],"campfire_rested":1,"item_purchase_floors":[4],"current_hp_per_floor":[56,56,52,52,52,52,47,63,63,52,52,0],"gold":195,"neow_bonus":"THREE_RARE_CARDS","is_prod":false,"is_daily":false,"chose_seed":false,"campfire_upgraded":1,"win_rate":0,"timestamp":1545707631,"path_taken":["M","?","M","?","?","R","E","R","T","?","R","E"],"build_version":"2018-12-20","purchased_purges":0,"victory":false,"max_hp_per_floor":[63,63,63,63,63,63,63,63,63,63,63,63],"card_choices":[{"not_picked":["A Thousand Cuts","Tools of the Trade"],"picked":"Burst","floor":0},{"not_picked":["Underhanded Strike","Quick Slash"],"picked":"Backflip","floor":1},{"not_picked":["Dagger Spray","Deflect"],"picked":"Outmaneuver","floor":3},{"not_picked":["Leg Sweep","Sucker Punch"],"picked":"Concentrate","floor":7}],"player_experience":303872,"relics_obtained":[{"floor":7,"key":"Paper Crane"},{"floor":9,"key":"Ninja Scroll"}],"event_choices":[{"damage_healed":0,"gold_gain":0,"player_choice":"Got Potions","damage_taken":0,"max_hp_gain":0,"max_hp_loss":0,"event_name":"Lab","floor":2,"gold_loss":0},{"damage_healed":0,"gold_gain":0,"player_choice":"Ignored","damage_taken":0,"max_hp_gain":0,"max_hp_loss":0,"event_name":"Shining Light","floor":5,"gold_loss":0},{"damage_healed":0,"gold_gain":75,"player_choice":"Gather Gold","damage_taken":11,"max_hp_gain":0,"max_hp_loss":0,"event_name":"World of Goop","floor":10,"gold_loss":0}],"is_beta":false,"boss_relics":[],"items_purged_floors":[],"is_endless":false,"potions_floor_spawned":[7],"killed_by":"Gremlin Nob","ascension_level":0}