{"gold_per_floor":[110,126,126,144,156,190,200,200,227,287,287,287,307,339,339,436,436,451,469,73,73,92,92,117,137,160,173,189,223,234,265,265,363,363,374,388,104,120,120,120,134,160,184,184,200,200,54,69,69,69,69,69,28,28],"floor_reached":54,"playtime":6858,"items_purged":["Strike_R"],"score":952,"play_id":"1c6437f4-c235-411d-aff2-9bff251eb3bd","local_time":"20190514215845","is_ascension_mode":true,"campfire_choices":[{"data":"Barricade","floor":8.0,"key":"SMITH"},{"data":"Shockwave","floor":11.0,"key":"SMITH"},{"floor":15.0,"key":"REST"},{"data":"Metallicize","floor":23.0,"key":"SMITH"},{"data":"Iron Wave","floor":32,"key":"SMITH"},{"floor":40,"key":"RECALL"},{"data":"Inflame","floor":44,"key":"SMITH"},{"floor":49,"key":"REST"},{"data":"Bash","floor":52,"key":"SMITH"}],"neow_cost":"TEN_PERCENT_HP_LOSS","seed_source_timestamp":0,"circlet_count":0,"master_deck":["Strike_R","Strike_R","Defend_R","Defend_R","Defend_R","Bash+1","Iron Wave+1","Barricade+1","Cleave","Body Slam","Shockwave+1","Dropkick+1","Pummel+1","Ghostly Armor","Headbutt","Armaments+1","Metallicize+1","Burning Pact","Dual Wield+1","Inflame+1","Rage+1","Flame Barrier+1","Spot Weakness"],"special_seed":0,"relics":["Burning Blood","Red Skull","Centennial Puzzle","Tiny Chest","Mummified Hand","Oddly Smooth Stone","Sozu","Ornamental Fan","Gambling Chip","Bronze Scales","Pear","Omamori","Cursed Key","Mercury Hourglass","Letter Opener","Whetstone"],"potions_floor_usage":[],"damage_taken":[{"damage":13.0,"enemies":"Jaw Worm","floor":1.0,"turns":4.0},{"damage":11.0,"enemies":"Cultist","floor":2.0,"turns":4.0},{"damage":0.0,"enemies":"Small Slimes","floor":4.0,"turns":2.0},{"damage":11.0,"enemies":"Red Slaver","floor":5.0,"turns":3.0},{"damage":40.0,"enemies":"3 Sentries","floor":6.0,"turns":9.0},{"damage":8.0,"enemies":"Looter","floor":7.0,"turns":2.0},{"damage":0.0,"enemies":"Lagavulin","floor":10.0,"turns":6.0},{"damage":13.0,"enemies":"Large Slime","floor":13.0,"turns":5.0},{"damage":24.0,"enemies":"Gremlin Nob","floor":14.0,"turns":4.0},{"damage":23.0,"enemies":"The Guardian","floor":16.0,"turns":14.0},{"damage":0.0,"enemies":"Spheric Guardian","floor":18.0,"turns":3.0},{"damage":6.0,"enemies":"Chosen","floor":19.0,"turns":3.0},{"damage":5.0,"enemies":"Snake Plant","floor":22.0,"turns":4.0},{"damage":0.0,"enemies":"Gremlin Leader","floor":24.0,"turns":5.0},{"damage":2.0,"enemies":"Centurion and Healer","floor":25.0,"turns":7.0},{"damage":0,"enemies":"Shelled Parasite and Fungi","floor":27,"turns":6},{"damage":0,"enemies":"Cultist and Chosen","floor":28,"turns":5},{"damage":32,"enemies":"Slavers","floor":29,"turns":10},{"damage":14,"enemies":"Sentry and Sphere","floor":30,"turns":5},{"damage":22,"enemies":"Gremlin Leader","floor":31,"turns":6},{"damage":6,"enemies":"Champ","floor":33,"turns":9},{"damage":19,"enemies":"3 Darklings","floor":35,"turns":5},{"damage":7,"enemies":"3 Shapes","floor":36,"turns":2},{"damage":29,"enemies":"Writhing Mass","floor":38,"turns":6},{"damage":0,"enemies":"Maw","floor":41,"turns":5},{"damage":0,"enemies":"Giant Head","floor":42,"turns":6},{"damage":3,"enemies":"4 Shapes","floor":45,"turns":3},{"damage":0,"enemies":"Sphere and 2 Shapes","floor":48,"turns":3},{"damage":17,"enemies":"Donu and Deca","floor":50,"turns":9},{"damage":90,"enemies":"Shield and Spear","floor":54,"turns":5}],"seed_played":"-6788361656695026138","potions_obtained":[{"floor":1.0,"key":"GamblersBrew"},{"floor":2.0,"key":"Fire Potion"},{"floor":7.0,"key":"Regen Potion"},{"floor":14.0,"key":"FearPotion"},{"floor":16.0,"key":"SteroidPotion"}],"is_trial":false,"path_per_floor":["M","M","?","M","M","E","M","R","T","E","R","T","M","E","R","B",null,"M","M","$","T","M","R","E","M","T","M","M","E","M","E","R","B",null,"M","M","$","M","?","R","M","E","T","R","M","?","$","M","R","B",null,"R","$","E"],"character_chosen":"IRONCLAD","items_purchased":["Metallicize","Ornamental Fan","Mercury Hourglass","Inflame","Whetstone","Spot Weakness"],"campfire_rested":2,"item_purchase_floors":[20,20,37,37,47,53],"current_hp_per_floor":[65,60,65,71,66,32,30,30,30,36,36,36,43,25,48,31,77,77,77,77,77,77,77,77,77,77,77,77,61,53,37,37,37,87,74,73,73,50,50,50,56,62,62,62,65,65,65,71,87,76,87,87,87,0],"gold":28,"neow_bonus":"TRANSFORM_TWO_CARDS","is_prod":false,"is_daily":false,"chose_seed":false,"campfire_upgraded":6,"win_rate":0,"timestamp":1557896325,"path_taken":["M","M","?","M","M","E","M","R","T","E","R","?","?","E","R","BOSS","M","M","$","?","M","R","E","?","T","?","?","E","M","E","R","BOSS","M","M","$","M","?","R","M","E","T","R","M","?","$","?","R","BOSS","R","$","E"],"build_version":"2019-01-23","purchased_purges":1,"victory":false,"max_hp_per_floor":[72,72,77,77,77,77,77,77,77,77,77,77,77,77,77,77,77,77,77,77,77,77,77,77,77,77,77,77,87,87,87,87,87,87,87,87,87,87,87,87,87,87,87,87,87,87,87,87,87,87,87,87,87,87],"card_choices":[{"not_picked":["Evolve","Infernal Blade"],"picked":"Cleave","floor":1.0},{"not_picked":["Wild Strike","Twin Strike"],"picked":"Body Slam","floor":2.0},{"not_picked":["Sword Boomerang","Seeing Red"],"picked":"Shockwave","floor":4.0},{"not_picked":["Clash","Brutality"],"picked":"Dropkick","floor":5.0},{"not_picked":["Wild Strike","Havoc"],"picked":"Pummel","floor":6.0},{"not_picked":["Flex","Hemokinesis"],"picked":"Ghostly Armor","floor":7.0},{"not_picked":["Pummel","Intimidate","Twin Strike"],"picked":"SKIP","floor":10.0},{"not_picked":["Anger","Ghostly Armor","Disarm"],"picked":"SKIP","floor":13.0},{"not_picked":["Thunderclap","Anger","Immolate"],"picked":"SKIP","floor":14.0},{"not_picked":["Wild Strike","Cleave"],"picked":"Headbutt","floor":18.0},{"not_picked":["Shrug It Off","Warcry+1"],"picked":"Armaments+1","floor":19.0},{"not_picked":["Iron Wave+1","Pommel Strike+1","Warcry"],"picked":"SKIP","floor":22.0},{"not_picked":["Seeing Red+1","Clash","Iron Wave"],"picked":"SKIP","floor":24.0},{"not_picked":["Iron Wave","Armaments"],"picked":"Burning Pact","floor":25.0},{"not_picked":["Flex","Clothesline","Perfected Strike+1"],"picked":"SKIP","floor":27},{"not_picked":["Thunderclap","Sword Boomerang","Bludgeon"],"picked":"SKIP","floor":28},{"not_picked":["Combust","Perfected Strike","Warcry"],"picked":"SKIP","floor":29},{"not_picked":["Shockwave+1","Heavy Blade+1","Clothesline"],"picked":"SKIP","floor":30},{"not_picked":["Burning Pact+1","Body Slam+1","True Grit"],"picked":"SKIP","floor":31},{"not_picked":["Combust+1","Armaments+1"],"picked":"Dual Wield+1","floor":35},{"not_picked":["Wild Strike+1","Armaments","Sword Boomerang"],"picked":"SKIP","floor":36},{"not_picked":["Hemokinesis+1","Clash"],"picked":"Rage+1","floor":38},{"not_picked":["Sever Soul+1","Clash+1","True Grit"],"picked":"SKIP","floor":41},{"not_picked":["Shrug It Off+1","Thunderclap+1"],"picked":"Flame Barrier+1","floor":42},{"not_picked":["Flex","Dual Wield+1","Sever Soul"],"picked":"SKIP","floor":45},{"not_picked":["Flex","Dual Wield+1","Sever Soul"],"picked":"SKIP","floor":45},{"not_picked":["Havoc+1","Heavy Blade","Shrug It Off"],"picked":"SKIP","floor":48}],"player_experience":494104,"relics_obtained":[{"floor":6.0,"key":"Red Skull"},{"floor":9.0,"key":"Centennial Puzzle"},{"floor":10.0,"key":"Tiny Chest"},{"floor":12.0,"key":"Mummified Hand"},{"floor":14.0,"key":"Oddly Smooth Stone"},{"floor":21.0,"key":"Gambling Chip"},{"floor":26,"key":"Bronze Scales"},{"floor":29,"key":"Pear"},{"floor":31,"key":"Omamori"},{"floor":42,"key":"Letter Opener"}],"event_choices":[{"damage_healed":0.0,"max_hp_gain":5.0,"max_hp_loss":0.0,"gold_gain":0.0,"event_name":"Big Fish","player_choice":"Donut","floor":3.0,"gold_loss":0.0,"damage_taken":0.0},{"cards_removed":["Strike_R"],"damage_healed":0,"gold_gain":0,"player_choice":"Removed Attack","damage_taken":0,"max_hp_gain":0,"max_hp_loss":0,"event_name":"Falling","floor":39,"gold_loss":0},{"damage_healed":0,"gold_gain":0,"player_choice":"Got Potions","damage_taken":0,"max_hp_gain":0,"max_hp_loss":0,"event_name":"Lab","floor":46,"gold_loss":0}],"is_beta":false,"boss_relics":[{"not_picked":["Snecko Eye","Lizard Tail"],"picked":"Sozu"},{"not_picked":["Runic Pyramid","Mark of Pain"],"picked":"Cursed Key"}],"items_purged_floors":[20],"is_endless":false,"potions_floor_spawned":[1,2,7,14,16,18,22,24,27,30,31,38,41,42,45],"killed_by":"Shield and Spear","ascension_level":3}