{"gold_per_floor":[114,114,114,39,59,59,103,103,127,143,186,201,201],"floor_reached":13,"playtime":297,"items_purged":["Strike_R"],"score":236,"play_id":"d6c5745f-dd42-410f-acfb-ab2e93b0250f","local_time":"20190520210218","is_ascension_mode":true,"campfire_choices":[{"data":"Rampage","floor":6,"key":"SMITH"},{"data":"Inflame","floor":8,"key":"SMITH"}],"neow_cost":"NONE","seed_source_timestamp":337763929710913,"circlet_count":0,"master_deck":["AscendersBane","Strike_R","Strike_R","Strike_R","Strike_R","Defend_R","Defend_R","Defend_R","Defend_R","Bash","Disarm+1","Rampage+1","Inflame+1","Second Wind"],"relics":["Burning Blood","NeowsBlessing","Golden Idol","Dream Catcher","Pen Nib"],"potions_floor_usage":[13],"damage_taken":[{"damage":0,"enemies":"Jaw Worm","floor":1,"turns":1},{"damage":0,"enemies":"Cultist","floor":5,"turns":1},{"damage":0,"enemies":"Lagavulin","floor":7,"turns":1},{"damage":7,"enemies":"Small Slimes","floor":10,"turns":3},{"damage":32,"enemies":"Gremlin Nob","floor":11,"turns":4},{"damage":21,"enemies":"Exordium Wildlife","floor":12,"turns":6},{"damage":30,"enemies":"3 Sentries","floor":13,"turns":6}],"seed_played":"-264944055367258019","potions_obtained":[{"floor":1,"key":"Dexterity Potion"},{"floor":11,"key":"GamblersBrew"},{"floor":12,"key":"Ancient Potion"}],"is_trial":false,"path_per_floor":["M","?","?","$","M","R","E","R","T","M","E","M","E"],"character_chosen":"IRONCLAD","items_purchased":[],"campfire_rested":0,"item_purchase_floors":[],"current_hp_per_floor":[74,68,68,68,68,68,68,68,68,67,41,26,0],"gold":201,"neow_bonus":"THREE_ENEMY_KILL","is_prod":false,"is_daily":false,"chose_seed":false,"campfire_upgraded":2,"win_rate":0,"timestamp":1558357338,"path_taken":["M","?","?","$","?","R","E","R","T","M","E","M","E"],"build_version":"2019-01-23","purchased_purges":1,"victory":false,"max_hp_per_floor":[75,68,68,68,68,68,68,68,68,68,68,68,68],"card_choices":[{"not_picked":["Searing Blow","Rupture"],"picked":"Disarm","floor":1},{"not_picked":["Perfected Strike","Cleave"],"picked":"Rampage","floor":5},{"not_picked":["Body Slam","Rampage"],"picked":"Inflame","floor":7},{"not_picked":["Juggernaut","True Grit","Headbutt"],"picked":"SKIP","floor":10},{"not_picked":["Shrug It Off","Warcry"],"picked":"Second Wind","floor":11},{"not_picked":["Sentinel","Perfected Strike","Wild Strike"],"picked":"SKIP","floor":12}],"player_experience":911562,"relics_obtained":[{"floor":7,"key":"Dream Catcher"},{"floor":11,"key":"Pen Nib"}],"event_choices":[{"damage_healed":0,"gold_gain":0,"player_choice":"Lose Max HP","damage_taken":0,"relics_obtained":["Golden Idol"],"max_hp_gain":0,"max_hp_loss":7,"event_name":"Golden Idol","floor":2,"gold_loss":0},{"damage_healed":0,"gold_gain":0,"player_choice":"Upgraded","damage_taken":0,"max_hp_gain":0,"max_hp_loss":0,"event_name":"Upgrade Shrine","floor":3,"gold_loss":0,"cards_upgraded":["Disarm"]}],"is_beta":false,"boss_relics":[],"items_purged_floors":[4],"is_endless":false,"potions_floor_spawned":[1,11,12],"killed_by":"3 Sentries","ascension_level":20}