{"gold_per_floor":[110,126,126,126,51,86,86,115,115,126,146,7,7,26,26,26],"floor_reached":16,"playtime":325,"items_purged":["Strike_R","Strike_R"],"score":135,"play_id":"6af36f45-db18-4c99-984c-bc4803634ed0","local_time":"20190701003944","is_ascension_mode":false,"campfire_choices":[{"data":"Whirlwind","floor":7,"key":"SMITH"},{"data":"Evolve","floor":13,"key":"SMITH"},{"data":"Bash","floor":15,"key":"SMITH"}],"neow_cost":"NONE","seed_source_timestamp":533165222446048,"circlet_count":0,"master_deck":["Strike_R","Strike_R","Strike_R","Defend_R","Defend_R","Defend_R","Defend_R","Bash+1","Whirlwind+1","Evolve+1"],"special_seed":0,"relics":["Burning Blood","NeowsBlessing","Bronze Scales","Ancient Tea Set","Turnip","The Courier"],"potions_floor_usage":[16],"damage_taken":[{"damage":0.0,"enemies":"Cultist","floor":1.0,"turns":1.0},{"damage":0.0,"enemies":"Small Slimes","floor":2.0,"turns":1.0},{"damage":0,"enemies":"3 Sentries","floor":6,"turns":1},{"damage":31,"enemies":"Lagavulin","floor":8,"turns":6},{"damage":0,"enemies":"2 Louse","floor":10,"turns":1},{"damage":6,"enemies":"Large Slime","floor":11,"turns":6},{"damage":7,"enemies":"Blue Slaver","floor":14,"turns":2},{"damage":81,"enemies":"The Guardian","floor":16,"turns":15}],"seed_played":"-1574549794804943050","potions_obtained":[{"floor":6,"key":"Weak Potion"},{"floor":10,"key":"Poison Potion"},{"floor":11,"key":"Regen Potion"}],"is_trial":false,"path_per_floor":["M","M","?","?","$","E","R","E","T","M","M","$","R","M","R","B"],"character_chosen":"IRONCLAD","items_purchased":["Evolve"],"campfire_rested":0,"item_purchase_floors":[12],"current_hp_per_floor":[80,80,73,73,73,79,79,54,54,60,60,60,60,59,59,0],"gold":26,"neow_bonus":"THREE_ENEMY_KILL","is_prod":false,"is_daily":false,"chose_seed":false,"campfire_upgraded":3,"win_rate":0,"timestamp":1561912784,"path_taken":["M","M","?","?","$","E","R","E","T","M","?","$","R","M","R","BOSS"],"build_version":"2019-01-23","purchased_purges":2,"victory":false,"max_hp_per_floor":[80,80,80,80,80,80,80,80,80,80,80,80,80,80,80,80],"card_choices":[{"not_picked":["Pommel Strike","Cleave"],"picked":"Whirlwind","floor":1.0},{"not_picked":["Iron Wave","Bloodletting","Flame Barrier"],"picked":"SKIP","floor":2.0},{"not_picked":["Dual Wield","Heavy Blade","Twin Strike"],"picked":"SKIP","floor":6},{"not_picked":["Pommel Strike","Thunderclap","Reaper"],"picked":"SKIP","floor":8},{"not_picked":["True Grit","Whirlwind","Perfected Strike"],"picked":"SKIP","floor":10},{"not_picked":["Carnage","Twin Strike","Entrench"],"picked":"SKIP","floor":11},{"not_picked":["Entrench","Iron Wave","Sentinel"],"picked":"SKIP","floor":14}],"player_experience":1020080,"relics_obtained":[{"floor":6,"key":"Ancient Tea Set"},{"floor":8,"key":"Turnip"},{"floor":9,"key":"The Courier"}],"event_choices":[{"damage_healed":0.0,"max_hp_gain":0.0,"max_hp_loss":0.0,"gold_gain":0.0,"event_name":"Scrap Ooze","player_choice":"Success","floor":3.0,"gold_loss":0.0,"damage_taken":7.0,"relics_obtained":["Bronze Scales"]},{"damage_healed":0,"gold_gain":0,"player_choice":"Ignored","damage_taken":0,"max_hp_gain":0,"max_hp_loss":0,"event_name":"WeMeetAgain","floor":4,"gold_loss":0}],"is_beta":false,"boss_relics":[],"items_purged_floors":[5,12],"is_endless":false,"potions_floor_spawned":[6,10,11],"killed_by":"The Guardian","ascension_level":0}