{"gold_per_floor":[110,35,54,66,66,100,114,114,114,55,66,66],"floor_reached":12,"playtime":295,"items_purged":[],"score":160,"play_id":"d5f9250e-41d5-43db-9f9b-00ef954ec49f","local_time":"20190605171948","is_ascension_mode":true,"campfire_choices":[{"data":"Coolheaded","floor":8,"key":"SMITH"}],"neow_cost":"TEN_PERCENT_HP_LOSS","seed_source_timestamp":1319416554198375,"circlet_count":0,"master_deck":["AscendersBane","Strike_B","Strike_B","Strike_B","Defend_B","Defend_B","Defend_B","Defend_B","Zap+1","Dualcast","Meteor Strike","Streamline","Recycle+1","Ball Lightning","Coolheaded+1"],"relics":["Cracked Core","Centennial Puzzle","War Paint"],"potions_floor_usage":[6,12],"damage_taken":[{"damage":9,"enemies":"Jaw Worm","floor":1,"turns":4},{"damage":1,"enemies":"Small Slimes","floor":3,"turns":3},{"damage":1,"enemies":"Cultist","floor":4,"turns":3},{"damage":45,"enemies":"Gremlin Nob","floor":6,"turns":5},{"damage":8,"enemies":"Blue Slaver","floor":7,"turns":3},{"damage":2,"enemies":"2 Fungi Beasts","floor":11,"turns":3},{"damage":0,"enemies":"Large Slime","floor":12,"turns":2}],"seed_played":"575473799369014594","potions_obtained":[{"floor":3,"key":"Explosive Potion"},{"floor":4,"key":"SkillPotion"},{"floor":6,"key":"FocusPotion"}],"is_trial":false,"path_per_floor":["M","?","M","M","?","E","M","R","T","?","M","M"],"character_chosen":"DEFECT","items_purchased":[],"campfire_rested":0,"item_purchase_floors":[],"current_hp_per_floor":[55,55,54,53,64,19,11,11,11,11,9,9],"gold":66,"neow_bonus":"THREE_RARE_CARDS","is_prod":false,"is_daily":false,"chose_seed":false,"campfire_upgraded":1,"win_rate":0,"timestamp":1559726388,"path_taken":["M","?","M","M","?","E","M","R","T","?","M","M"],"build_version":"2019-01-23","purchased_purges":0,"victory":false,"max_hp_per_floor":[64,64,64,64,64,64,64,64,64,64,64,64],"card_choices":[{"not_picked":["Buffer","Rainbow"],"picked":"Meteor Strike","floor":0},{"not_picked":["Gash","Steam Power"],"picked":"Streamline","floor":1},{"not_picked":["Cold Snap","Barrage"],"picked":"Recycle","floor":3},{"not_picked":["Cold Snap","Genetic Algorithm"],"picked":"Ball Lightning","floor":4},{"not_picked":["Rainbow","Blizzard","Lockon"],"picked":"SKIP","floor":6},{"not_picked":["Hologram","Conserve Battery"],"picked":"Coolheaded","floor":7},{"not_picked":["Sunder","Darkness","Streamline"],"picked":"SKIP","floor":11}],"player_experience":965109,"relics_obtained":[{"floor":6,"key":"Centennial Puzzle"},{"floor":9,"key":"War Paint"}],"event_choices":[{"cards_removed":["Strike_B"],"damage_healed":0,"gold_gain":0,"player_choice":"Card Removal","damage_taken":0,"max_hp_gain":0,"max_hp_loss":0,"event_name":"The Cleric","floor":2,"gold_loss":75},{"damage_healed":21,"gold_gain":0,"player_choice":"Banana","damage_taken":0,"max_hp_gain":0,"max_hp_loss":0,"event_name":"Big Fish","floor":5,"gold_loss":0},{"damage_healed":0,"gold_gain":0,"player_choice":"Left Gold","damage_taken":0,"max_hp_gain":0,"max_hp_loss":0,"event_name":"World of Goop","floor":10,"gold_loss":59}],"is_beta":false,"boss_relics":[],"items_purged_floors":[],"is_endless":false,"potions_floor_spawned":[3,4,6,7],"killed_by":"Large Slime","ascension_level":20}