{"gold_per_floor":[118,137,149,149,165,195,120,130,156,156,199,199,199],"floor_reached":13,"playtime":543,"items_purged":["Strike_R"],"score":190,"play_id":"b81a0312-a37d-424c-8566-cb3b1ad19539","local_time":"20190518130010","is_ascension_mode":true,"campfire_choices":[{"data":"Armaments","floor":12.0,"key":"SMITH"}],"neow_cost":"NONE","seed_source_timestamp":135691733570484,"circlet_count":0,"master_deck":["AscendersBane","Strike_R+1","Strike_R","Strike_R","Strike_R","Defend_R+1","Defend_R","Defend_R","Defend_R","Bash","Evolve","Second Wind","Rampage","True Grit","Armaments+1"],"special_seed":0,"relics":["Burning Blood","Oddly Smooth Stone","Happy Flower","Pen Nib","Golden Idol","Bronze Scales"],"potions_floor_usage":[],"damage_taken":[{"damage":0.0,"enemies":"Cultist","floor":1.0,"turns":4.0},{"damage":8.0,"enemies":"2 Louse","floor":2.0,"turns":3.0},{"damage":11.0,"enemies":"Jaw Worm","floor":3.0,"turns":5.0},{"damage":8.0,"enemies":"3 Louse","floor":5.0,"turns":4.0},{"damage":9.0,"enemies":"3 Sentries","floor":6.0,"turns":10.0},{"damage":9.0,"enemies":"Blue Slaver","floor":8.0,"turns":5.0},{"damage":20.0,"enemies":"Gremlin Nob","floor":11.0,"turns":4.0},{"damage":36,"enemies":"Lagavulin","floor":13,"turns":7}],"seed_played":"180513604298337164","potions_obtained":[{"floor":3.0,"key":"Block Potion"},{"floor":5.0,"key":"AttackPotion"},{"floor":8.0,"key":"Strength Potion"}],"is_trial":false,"path_per_floor":["M","M","M","?","M","E","$","M","T","?","E","R","E"],"character_chosen":"IRONCLAD","items_purchased":[],"campfire_rested":0,"item_purchase_floors":[],"current_hp_per_floor":[74,72,67,44,42,39,39,36,36,36,22,22,0],"gold":199,"neow_bonus":"RANDOM_COMMON_RELIC","is_prod":false,"is_daily":false,"chose_seed":false,"campfire_upgraded":1,"win_rate":0,"timestamp":1558155610,"path_taken":["M","?","M","?","M","E","$","M","T","?","E","R","E"],"build_version":"2019-01-23","purchased_purges":1,"victory":false,"max_hp_per_floor":[75,75,75,75,75,75,75,75,75,68,68,68,68],"card_choices":[{"not_picked":["Wild Strike","True Grit"],"picked":"Evolve","floor":1.0},{"not_picked":["Pommel Strike","True Grit"],"picked":"Second Wind","floor":2.0},{"not_picked":["Flex","Body Slam"],"picked":"Rampage","floor":3.0},{"not_picked":["Warcry","Iron Wave"],"picked":"True Grit","floor":5.0},{"not_picked":["Brutality","Hemokinesis","Sword Boomerang"],"picked":"SKIP","floor":6.0},{"not_picked":["Havoc","Blood for Blood"],"picked":"Armaments","floor":8.0},{"not_picked":["Perfected Strike","Hemokinesis","Havoc"],"picked":"SKIP","floor":11.0}],"player_experience":870505,"relics_obtained":[{"floor":6.0,"key":"Happy Flower"},{"floor":9.0,"key":"Pen Nib"},{"floor":11.0,"key":"Bronze Scales"}],"event_choices":[{"damage_healed":0.0,"max_hp_gain":0.0,"max_hp_loss":0.0,"gold_gain":0.0,"event_name":"Shining Light","player_choice":"Entered Light","floor":4.0,"gold_loss":0.0,"damage_taken":23.0,"cards_upgraded":["Strike_R","Defend_R"]},{"damage_healed":0.0,"max_hp_gain":0.0,"max_hp_loss":7.0,"gold_gain":0.0,"event_name":"Golden Idol","player_choice":"Lose Max HP","floor":10.0,"gold_loss":0.0,"damage_taken":0.0,"relics_obtained":["Golden Idol"]}],"is_beta":false,"boss_relics":[],"items_purged_floors":[7],"is_endless":false,"potions_floor_spawned":[3,5,6,8],"killed_by":"Lagavulin","ascension_level":20}