{"gold_per_floor":[117,117,117,134,152,185,205,205,229,246,246,246,281,246,246,320,370,385,115,30,80,99,99,117,145,221,221,240,256,0,16,16,16],"floor_reached":33,"playtime":1653,"items_purged":[],"score":551,"play_id":"4d7faad8-4285-4d2a-b76e-c552548f92c2","local_time":"20190306235928","is_ascension_mode":true,"campfire_choices":[{"floor":8.0,"key":"REST"},{"floor":11.0,"key":"REST"},{"floor":15.0,"key":"REST"},{"floor":23.0,"key":"REST"},{"floor":27.0,"key":"REST"},{"floor":32.0,"key":"REST"}],"neow_cost":"TEN_PERCENT_HP_LOSS","seed_source_timestamp":63116579674777,"circlet_count":0,"master_deck":["AscendersBane","Strike_R","Strike_R","Strike_R","Strike_R","Strike_R","Defend_R","Defend_R","Defend_R","Defend_R","Bash","Demon Form","Anger","Pommel Strike","Clothesline","Cleave+1","True Grit","Metallicize","Dark Embrace","Flame Barrier","Evolve","Flame Barrier","Clothesline","Metallicize","Entrench","Seeing Red","Feel No Pain"],"special_seed":0,"relics":["Burning Blood","Orichalcum","FaceOfCleric","Oddly Smooth Stone","Bronze Scales","Lantern","Dead Branch","Tiny House","Pear","Mummified Hand","Kunai","Letter Opener"],"potions_floor_usage":[33],"damage_taken":[{"damage":19.0,"enemies":"2 Louse","floor":1.0,"turns":3.0},{"damage":16.0,"enemies":"Small Slimes","floor":4.0,"turns":4.0},{"damage":7.0,"enemies":"Cultist","floor":5.0,"turns":4.0},{"damage":20.0,"enemies":"Gremlin Nob","floor":6.0,"turns":4.0},{"damage":20.0,"enemies":"Lots of Slimes","floor":7.0,"turns":5.0},{"damage":14.0,"enemies":"Looter","floor":10.0,"turns":4.0},{"damage":18.0,"enemies":"3 Sentries","floor":13.0,"turns":7.0},{"damage":24.0,"enemies":"Hexaghost","floor":16.0,"turns":9.0},{"damage":21.0,"enemies":"Spheric Guardian","floor":18.0,"turns":6.0},{"damage":14.0,"enemies":"Chosen","floor":22.0,"turns":5.0},{"damage":12.0,"enemies":"Snake Plant","floor":24.0,"turns":3.0},{"damage":63.0,"enemies":"Book of Stabbing","floor":25.0,"turns":7.0},{"damage":3.0,"enemies":"Cultist and Chosen","floor":28.0,"turns":6.0},{"damage":25.0,"enemies":"Centurion and Healer","floor":29.0,"turns":14.0},{"damage":41.0,"enemies":"3 Cultists","floor":31.0,"turns":6.0},{"damage":40,"enemies":"Collector","floor":33,"turns":5}],"seed_played":"5600846804715146728","potions_obtained":[{"floor":4.0,"key":"Dexterity Potion"},{"floor":6.0,"key":"FearPotion"},{"floor":13.0,"key":"Poison Potion"},{"floor":16.0,"key":"EntropicBrew"},{"floor":24.0,"key":"Explosive Potion"},{"floor":29.0,"key":"Dexterity Potion"}],"is_trial":false,"path_per_floor":["M","?","?","M","M","E","M","R","T","M","R","?","E","?","R","B",null,"M","$","?","?","M","R","M","E","T","R","M","M","?","M","R","B"],"character_chosen":"IRONCLAD","items_purchased":["Pear"],"campfire_rested":6,"item_purchase_floors":[19],"current_hp_per_floor":[55,50,50,41,41,28,15,36,36,29,50,50,39,57,74,57,76,62,72,72,72,65,92,87,31,31,59,63,45,45,11,40,0],"gold":16,"neow_bonus":"THREE_RARE_CARDS","is_prod":false,"is_daily":false,"chose_seed":false,"campfire_upgraded":0,"win_rate":0,"timestamp":1551877168,"path_taken":["M","?","?","M","?","E","M","R","T","?","R","?","E","?","R","BOSS","M","$","?","?","M","R","M","E","T","R","M","?","?","M","R","BOSS"],"build_version":"2019-01-23","purchased_purges":0,"victory":false,"max_hp_per_floor":[68,68,68,69,70,71,72,72,72,73,73,73,74,74,74,75,80,81,91,91,91,92,92,93,94,94,94,95,96,96,97,97,97],"card_choices":[{"not_picked":["Feed","Reaper"],"picked":"Demon Form","floor":0.0},{"not_picked":["Thunderclap","Clash"],"picked":"Anger","floor":1.0},{"not_picked":["Havoc","Headbutt"],"picked":"Pommel Strike","floor":4.0},{"not_picked":["Rupture","Bloodletting","Second Wind"],"picked":"SKIP","floor":5.0},{"not_picked":["Rage","Iron Wave"],"picked":"Clothesline","floor":6.0},{"not_picked":["Bloodletting","Wild Strike"],"picked":"Cleave","floor":7.0},{"not_picked":["Reckless Charge","Anger"],"picked":"True Grit","floor":10.0},{"not_picked":["Clothesline","Heavy Blade"],"picked":"Metallicize","floor":13.0},{"not_picked":["Limit Break","Exhume"],"picked":"Dark Embrace","floor":16.0},{"not_picked":["Flex","Cleave"],"picked":"Flame Barrier","floor":17.0},{"not_picked":["Sword Boomerang","Dropkick"],"picked":"Evolve","floor":18.0},{"not_picked":["Disarm","Hemokinesis"],"picked":"Flame Barrier","floor":22.0},{"not_picked":["Thunderclap","Iron Wave"],"picked":"Clothesline","floor":24.0},{"not_picked":["Battle Trance","Thunderclap"],"picked":"Metallicize","floor":25.0},{"not_picked":["Pommel Strike","Headbutt+1"],"picked":"Entrench","floor":28.0},{"not_picked":["Headbutt","Dark Embrace"],"picked":"Seeing Red","floor":29.0},{"not_picked":["Pommel Strike","Warcry"],"picked":"Feel No Pain","floor":31.0}],"player_experience":817694,"relics_obtained":[{"floor":6.0,"key":"Oddly Smooth Stone"},{"floor":9.0,"key":"Bronze Scales"},{"floor":13.0,"key":"Dead Branch"},{"floor":25.0,"key":"Kunai"},{"floor":26.0,"key":"Letter Opener"}],"event_choices":[{"damage_healed":0.0,"max_hp_gain":0.0,"max_hp_loss":0.0,"gold_gain":0.0,"event_name":"Scrap Ooze","player_choice":"Success","floor":2.0,"gold_loss":0.0,"damage_taken":5.0,"relics_obtained":["Orichalcum"]},{"damage_healed":0.0,"max_hp_gain":0.0,"max_hp_loss":0.0,"gold_gain":0.0,"event_name":"FaceTrader","player_choice":"Trade","floor":3.0,"gold_loss":0.0,"damage_taken":0.0,"relics_obtained":["FaceOfCleric"]},{"damage_healed":0.0,"max_hp_gain":0.0,"max_hp_loss":0.0,"gold_gain":0.0,"event_name":"Dead Adventurer","player_choice":"Searched \u00272\u0027 times","floor":12.0,"gold_loss":0.0,"damage_taken":0.0,"relics_obtained":["Lantern"]},{"damage_healed":18.0,"max_hp_gain":0.0,"max_hp_loss":0.0,"gold_gain":0.0,"event_name":"The Cleric","player_choice":"Healed","floor":14.0,"gold_loss":35.0,"damage_taken":0.0},{"damage_healed":0.0,"max_hp_gain":0.0,"max_hp_loss":0.0,"gold_gain":0.0,"event_name":"Addict","player_choice":"Obtained Relic","floor":20.0,"gold_loss":85.0,"damage_taken":0.0,"relics_obtained":["Mummified Hand"]},{"damage_healed":0.0,"max_hp_gain":0.0,"max_hp_loss":0.0,"gold_gain":50.0,"event_name":"Golden Shrine","player_choice":"Pray","floor":21.0,"gold_loss":0.0,"damage_taken":0.0},{"damage_healed":0.0,"max_hp_gain":0.0,"max_hp_loss":0.0,"gold_gain":0.0,"event_name":"Masked Bandits","player_choice":"Paid Fearfully","floor":30.0,"gold_loss":256.0,"damage_taken":0.0}],"is_beta":false,"boss_relics":[{"not_picked":["Black Star","Mark of Pain"],"picked":"Tiny House"}],"items_purged_floors":[],"is_endless":false,"potions_floor_spawned":[4,6,13,16,24,29],"killed_by":"Collector","ascension_level":18}