{"gold_per_floor":[119,119,119,134,59,94,110,110],"floor_reached":8,"playtime":120,"items_purged":["Pain"],"score":162,"play_id":"258936e9-9b1c-47b1-8ae5-e992a612e7bf","local_time":"20190709162530","is_ascension_mode":true,"campfire_choices":[],"neow_cost":"NONE","seed_source_timestamp":88235675930629,"circlet_count":0,"master_deck":["AscendersBane","Strike_G+1","Strike_G","Strike_G","Strike_G","Strike_G","Defend_G","Defend_G","Defend_G","Defend_G","Defend_G","Survivor","Neutralize","Acrobatics+1","Bouncing Flask","Burst","Masterful Stab"],"relics":["Ring of the Snake","NeowsBlessing","WarpedTongs","Omamori"],"potions_floor_usage":[],"damage_taken":[{"damage":0,"enemies":"2 Louse","floor":1,"turns":1},{"damage":1,"enemies":"Jaw Worm","floor":4,"turns":1},{"damage":0,"enemies":"Lagavulin","floor":6,"turns":1},{"damage":0,"enemies":"Cultist","floor":7,"turns":3},{"damage":0,"enemies":"Exordium Thugs","floor":8,"turns":1}],"seed_played":"-7708319332680775644","potions_obtained":[{"floor":6,"key":"Ancient Potion"},{"floor":7,"key":"EssenceOfSteel"}],"is_trial":false,"path_per_floor":["M","?","?","M","$","E","M","M"],"character_chosen":"THE_SILENT","items_purchased":[],"campfire_rested":0,"item_purchase_floors":[],"current_hp_per_floor":[59,39,39,38,38,38,38,38],"gold":110,"neow_bonus":"THREE_ENEMY_KILL","is_prod":false,"is_daily":false,"chose_seed":false,"campfire_upgraded":0,"win_rate":0,"timestamp":1562660730,"path_taken":["M","?","?","M","$","E","M","M"],"build_version":"2019-07-05","purchased_purges":1,"victory":false,"max_hp_per_floor":[66,66,66,66,66,66,66,66],"card_choices":[{"not_picked":["Quick Slash","Dagger Throw"],"picked":"Acrobatics","floor":1},{"not_picked":["Predator","Finisher"],"picked":"Bouncing Flask","floor":4},{"not_picked":["Underhanded Strike","Blade Dance"],"picked":"Burst","floor":6},{"not_picked":["Blade Dance","Acrobatics"],"picked":"Masterful Stab","floor":7}],"player_experience":1077839,"relics_obtained":[{"floor":6,"key":"Omamori"}],"event_choices":[{"damage_healed":0,"gold_gain":0,"player_choice":"Entered Light","damage_taken":20,"max_hp_gain":0,"max_hp_loss":0,"event_name":"Shining Light","floor":2,"gold_loss":0,"cards_upgraded":["Strike_G","Acrobatics"]},{"damage_healed":0,"gold_gain":0,"player_choice":"Rummage","damage_taken":0,"relics_obtained":["WarpedTongs"],"max_hp_gain":0,"max_hp_loss":0,"event_name":"Accursed Blacksmith","floor":3,"gold_loss":0,"cards_obtained":["Pain"]}],"is_beta":false,"boss_relics":[],"items_purged_floors":[5],"is_endless":false,"potions_floor_spawned":[6,7],"killed_by":"Exordium Thugs","ascension_level":20}