{"gold_per_floor":[20,30,30,44,55,82,82,98,98,23,34,52,65,80,80,179,179,198,198,209,227,127,127,162,162,162,176,186,215,229,104,104,209,259,278,278,298,77,77,77,90,90,90,109,109,109,109,121,121,121],"floor_reached":50,"playtime":3785,"items_purged":["Decay","Defend_R","Regret"],"score":515,"play_id":"ebecfc67-e35f-4819-91de-9657a7efe07c","local_time":"20190504081558","is_ascension_mode":true,"campfire_choices":[{"floor":7.0,"key":"REST"},{"data":"Rage","floor":15.0,"key":"SMITH"},{"data":"Rampage","floor":23.0,"key":"SMITH"},{"floor":25.0,"key":"RECALL"},{"floor":32.0,"key":"REST"},{"data":"Pain","floor":40,"key":"PURGE"},{"floor":42,"key":"REST"},{"data":"Doubt","floor":49,"key":"PURGE"}],"neow_cost":"NO_GOLD","seed_source_timestamp":0,"circlet_count":0,"master_deck":["Strike_R","Strike_R","Strike_R","Defend_R","Defend_R","Bash","Thunderclap","Clothesline+1","Headbutt","Rage+1","Rampage+1","Cleave","Demon Form","Clash","Clash","Limit Break","Pommel Strike+1","Perfected Strike+1","Flame Barrier","Ghostly Armor+1","Reaper","Parasite","Parasite","Rage"],"special_seed":0,"relics":["Burning Blood","Red Skull","FossilizedHelix","Cursed Key","Peace Pipe","Shovel","Tiny House","Bronze Scales","WarpedTongs","Sundial"],"potions_floor_usage":[41],"damage_taken":[{"damage":1.0,"enemies":"2 Louse","floor":1.0,"turns":2.0},{"damage":1.0,"enemies":"Cultist","floor":2.0,"turns":3.0},{"damage":15.0,"enemies":"Jaw Worm","floor":4.0,"turns":4.0},{"damage":17.0,"enemies":"Red Slaver","floor":5.0,"turns":3.0},{"damage":56.0,"enemies":"Lagavulin","floor":6.0,"turns":8.0},{"damage":15.0,"enemies":"Large Slime","floor":8.0,"turns":5.0},{"damage":6.0,"enemies":"Exordium Wildlife","floor":11.0,"turns":4.0},{"damage":0.0,"enemies":"Red Slaver","floor":12.0,"turns":2.0},{"damage":0.0,"enemies":"Large Slime","floor":13.0,"turns":4.0},{"damage":0.0,"enemies":"Lots of Slimes","floor":14.0,"turns":1.0},{"damage":19.0,"enemies":"Hexaghost","floor":16.0,"turns":7.0},{"damage":8.0,"enemies":"Shell Parasite","floor":18.0,"turns":3.0},{"damage":5.0,"enemies":"2 Thieves","floor":20.0,"turns":3.0},{"damage":0.0,"enemies":"Snecko","floor":21.0,"turns":3.0},{"damage":18.0,"enemies":"Gremlin Leader","floor":24.0,"turns":5.0},{"damage":0.0,"enemies":"Snake Plant","floor":27.0,"turns":3.0},{"damage":27.0,"enemies":"Shelled Parasite and Fungi","floor":28.0,"turns":5.0},{"damage":24.0,"enemies":"Slavers","floor":29.0,"turns":6.0},{"damage":0.0,"enemies":"3 Cultists","floor":30.0,"turns":3.0},{"damage":48.0,"enemies":"Champ","floor":33.0,"turns":9.0},{"damage":39,"enemies":"3 Darklings","floor":35,"turns":7},{"damage":0,"enemies":"Orb Walker","floor":37,"turns":3},{"damage":40,"enemies":"Writhing Mass","floor":41,"turns":5},{"damage":27,"enemies":"Spire Growth","floor":44,"turns":5},{"damage":24,"enemies":"Sphere and 2 Shapes","floor":48,"turns":8},{"damage":69,"enemies":"Time Eater","floor":50,"turns":7}],"seed_played":"-1202519438503344624","potions_obtained":[{"floor":2.0,"key":"Weak Potion"},{"floor":6.0,"key":"GamblersBrew"},{"floor":12.0,"key":"SteroidPotion"},{"floor":21.0,"key":"Weak Potion"},{"floor":29.0,"key":"Energy Potion"},{"floor":34,"key":"FearPotion"},{"floor":41,"key":"SpeedPotion"},{"floor":48,"key":"Energy Potion"}],"is_trial":false,"path_per_floor":["M","M","?","M","M","E","R","M","T","$","M","M","M","M","R","B",null,"M","?","M","M","$","R","E","R","T","M","M","E","M","$","R","B",null,"M","?","M","$","?","R","M","R","T","M","?","$","?","M","R","B"],"character_chosen":"IRONCLAD","items_purchased":["Bronze Scales","Regen Potion"],"campfire_rested":3,"item_purchase_floors":[38,38],"current_hp_per_floor":[80,80,80,71,60,10,34,25,25,25,25,31,37,43,43,30,80,78,70,71,77,77,77,65,65,65,71,50,32,38,38,62,20,85,52,52,64,64,64,64,53,78,78,57,85,85,85,67,67,0],"gold":121,"neow_bonus":"REMOVE_TWO","is_prod":false,"is_daily":false,"chose_seed":false,"campfire_upgraded":2,"win_rate":0,"timestamp":1556982958,"path_taken":["M","M","?","M","M","E","R","M","T","$","?","?","M","M","R","BOSS","M","?","M","M","$","R","E","R","T","M","M","E","M","$","R","BOSS","M","?","M","$","?","R","M","R","T","?","?","?","?","M","R","BOSS"],"build_version":"2019-01-23","purchased_purges":3,"victory":false,"max_hp_per_floor":[80,80,80,80,80,80,80,80,80,80,80,80,80,80,80,80,80,80,80,80,80,80,80,80,80,80,80,80,80,80,80,80,80,85,85,85,85,85,85,85,85,85,85,85,85,85,85,85,85,85],"card_choices":[{"not_picked":["Body Slam","Sentinel"],"picked":"Thunderclap","floor":1.0},{"not_picked":["Twin Strike","True Grit","Pummel"],"picked":"SKIP","floor":2.0},{"not_picked":["Warcry","Second Wind"],"picked":"Clothesline","floor":4.0},{"not_picked":["Pummel","Carnage"],"picked":"Headbutt","floor":5.0},{"not_picked":["Anger","Combust"],"picked":"Rage","floor":6.0},{"not_picked":["Bloodletting","Power Through"],"picked":"Rampage","floor":8.0},{"not_picked":["Sever Soul","Feel No Pain"],"picked":"Cleave","floor":11.0},{"not_picked":["True Grit","Twin Strike"],"picked":"Demon Form","floor":12.0},{"not_picked":["Armaments","Sentinel"],"picked":"Clash","floor":13.0},{"not_picked":["Corruption","Clothesline"],"picked":"Clash","floor":14.0},{"not_picked":["Juggernaut","Offering"],"picked":"Limit Break","floor":16.0},{"not_picked":["Reckless Charge+1","Perfected Strike+1"],"picked":"Pommel Strike+1","floor":18.0},{"not_picked":["Iron Wave","Anger"],"picked":"Perfected Strike+1","floor":20.0},{"not_picked":["Iron Wave","Sword Boomerang","True Grit"],"picked":"SKIP","floor":21.0},{"not_picked":["Iron Wave","Pummel","Pommel Strike"],"picked":"SKIP","floor":24.0},{"not_picked":["Shrug It Off","Headbutt"],"picked":"Flame Barrier","floor":27.0},{"not_picked":["Reckless Charge","Spot Weakness"],"picked":"Ghostly Armor+1","floor":28.0},{"not_picked":["Intimidate","Shrug It Off","Fire Breathing"],"picked":"SKIP","floor":29.0},{"not_picked":["Fire Breathing","Offering","Iron Wave"],"picked":"SKIP","floor":30.0},{"not_picked":["Berserk","Barricade"],"picked":"Reaper","floor":33.0},{"not_picked":["Thunderclap+1","Wild Strike","Body Slam"],"picked":"SKIP","floor":35},{"not_picked":["Clash+1","Dark Embrace","Thunderclap"],"picked":"SKIP","floor":37},{"not_picked":["Shrug It Off","Perfected Strike","Feel No Pain"],"picked":"SKIP","floor":41},{"not_picked":["Anger+1","Bloodletting+1"],"picked":"Rage","floor":44},{"not_picked":["True Grit","Anger+1","Rupture+1"],"picked":"SKIP","floor":48}],"player_experience":454688,"relics_obtained":[{"floor":6.0,"key":"Red Skull"},{"floor":9.0,"key":"FossilizedHelix"},{"floor":24.0,"key":"Peace Pipe"},{"floor":29.0,"key":"Shovel"},{"floor":43,"key":"Sundial"}],"event_choices":[{"damage_healed":0.0,"max_hp_gain":0.0,"max_hp_loss":0.0,"gold_gain":0.0,"event_name":"Wheel of Change","player_choice":"Cursed","floor":3.0,"gold_loss":0.0,"damage_taken":0.0,"cards_obtained":["Decay"]},{"damage_healed":0.0,"max_hp_gain":0.0,"max_hp_loss":0.0,"gold_gain":0.0,"event_name":"Wheel of Change","player_choice":"Damaged","floor":19.0,"gold_loss":0.0,"damage_taken":8.0},{"damage_healed":0,"gold_gain":0,"player_choice":"Ignored","damage_taken":0,"max_hp_gain":0,"max_hp_loss":0,"event_name":"Mysterious Sphere","floor":36,"gold_loss":0},{"damage_healed":0,"gold_gain":0,"player_choice":"Rummage","damage_taken":0,"relics_obtained":["WarpedTongs"],"max_hp_gain":0,"max_hp_loss":0,"event_name":"Accursed Blacksmith","floor":39,"gold_loss":0,"cards_obtained":["Pain"]},{"damage_healed":28,"gold_gain":0,"player_choice":"Heal","damage_taken":0,"max_hp_gain":0,"max_hp_loss":0,"event_name":"MindBloom","floor":45,"gold_loss":0,"cards_obtained":["Doubt"]},{"cards_removed":["Strike_R"],"damage_healed":0,"gold_gain":0,"player_choice":"Removed Attack","damage_taken":0,"max_hp_gain":0,"max_hp_loss":0,"event_name":"Falling","floor":47,"gold_loss":0}],"is_beta":false,"boss_relics":[{"not_picked":["Ectoplasm","Philosopher\u0027s Stone"],"picked":"Cursed Key"},{"not_picked":["Runic Dome","Busted Crown"],"picked":"Tiny House"}],"items_purged_floors":[10,22,31],"is_endless":false,"potions_floor_spawned":[2,6,12,13,20,21,29,41,48],"killed_by":"Time Eater","ascension_level":1}