{"gold_per_floor":[119,269,285,33,44,44,61,61,61,88,107,107,140,65,65,65],"floor_reached":16,"playtime":606,"items_purged":["Doubt"],"score":220,"play_id":"d057dcef-c58d-4ec3-a884-6e6ea26ed375","local_time":"20190709101214","is_ascension_mode":true,"campfire_choices":[{"data":"Deadly Poison","floor":6,"key":"SMITH"},{"data":"Catalyst","floor":8,"key":"SMITH"},{"floor":12,"key":"REST"},{"data":"Grand Finale","floor":15,"key":"SMITH"}],"neow_cost":"NONE","seed_source_timestamp":65352422525123,"circlet_count":0,"master_deck":["AscendersBane","Strike_G","Strike_G","Strike_G","Strike_G","Defend_G","Defend_G","Defend_G","Defend_G","Defend_G","Survivor","Neutralize","Deadly Poison+1","Well Laid Plans","Catalyst+1","Grand Finale+1"],"relics":["Ring of the Snake","Snake Skull","Pantograph","Ninja Scroll","Turnip"],"potions_floor_usage":[10,16,16],"damage_taken":[{"damage":1,"enemies":"2 Louse","floor":1,"turns":3},{"damage":2,"enemies":"Jaw Worm","floor":3,"turns":5},{"damage":6,"enemies":"Small Slimes","floor":5,"turns":4},{"damage":9,"enemies":"2 Fungi Beasts","floor":7,"turns":4},{"damage":37,"enemies":"3 Sentries","floor":10,"turns":16},{"damage":7,"enemies":"Large Slime","floor":11,"turns":5},{"damage":10,"enemies":"Lagavulin","floor":13,"turns":3},{"damage":26,"enemies":"Slime Boss","floor":16,"turns":6}],"seed_played":"6507229910390343532","potions_obtained":[{"floor":5,"key":"Regen Potion"},{"floor":10,"key":"Fire Potion"}],"is_trial":false,"path_per_floor":["M","?","M","$","M","R","M","R","T","E","M","R","E","?","R","B"],"character_chosen":"THE_SILENT","items_purchased":["Well Laid Plans","GhostInAJar"],"campfire_rested":1,"item_purchase_floors":[4,4],"current_hp_per_floor":[58,58,56,56,50,50,41,41,41,19,12,31,21,21,21,20],"gold":65,"neow_bonus":"RANDOM_COMMON_RELIC","is_prod":false,"is_daily":false,"chose_seed":false,"campfire_upgraded":3,"win_rate":0,"timestamp":1562638334,"path_taken":["M","?","M","$","M","R","M","R","T","E","M","R","E","?","R","BOSS"],"build_version":"2019-07-05","purchased_purges":1,"victory":false,"max_hp_per_floor":[66,66,66,66,66,66,66,66,66,66,66,66,66,66,66,66],"card_choices":[{"not_picked":["Outmaneuver","PiercingWail"],"picked":"Deadly Poison","floor":1},{"not_picked":["Backflip","Dash","Flying Knee"],"picked":"SKIP","floor":3},{"not_picked":["Flying Knee","Deflect","Outmaneuver"],"picked":"SKIP","floor":5},{"not_picked":["Riddle With Holes","Sucker Punch"],"picked":"Catalyst","floor":7},{"not_picked":["Crippling Poison","Quick Slash"],"picked":"Grand Finale","floor":10},{"not_picked":["Predator","PiercingWail","Dagger Throw"],"picked":"SKIP","floor":11},{"not_picked":["Bullet Time","Eviscerate","Blade Dance"],"picked":"SKIP","floor":13}],"player_experience":1072862,"relics_obtained":[{"floor":9,"key":"Pantograph"},{"floor":10,"key":"Ninja Scroll"},{"floor":13,"key":"Turnip"}],"event_choices":[{"damage_healed":0,"gold_gain":150,"player_choice":"AGREE","damage_taken":0,"max_hp_gain":0,"max_hp_loss":0,"event_name":"Liars Game","floor":2,"gold_loss":0,"cards_obtained":["Doubt"]},{"cards_removed":["Strike_G"],"damage_healed":0,"gold_gain":0,"player_choice":"Card Removal","damage_taken":0,"max_hp_gain":0,"max_hp_loss":0,"event_name":"The Cleric","floor":14,"gold_loss":75}],"is_beta":false,"boss_relics":[],"items_purged_floors":[4],"is_endless":false,"potions_floor_spawned":[5,7,10,13],"killed_by":"Slime Boss","ascension_level":20}