{"gold_per_floor":[115,115,115,38,138,138,165,165,165,185,185,200,220,192,192,269,269,283,298,32,32],"floor_reached":21,"playtime":651,"items_purged":["Strike_G"],"score":408,"play_id":"c0f17b28-8dbd-44d3-9a4e-a4f75fdf0fa7","local_time":"20190716090000","is_ascension_mode":true,"campfire_choices":[{"data":"Predator","floor":6.0,"key":"SMITH"},{"data":"Noxious Fumes","floor":8.0,"key":"SMITH"},{"data":"Neutralize","floor":11.0,"key":"SMITH"},{"data":"Tactician","floor":15.0,"key":"SMITH"}],"neow_cost":"TEN_PERCENT_HP_LOSS","seed_source_timestamp":418198643349434,"circlet_count":0,"master_deck":["AscendersBane","Strike_G","Strike_G","Defend_G","Defend_G","Defend_G","Defend_G","Defend_G","Survivor","Neutralize+1","Night Terror","Outmaneuver","Predator+1","Well Laid Plans","Noxious Fumes+1","PiercingWail","Acrobatics","Tactician+1","Endless Agony","After Image","Backflip"],"special_seed":0,"relics":["Ring of the Snake","PreservedInsect","Smiling Mask","Coffee Dripper","Membership Card"],"potions_floor_usage":[18,19],"damage_taken":[{"damage":0.0,"enemies":"2 Louse","floor":1.0,"turns":4.0},{"damage":0.0,"enemies":"Gremlin Nob","floor":7.0,"turns":3.0},{"damage":0.0,"enemies":"Small Slimes","floor":10.0,"turns":5.0},{"damage":4.0,"enemies":"Jaw Worm","floor":12.0,"turns":4.0},{"damage":9.0,"enemies":"Looter","floor":13.0,"turns":4.0},{"damage":3.0,"enemies":"Exordium Thugs","floor":14.0,"turns":4.0},{"damage":6.0,"enemies":"Hexaghost","floor":16.0,"turns":8.0},{"damage":34,"enemies":"Spheric Guardian","floor":18,"turns":6},{"damage":0,"enemies":"3 Byrds","floor":19,"turns":4},{"damage":8,"enemies":"Centurion and Healer","floor":21,"turns":4}],"seed_played":"-1391995164098029148","potions_obtained":[{"floor":1.0,"key":"SteroidPotion"},{"floor":10.0,"key":"Swift Potion"},{"floor":13.0,"key":"Poison Potion"},{"floor":18,"key":"LiquidBronze"}],"is_trial":false,"path_per_floor":["M","?","?","$","?","R","E","R","T","M","R","M","M","M","R","B",null,"M","M","$","M"],"character_chosen":"THE_SILENT","items_purchased":["Well Laid Plans","Membership Card"],"campfire_rested":0,"item_purchase_floors":[4,20],"current_hp_per_floor":[59,41,41,41,41,41,41,41,41,41,41,37,28,25,25,19,50,16,16,16,8],"gold":32,"neow_bonus":"TRANSFORM_TWO_CARDS","is_prod":false,"is_daily":false,"chose_seed":false,"campfire_upgraded":4,"win_rate":0,"timestamp":1563238800,"path_taken":["M","?","?","?","?","R","E","R","T","M","R","?","M","M","R","BOSS","M","M","$","M"],"build_version":"2019-07-05","purchased_purges":1,"victory":false,"max_hp_per_floor":[60,60,60,60,60,60,60,60,60,60,60,60,60,60,60,60,60,60,60,60,60],"card_choices":[{"not_picked":["Escape Plan","Masterful Stab"],"picked":"Predator","floor":1.0},{"not_picked":["Catalyst","Prepared"],"picked":"Noxious Fumes","floor":7.0},{"not_picked":["Slice","Well Laid Plans"],"picked":"PiercingWail","floor":10.0},{"not_picked":["Bouncing Flask","Deadly Poison"],"picked":"Acrobatics","floor":12.0},{"not_picked":["Bouncing Flask","Setup"],"picked":"Tactician","floor":13.0},{"not_picked":["Endless Agony","Well Laid Plans","Blade Dance"],"picked":"SKIP","floor":14.0},{"not_picked":["Well Laid Plans","Blade Dance"],"picked":"Endless Agony","floor":14.0},{"not_picked":["Burst","Tools of the Trade"],"picked":"After Image","floor":16.0},{"not_picked":["Endless Agony","Accuracy"],"picked":"Backflip","floor":18},{"not_picked":["PiercingWail+1","Blade Dance","Unload"],"picked":"SKIP","floor":19}],"player_experience":1119612,"relics_obtained":[{"floor":7.0,"key":"Smiling Mask"}],"event_choices":[{"damage_healed":0.0,"max_hp_gain":0.0,"max_hp_loss":0.0,"gold_gain":0.0,"event_name":"Scrap Ooze","player_choice":"Success","floor":2.0,"gold_loss":0.0,"damage_taken":18.0,"relics_obtained":["PreservedInsect"]},{"damage_healed":0.0,"max_hp_gain":0.0,"max_hp_loss":0.0,"gold_gain":0.0,"event_name":"Liars Game","player_choice":"Ignored","floor":3.0,"gold_loss":0.0,"damage_taken":0.0},{"damage_healed":0.0,"max_hp_gain":0.0,"max_hp_loss":0.0,"gold_gain":100.0,"event_name":"Wheel of Change","player_choice":"Gold","floor":5.0,"gold_loss":0.0,"damage_taken":0.0}],"is_beta":false,"boss_relics":[{"not_picked":["Runic Pyramid","Velvet Choker"],"picked":"Coffee Dripper"}],"items_purged_floors":[20],"is_endless":false,"potions_floor_spawned":[1,10,13,18],"killed_by":"Centurion and Healer","ascension_level":20}