{"gold_per_floor":[116,135,135,152,164,164,197,197,275,275,275,295,35,54,54,130,130,144,144,155,155,155],"floor_reached":22,"playtime":929,"items_purged":["Strike_B"],"score":472,"play_id":"5b5f4503-1b4e-4378-9894-af495e800b74","local_time":"20190619112327","is_ascension_mode":true,"campfire_choices":[{"data":"Dualcast","floor":6,"key":"SMITH"},{"data":"Skim","floor":8,"key":"SMITH"},{"data":"Zap","floor":10,"key":"SMITH"},{"data":"Consume","floor":15,"key":"SMITH"}],"neow_cost":"TEN_PERCENT_HP_LOSS","seed_source_timestamp":86272441404745,"circlet_count":0,"master_deck":["AscendersBane","Strike_B","Defend_B","Defend_B","Defend_B","Defend_B","Zap+1","Dualcast+1","Jack Of All Trades","Secret Technique","Glacier","Ball Lightning","Skim+1","Coolheaded","Turbo+1","Capacitor","White Noise","Consume+1","Echo Form"],"relics":["Cracked Core","Prayer Wheel","Cables","Runic Pyramid"],"potions_floor_usage":[12,22,22],"damage_taken":[{"damage":0,"enemies":"2 Louse","floor":1,"turns":2},{"damage":1,"enemies":"Cultist","floor":2,"turns":3},{"damage":2,"enemies":"Jaw Worm","floor":4,"turns":4},{"damage":5,"enemies":"Blue Slaver","floor":5,"turns":4},{"damage":9,"enemies":"Lagavulin","floor":7,"turns":6},{"damage":3,"enemies":"Exordium Thugs","floor":12,"turns":5},{"damage":9,"enemies":"Large Slime","floor":14,"turns":6},{"damage":0,"enemies":"Slime Boss","floor":16,"turns":5},{"damage":14,"enemies":"3 Byrds","floor":18,"turns":5},{"damage":21,"enemies":"2 Thieves","floor":20,"turns":5},{"damage":10,"enemies":"Cultist and Chosen","floor":22,"turns":5}],"seed_played":"-8910650942182219975","potions_obtained":[{"floor":1,"key":"Dexterity Potion"},{"floor":2,"key":"Ancient Potion"},{"floor":11,"key":"Swift Potion"},{"floor":11,"key":"Regen Potion"},{"floor":16,"key":"PowerPotion"}],"is_trial":false,"path_per_floor":["M","M","?","M","M","R","E","R","T","R","?","M","$","M","R","B",null,"M","?","M","?","M"],"character_chosen":"DEFECT","items_purchased":["Turbo","Capacitor","Explosive Potion"],"campfire_rested":0,"item_purchase_floors":[13,13,13],"current_hp_per_floor":[64,63,56,54,49,49,40,40,40,40,40,51,51,42,42,42,59,45,45,24,24,14],"gold":155,"neow_bonus":"RANDOM_COLORLESS_2","is_prod":false,"is_daily":false,"chose_seed":false,"campfire_upgraded":4,"win_rate":0,"timestamp":1560914607,"path_taken":["M","M","?","M","M","R","E","R","T","R","?","?","?","M","R","BOSS","M","?","M","?","M"],"build_version":"2019-01-23","purchased_purges":1,"victory":false,"max_hp_per_floor":[64,64,64,64,64,64,64,64,64,64,64,64,64,64,64,64,64,64,64,64,64,64],"card_choices":[{"not_picked":["Barrage","Auto Shields","Chaos"],"picked":"SKIP","floor":1},{"not_picked":["Gash","Aggregate","Sweeping Beam"],"picked":"SKIP","floor":2},{"not_picked":["Capacitor","Compile Driver"],"picked":"Glacier","floor":4},{"not_picked":["Barrage","Gash"],"picked":"Ball Lightning","floor":5},{"not_picked":["Fusion","Chill"],"picked":"Skim","floor":7},{"not_picked":["Steam Power","Doom and Gloom"],"picked":"Coolheaded","floor":12},{"not_picked":["Hologram","Redo","Gash"],"picked":"SKIP","floor":12},{"not_picked":["Hologram","Fusion"],"picked":"White Noise","floor":14},{"not_picked":["Barrage","Hologram"],"picked":"Consume","floor":14},{"not_picked":["Machine Learning","Multi-Cast"],"picked":"Echo Form","floor":16},{"not_picked":["FTL","Sweeping Beam","BootSequence"],"picked":"SKIP","floor":18},{"not_picked":["Go for the Eyes","Stack","Steam"],"picked":"SKIP","floor":18},{"not_picked":["Darkness","Barrage","Beam Cell"],"picked":"SKIP","floor":20},{"not_picked":["Beam Cell+1","Rip and Tear","Turbo"],"picked":"SKIP","floor":20}],"player_experience":979716,"relics_obtained":[{"floor":7,"key":"Prayer Wheel"},{"floor":9,"key":"Cables"}],"event_choices":[{"cards_removed":["Strike_B"],"damage_healed":0,"gold_gain":0,"player_choice":"Card Removal","damage_taken":7,"max_hp_gain":0,"max_hp_loss":0,"event_name":"Golden Wing","floor":3,"gold_loss":0},{"damage_healed":0,"gold_gain":0,"player_choice":"Got Potions","damage_taken":0,"max_hp_gain":0,"max_hp_loss":0,"event_name":"Lab","floor":11,"gold_loss":0},{"cards_removed":["Strike_B"],"damage_healed":0,"gold_gain":0,"player_choice":"Elegance","damage_taken":0,"max_hp_gain":0,"max_hp_loss":0,"event_name":"Back to Basics","floor":19,"gold_loss":0},{"damage_healed":0,"gold_gain":0,"player_choice":"Upgraded","damage_taken":0,"max_hp_gain":0,"max_hp_loss":0,"event_name":"Upgrade Shrine","floor":21,"gold_loss":0,"cards_upgraded":["Turbo"]}],"is_beta":false,"boss_relics":[{"not_picked":["Nuclear Battery","Snecko Eye"],"picked":"Runic Pyramid"}],"items_purged_floors":[13],"is_endless":false,"potions_floor_spawned":[1,2,7,14,16],"killed_by":"Cultist and Chosen","ascension_level":20}