{"gold_per_floor":[416,98,98,98,118,118,138,154,154,154,54,70,70,85,85,161,211,226,101,121,141,152,152,2,33,33,33,47,47,75,94,94,171,171,188,188,188,13,13,13,30,30,109,134,150,170,199,214,214,214,214,214,214,34,60,60],"floor_reached":57,"playtime":2784,"items_purged":["Strike_G","Strike_G","Strike_G","Defend_G","Defend_G+1","Grand Finale+1"],"score":3538,"play_id":"cb792d1f-e59a-436e-9761-df3fa51584ff","local_time":"20190808084502","is_ascension_mode":true,"campfire_choices":[{"data":"Acrobatics","floor":6.0,"key":"SMITH"},{"data":"Tactician","floor":10.0,"key":"SMITH"},{"data":"Deadly Poison","floor":15,"key":"SMITH"},{"data":"Calculated Gamble","floor":23,"key":"SMITH"},{"data":"Reflex","floor":29,"key":"SMITH"},{"data":"Prepared","floor":32,"key":"SMITH"},{"floor":40,"key":"RECALL"},{"data":"Backflip","floor":49,"key":"SMITH"},{"data":"Dark Shackles","floor":53,"key":"SMITH"}],"neow_cost":"TEN_PERCENT_HP_LOSS","seed_source_timestamp":0,"circlet_count":0,"master_deck":["AscendersBane","Survivor+1","Neutralize+1","Deadly Poison+1","Acrobatics+1","Tactician+1","Reflex+1","Calculated Gamble+1","Footwork+1","Prepared+1","Dark Shackles+1","Backflip+1","Dagger Spray"],"special_seed":0,"relics":["Ring of the Snake","Old Coin","TheAbacus","Tough Bandages","Tiny House","Lantern","Sundial","Pantograph","Empty Cage","Mark of the Bloom","Mercury Hourglass","The Courier","Ice Cream","Gambling Chip"],"potions_floor_usage":[12,21,56,56],"damage_taken":[{"damage":6.0,"enemies":"Jaw Worm","floor":1.0,"turns":5.0},{"damage":0.0,"enemies":"2 Louse","floor":5.0,"turns":4.0},{"damage":0.0,"enemies":"Cultist","floor":7.0,"turns":4.0},{"damage":0.0,"enemies":"Blue Slaver","floor":8.0,"turns":4.0},{"damage":2,"enemies":"2 Fungi Beasts","floor":12,"turns":4},{"damage":0,"enemies":"3 Louse","floor":14,"turns":3},{"damage":0,"enemies":"The Guardian","floor":16,"turns":11},{"damage":0,"enemies":"Chosen","floor":18,"turns":5},{"damage":0,"enemies":"Shell Parasite","floor":20,"turns":7},{"damage":0,"enemies":"Sentry and Sphere","floor":21,"turns":5},{"damage":10,"enemies":"Snecko","floor":22,"turns":7},{"damage":0,"enemies":"Book of Stabbing","floor":25,"turns":6},{"damage":7,"enemies":"Snake Plant","floor":28,"turns":3},{"damage":0,"enemies":"Gremlin Leader","floor":30,"turns":3},{"damage":0,"enemies":"3 Cultists","floor":31,"turns":2},{"damage":0,"enemies":"Automaton","floor":33,"turns":2},{"damage":0,"enemies":"Orb Walker","floor":35,"turns":1},{"damage":0,"enemies":"3 Darklings","floor":41,"turns":1},{"damage":0,"enemies":"Nemesis","floor":44,"turns":3},{"damage":0,"enemies":"Spire Growth","floor":45,"turns":1},{"damage":0,"enemies":"Transient","floor":46,"turns":6},{"damage":0,"enemies":"Reptomancer","floor":47,"turns":1},{"damage":0,"enemies":"Jaw Worm Horde","floor":48,"turns":1},{"damage":0,"enemies":"Donu and Deca","floor":50,"turns":1},{"damage":0,"enemies":"Time Eater","floor":51,"turns":3},{"damage":0,"enemies":"Shield and Spear","floor":55,"turns":1},{"damage":0,"enemies":"The Heart","floor":56,"turns":5}],"seed_played":"-2031968323551798885","potions_obtained":[{"floor":1.0,"key":"Poison Potion"},{"floor":14,"key":"LiquidBronze"},{"floor":16,"key":"EssenceOfSteel"},{"floor":17,"key":"AttackPotion"},{"floor":18,"key":"GamblersBrew"},{"floor":28,"key":"AttackPotion"},{"floor":31,"key":"Swift Potion"},{"floor":46,"key":"SpeedPotion"}],"is_trial":false,"path_per_floor":["M","$","?","?","M","R","M","M","T","R","$","M","?","M","R","B",null,"M","$","M","M","M","R","$","E","T","?","M","R","E","M","R","B",null,"M","?","?","$","?","R","M","$","T","E","M","M","E","M","R","B","B",null,"R","$","E","B",null],"character_chosen":"THE_SILENT","items_purchased":["TheAbacus","Deadly Poison","Dagger Spray"],"campfire_rested":0,"item_purchase_floors":[2,2,54],"current_hp_per_floor":[53,53,18,18,18,18,18,18,18,18,18,16,9,9,9,9,52,52,52,52,52,42,42,42,42,42,42,35,35,35,35,35,60,64,64,64,62,62,62,62,62,62,62,62,62,62,62,62,62,62,62,62,62,62,62,62],"gold":60,"neow_bonus":"ONE_RARE_RELIC","is_prod":false,"is_daily":false,"chose_seed":false,"campfire_upgraded":8,"win_rate":0,"timestamp":1565225102,"path_taken":["M","$","?","?","M","R","M","M","T","R","$","?","?","M","R","BOSS","M","$","M","M","M","R","$","E","T","?","M","R","E","M","R","BOSS","M","?","?","$","?","R","M","?","T","E","?","M","E","M","R","BOSS","BOSS","R","$","E","BOSS"],"build_version":"2019-07-17","purchased_purges":6,"victory":true,"max_hp_per_floor":[60,60,60,60,60,60,60,60,60,60,60,60,60,60,60,60,65,65,65,65,65,65,65,65,65,65,65,65,65,65,65,65,65,65,65,65,62,62,62,62,62,62,62,62,62,62,62,62,62,62,62,62,62,62,62,62],"card_choices":[{"not_picked":["Eviscerate","Dagger Spray","Infinite Blades"],"picked":"SKIP","floor":1.0},{"not_picked":["Backstab","Expertise"],"picked":"Acrobatics","floor":5.0},{"not_picked":["Backflip","Deadly Poison"],"picked":"Tactician","floor":7.0},{"not_picked":["Cloak And Dagger","PiercingWail","Underhanded Strike"],"picked":"SKIP","floor":8.0},{"not_picked":["Acrobatics","Slice","Dodge and Roll"],"picked":"SKIP","floor":12},{"not_picked":["A Thousand Cuts","Bane"],"picked":"Reflex","floor":14},{"not_picked":["Underhanded Strike","Slice"],"picked":"Calculated Gamble","floor":17},{"not_picked":["PiercingWail","Poisoned Stab","Bane"],"picked":"SKIP","floor":18},{"not_picked":["Sucker Punch","Endless Agony","Prepared"],"picked":"SKIP","floor":20},{"not_picked":["Sucker Punch","Masterful Stab+1","Crippling Poison"],"picked":"SKIP","floor":21},{"not_picked":["Dash","Sucker Punch","Dagger Throw"],"picked":"SKIP","floor":22},{"not_picked":["Dodge and Roll+1","Prepared+1"],"picked":"Grand Finale","floor":25},{"not_picked":["Backstab","Endless Agony"],"picked":"Footwork","floor":28},{"not_picked":["Bane","Bouncing Flask","Tactician"],"picked":"SKIP","floor":30},{"not_picked":["Deflect","PiercingWail"],"picked":"Prepared","floor":31},{"not_picked":["Footwork","Cloak And Dagger","Outmaneuver+1"],"picked":"SKIP","floor":35},{"not_picked":["Magnetism","Panache"],"picked":"Dark Shackles","floor":39},{"not_picked":["Underhanded Strike+1","Concentrate","Tactician"],"picked":"SKIP","floor":41},{"not_picked":["Skewer","Dodge and Roll","Cloak And Dagger"],"picked":"SKIP","floor":44},{"not_picked":["Poisoned Stab","Infinite Blades","Deflect"],"picked":"SKIP","floor":45},{"not_picked":["Acrobatics","Dagger Throw"],"picked":"Backflip","floor":46},{"not_picked":["All Out Attack","Noxious Fumes","Sucker Punch+1"],"picked":"SKIP","floor":47},{"not_picked":["Tactician+1","Slice","Skewer"],"picked":"SKIP","floor":48},{"not_picked":["After Image","Dagger Spray","Choke"],"picked":"SKIP","floor":55}],"player_experience":1156491,"relics_obtained":[{"floor":25,"key":"Lantern"},{"floor":26,"key":"Sundial"},{"floor":30,"key":"Pantograph"},{"floor":43,"key":"Mercury Hourglass"},{"floor":44,"key":"The Courier"},{"floor":47,"key":"Ice Cream"},{"floor":55,"key":"Gambling Chip"}],"event_choices":[{"damage_healed":0.0,"max_hp_gain":0.0,"max_hp_loss":0.0,"gold_gain":0.0,"event_name":"Scrap Ooze","player_choice":"Success","floor":3.0,"gold_loss":0.0,"damage_taken":35.0,"relics_obtained":["Tough Bandages"]},{"cards_removed":["Defend_G"],"damage_healed":0.0,"max_hp_gain":0.0,"max_hp_loss":0.0,"gold_gain":0.0,"event_name":"Bonfire Elementals","player_choice":"Offered Basic","floor":4.0,"gold_loss":0.0,"damage_taken":0.0},{"cards_removed":["Strike_G"],"damage_healed":0,"gold_gain":0,"player_choice":"Card Removal","damage_taken":7,"max_hp_gain":0,"max_hp_loss":0,"event_name":"Golden Wing","floor":13,"gold_loss":0},{"cards_removed":["Strike_G"],"damage_healed":0,"gold_gain":0,"player_choice":"Elegance","damage_taken":0,"max_hp_gain":0,"max_hp_loss":0,"event_name":"Back to Basics","floor":27,"gold_loss":0},{"damage_healed":0,"gold_gain":0,"player_choice":"Upgrade","damage_taken":0,"relics_obtained":["Mark of the Bloom"],"max_hp_gain":0,"max_hp_loss":0,"event_name":"MindBloom","floor":36,"gold_loss":0,"cards_upgraded":["Survivor","Neutralize","Grand Finale","Footwork"]},{"damage_healed":0,"gold_gain":0,"player_choice":"Max HP","damage_taken":0,"max_hp_gain":0,"max_hp_loss":3,"event_name":"Winding Halls","floor":37,"gold_loss":0},{"damage_healed":0,"gold_gain":0,"player_choice":"Memory 1","damage_taken":0,"max_hp_gain":0,"max_hp_loss":0,"event_name":"SensoryStone","floor":39,"gold_loss":0}],"is_beta":false,"boss_relics":[{"not_picked":["Philosopher\u0027s Stone","Coffee Dripper"],"picked":"Tiny House"},{"not_picked":["Orrery","Lizard Tail"],"picked":"Empty Cage"}],"items_purged_floors":[2,11,19,24,38,54],"is_endless":false,"potions_floor_spawned":[1,14,16,18,20,28,31,33,44,45,46,47,48],"ascension_level":20}