{"gold_per_floor":[210,210,225,225,243,261,261,261,261,279,618,634,657,58,58,154,154,154],"floor_reached":18,"playtime":612,"items_purged":["Strike_R"],"score":328,"play_id":"48788531-2958-47bd-9d0d-9022f7b5fe0d","local_time":"20190520004335","is_ascension_mode":true,"campfire_choices":[{"data":"Rupture","floor":8.0,"key":"SMITH"},{"floor":15.0,"key":"REST"}],"neow_cost":"NONE","seed_source_timestamp":264225796656866,"circlet_count":0,"master_deck":["AscendersBane","Strike_R","Strike_R","Defend_R","Defend_R","Defend_R","Defend_R","Pain","Cleave","Rupture+1","Shrug It Off","Pommel Strike","Inflame","Limit Break","Whirlwind","Core Surge"],"special_seed":0,"relics":["Burning Blood","WarpedTongs","Golden Idol","Matryoshka","Old Coin","PrismaticShard","Oddly Smooth Stone","Empty Cage"],"potions_floor_usage":[],"damage_taken":[{"damage":4.0,"enemies":"Small Slimes","floor":1.0,"turns":4.0},{"damage":6.0,"enemies":"Cultist","floor":3.0,"turns":3.0},{"damage":5.0,"enemies":"Jaw Worm","floor":5.0,"turns":5.0},{"damage":21.0,"enemies":"3 Louse","floor":6.0,"turns":4.0},{"damage":20.0,"enemies":"Lots of Slimes","floor":10.0,"turns":3.0},{"damage":21.0,"enemies":"Gremlin Nob","floor":11.0,"turns":4.0},{"damage":19.0,"enemies":"Large Slime","floor":12.0,"turns":5.0},{"damage":8.0,"enemies":"Blue Slaver","floor":13.0,"turns":5.0},{"damage":18.0,"enemies":"Slime Boss","floor":16.0,"turns":7.0},{"damage":57,"enemies":"3 Byrds","floor":18,"turns":4}],"seed_played":"1594042914046473542","potions_obtained":[{"floor":5.0,"key":"SkillPotion"},{"floor":10.0,"key":"Regen Potion"},{"floor":12.0,"key":"FearPotion"}],"is_trial":false,"path_per_floor":["M","?","M","?","M","M","?","R","T","M","E","M","M","$","R","B",null,"M"],"character_chosen":"IRONCLAD","items_purchased":["PrismaticShard","Whirlwind","SteroidPotion","Oddly Smooth Stone"],"campfire_rested":1,"item_purchase_floors":[14,14,14,14],"current_hp_per_floor":[70,70,70,68,68,53,53,53,53,39,36,23,21,21,41,29,58,1],"gold":154,"neow_bonus":"HUNDRED_GOLD","is_prod":false,"is_daily":false,"chose_seed":false,"campfire_upgraded":1,"win_rate":0,"timestamp":1558284215,"path_taken":["M","?","?","?","M","M","?","R","T","?","E","M","M","$","R","BOSS","M"],"build_version":"2019-01-23","purchased_purges":1,"victory":false,"max_hp_per_floor":[75,75,75,68,68,68,68,68,68,68,68,68,68,68,68,68,68,68],"card_choices":[{"not_picked":["Havoc","Rupture","Wild Strike"],"picked":"SKIP","floor":1.0},{"not_picked":["Searing Blow","Heavy Blade","Perfected Strike"],"picked":"SKIP","floor":3.0},{"not_picked":["Iron Wave","Anger","Armaments"],"picked":"SKIP","floor":5.0},{"not_picked":["Infernal Blade","Battle Trance"],"picked":"Cleave","floor":6.0},{"not_picked":["Entrench","True Grit"],"picked":"Shrug It Off","floor":10.0},{"not_picked":["Reckless Charge","Spot Weakness"],"picked":"Pommel Strike","floor":11.0},{"not_picked":["Warcry","Corruption"],"picked":"Inflame","floor":12.0},{"not_picked":["Headbutt","Evolve"],"picked":"Limit Break","floor":13.0},{"not_picked":["Corpse Explosion","Brutality"],"picked":"Core Surge","floor":16.0}],"player_experience":886022,"relics_obtained":[{"floor":9.0,"key":"Matryoshka"},{"floor":11.0,"key":"Old Coin"}],"event_choices":[{"damage_healed":0.0,"max_hp_gain":0.0,"max_hp_loss":0.0,"gold_gain":0.0,"event_name":"Accursed Blacksmith","player_choice":"Rummage","floor":2.0,"gold_loss":0.0,"damage_taken":0.0,"relics_obtained":["WarpedTongs"],"cards_obtained":["Pain"]},{"damage_healed":0.0,"max_hp_gain":0.0,"max_hp_loss":7.0,"gold_gain":0.0,"event_name":"Golden Idol","player_choice":"Lose Max HP","floor":4.0,"gold_loss":0.0,"damage_taken":0.0,"relics_obtained":["Golden Idol"]},{"damage_healed":0.0,"max_hp_gain":0.0,"max_hp_loss":0.0,"gold_gain":0.0,"cards_transformed":["Strike_R"],"event_name":"Transmorgrifier","player_choice":"Transformed","floor":7.0,"gold_loss":0.0,"damage_taken":0.0,"cards_obtained":["Rupture"]}],"is_beta":false,"boss_relics":[{"not_picked":["Snecko Eye","Pandora\u0027s Box"],"picked":"Empty Cage"}],"items_purged_floors":[14],"is_endless":false,"potions_floor_spawned":[5,10,12],"killed_by":"3 Byrds","ascension_level":20}