{"gold_per_floor":[14,14,26,26,26,57,69,91,103,115,153,165,195,226,238,352,414,446,478,490,515,527,539,567,579,617,642,654,666,696,726,738,750],"floor_reached":33,"playtime":1972,"items_purged":[],"score":249,"play_id":"bf29b927-c45e-4d6a-954e-01b30c728a30","local_time":"20190728232716","is_ascension_mode":false,"campfire_choices":[{"floor":7,"key":"REST"},{"floor":12,"key":"REST"},{"data":"Bash","floor":15,"key":"SMITH"},{"data":"Perfected Strike","floor":23,"key":"SMITH"},{"floor":25,"key":"REST"},{"floor":28,"key":"REST"},{"data":"Bloodletting","floor":32,"key":"SMITH"}],"neow_cost":"NO_GOLD","seed_source_timestamp":1466466662910417,"circlet_count":0,"master_deck":["Strike_R+1","Strike_R","Strike_R","Strike_R","Strike_R+1","Defend_R","Defend_R","Defend_R","Defend_R+1","Bash+1","Bludgeon","Twin Strike","Perfected Strike+1","Blood for Blood","Shrug It Off","Bloodletting+1","Clash+1","Cleave","Limit Break","Flex","Perfected Strike+1","Heavy Blade","Perfected Strike","Shame","Hemokinesis","Flame Barrier","Uppercut","Pommel Strike","Carnage","Shrug It Off+1"],"relics":["Burning Blood","Darkstone Periapt","MawBank","Dream Catcher","Orichalcum","Tiny House","Mercury Hourglass","Boot","Omamori","Meat on the Bone"],"potions_floor_usage":[33,33],"damage_taken":[{"damage":0,"enemies":"Cultist","floor":1,"turns":2},{"damage":9,"enemies":"2 Louse","floor":3,"turns":4},{"damage":27,"enemies":"Gremlin Nob","floor":6,"turns":5},{"damage":11,"enemies":"Jaw Worm","floor":8,"turns":2},{"damage":13,"enemies":"Red Slaver","floor":13,"turns":3},{"damage":5,"enemies":"Blue Slaver","floor":14,"turns":4},{"damage":65,"enemies":"The Guardian","floor":16,"turns":8},{"damage":29,"enemies":"Shell Parasite","floor":18,"turns":7},{"damage":4,"enemies":"Spheric Guardian","floor":19,"turns":3},{"damage":25,"enemies":"3 Cultists","floor":21,"turns":6},{"damage":20,"enemies":"Chosen and Byrds","floor":24,"turns":5},{"damage":43,"enemies":"Centurion and Healer","floor":27,"turns":7},{"damage":13,"enemies":"3 Cultists","floor":30,"turns":4},{"damage":11,"enemies":"Sentry and Sphere","floor":31,"turns":5},{"damage":61,"enemies":"Automaton","floor":33,"turns":6}],"seed_played":"-3030898263282417678","potions_obtained":[{"floor":3,"key":"Swift Potion"},{"floor":8,"key":"Dexterity Potion"},{"floor":16,"key":"FearPotion"}],"is_trial":false,"path_per_floor":["M","?","M","?","?","E","R","M","T","$","T","R","M","M","R","B",null,"M","M","T","M","?","R","M","R","T","M","R","T","M","M","R","B"],"character_chosen":"IRONCLAD","items_purchased":[],"campfire_rested":4,"item_purchase_floors":[],"current_hp_per_floor":[80,80,77,61,54,33,57,52,52,52,52,76,69,70,70,11,85,62,64,64,45,51,51,37,64,64,27,54,54,59,54,54,0],"gold":750,"neow_bonus":"THREE_RARE_CARDS","is_prod":false,"is_daily":false,"chose_seed":false,"campfire_upgraded":3,"win_rate":0.0,"timestamp":1564327636,"path_taken":["M","?","M","?","?","E","R","M","T","$","?","R","M","M","R","BOSS","M","M","?","M","?","R","M","R","T","M","R","?","M","M","R","BOSS"],"build_version":"2019-07-17","purchased_purges":0,"victory":false,"max_hp_per_floor":[80,80,80,80,80,80,80,80,80,80,80,80,80,80,80,80,85,85,85,85,85,91,91,91,91,91,91,91,91,91,91,91,91],"card_choices":[{"not_picked":["Feed","Juggernaut"],"picked":"Bludgeon","floor":0},{"not_picked":["Feel No Pain","Fire Breathing"],"picked":"Twin Strike","floor":1},{"not_picked":["Reckless Charge","Iron Wave"],"picked":"Perfected Strike","floor":3},{"not_picked":["Heavy Blade","Twin Strike"],"picked":"Blood for Blood","floor":6},{"not_picked":["Metallicize","Twin Strike"],"picked":"Shrug It Off","floor":8},{"not_picked":["Infernal Blade","True Grit"],"picked":"Bloodletting","floor":12},{"not_picked":["Fiend Fire","Armaments"],"picked":"Clash","floor":13},{"not_picked":["Anger","Combust"],"picked":"Cleave","floor":14},{"not_picked":["Reaper","Demon Form"],"picked":"Limit Break","floor":16},{"not_picked":["Warcry","Corruption"],"picked":"Flex","floor":17},{"not_picked":["Cleave","Headbutt"],"picked":"Perfected Strike+1","floor":18},{"not_picked":["Clothesline","Dropkick"],"picked":"Heavy Blade","floor":19},{"not_picked":["Body Slam","Juggernaut"],"picked":"Perfected Strike","floor":21},{"not_picked":["Whirlwind","Searing Blow"],"picked":"Hemokinesis","floor":24},{"not_picked":["Armaments","Heavy Blade"],"picked":"Flame Barrier","floor":25},{"not_picked":["Spot Weakness+1","Twin Strike"],"picked":"Uppercut","floor":27},{"not_picked":["Combust","Bloodletting"],"picked":"Pommel Strike","floor":28},{"not_picked":["Reckless Charge+1","Corruption"],"picked":"Carnage","floor":30},{"not_picked":["Bloodletting","Iron Wave"],"picked":"Shrug It Off+1","floor":31}],"player_experience":30632,"relics_obtained":[{"floor":6,"key":"MawBank"},{"floor":9,"key":"Dream Catcher"},{"floor":11,"key":"Orichalcum"},{"floor":20,"key":"Mercury Hourglass"},{"floor":26,"key":"Omamori"},{"floor":29,"key":"Meat on the Bone"}],"event_choices":[{"damage_healed":0,"gold_gain":0,"player_choice":"Grow","damage_taken":0,"max_hp_gain":0,"max_hp_loss":0,"event_name":"Living Wall","floor":2,"gold_loss":0,"cards_upgraded":["Strike_R"]},{"damage_healed":0,"gold_gain":0,"player_choice":"Entered Light","damage_taken":16,"max_hp_gain":0,"max_hp_loss":0,"event_name":"Shining Light","floor":4,"gold_loss":0,"cards_upgraded":["Strike_R","Defend_R"]},{"damage_healed":0,"gold_gain":0,"player_choice":"Success","damage_taken":7,"relics_obtained":["Darkstone Periapt"],"max_hp_gain":0,"max_hp_loss":0,"event_name":"Scrap Ooze","floor":5,"gold_loss":0},{"damage_healed":0,"gold_gain":0,"player_choice":"Stole Relic","damage_taken":0,"relics_obtained":["Boot"],"max_hp_gain":0,"max_hp_loss":0,"event_name":"Addict","floor":22,"gold_loss":0,"cards_obtained":["Shame"]}],"is_beta":false,"boss_relics":[{"not_picked":["Philosopher\u0027s Stone","Eternal Feather"],"picked":"Tiny House"}],"items_purged_floors":[],"is_endless":false,"potions_floor_spawned":[3,8,16,21,27,31],"killed_by":"Automaton","ascension_level":0}