{"gold_per_floor":[109,109,34,54,54,54,87,102,102,138,163,204,316,344,356,488,500,525,47,146,160,85,116,116,160,160,160,203,217,88,88,88,218,281,295,628,68,86,86,117,117,137,137,168,43,75,75,29,29,29,29,29,29,29],"floor_reached":54,"playtime":5542,"items_purged":["Injury","Inflame","Strike_R"],"score":911,"play_id":"b23355cf-f2d6-417c-874f-fb7e503d13e3","local_time":"20190502214953","is_ascension_mode":true,"campfire_choices":[{"data":"Bash","floor":6,"key":"SMITH"},{"data":"Flame Barrier","floor":15,"key":"SMITH"},{"floor":24,"key":"RECALL"},{"floor":27,"key":"REST"},{"floor":32,"key":"REST"},{"floor":41,"key":"REST"},{"floor":47,"key":"REST"},{"floor":49,"key":"REST"},{"floor":52,"key":"REST"}],"neow_cost":"NONE","seed_source_timestamp":1803570072632600,"circlet_count":0,"master_deck":["Strike_R","Strike_R+1","Strike_R+1","Strike_R+1","Defend_R","Defend_R","Defend_R","Bash+1","Twin Strike","Intimidate","Shrug It Off","Rage","Flame Barrier+1","Intimidate","Double Tap","Shrug It Off","Reaper","Warcry","Juggernaut","Spot Weakness","Warcry+1","Rage+1","Reaper","Demon Form","Warcry+1","Armaments+1"],"relics":["Burning Blood","Anchor","Letter Opener","Mercury Hourglass","Whetstone","Odd Mushroom","MawBank","Fusion Hammer","Gambling Chip","Charon\u0027s Ashes","Meat on the Bone","Pen Nib","Nilry\u0027s Codex","Tiny House","Regal Pillow","Toxic Egg 2","Red Skull","Orichalcum","Pear","Pantograph"],"potions_floor_usage":[10,11,16,21,23,25,40,40,50,50,50],"damage_taken":[{"damage":0,"enemies":"2 Louse","floor":1,"turns":3},{"damage":6,"enemies":"Cultist","floor":4,"turns":3},{"damage":26,"enemies":"Lagavulin","floor":7,"turns":6},{"damage":0,"enemies":"Jaw Worm","floor":8,"turns":2},{"damage":15,"enemies":"Gremlin Nob","floor":10,"turns":4},{"damage":0,"enemies":"The Mushroom Lair","floor":11,"turns":3},{"damage":5,"enemies":"3 Sentries","floor":12,"turns":6},{"damage":0,"enemies":"Blue Slaver","floor":14,"turns":2},{"damage":22,"enemies":"Slime Boss","floor":16,"turns":11},{"damage":0,"enemies":"3 Byrds","floor":18,"turns":4},{"damage":0,"enemies":"Spheric Guardian","floor":21,"turns":4},{"damage":9,"enemies":"Gremlin Leader","floor":23,"turns":6},{"damage":19,"enemies":"Book of Stabbing","floor":25,"turns":6},{"damage":0,"enemies":"Slavers","floor":28,"turns":5},{"damage":21,"enemies":"Snake Plant","floor":29,"turns":4},{"damage":51,"enemies":"Automaton","floor":33,"turns":8},{"damage":0,"enemies":"3 Shapes","floor":35,"turns":5},{"damage":7,"enemies":"3 Darklings","floor":38,"turns":5},{"damage":28,"enemies":"Giant Head","floor":40,"turns":8},{"damage":39,"enemies":"Jaw Worm Horde","floor":42,"turns":4},{"damage":42,"enemies":"Reptomancer","floor":44,"turns":7},{"damage":46,"enemies":"Giant Head","floor":46,"turns":7},{"damage":110,"enemies":"Awakened One","floor":50,"turns":12},{"damage":96,"enemies":"Shield and Spear","floor":54,"turns":5}],"seed_played":"-8817936544028439271","potions_obtained":[{"floor":1,"key":"Regen Potion"},{"floor":10,"key":"Explosive Potion"},{"floor":11,"key":"BloodPotion"},{"floor":12,"key":"Swift Potion"},{"floor":21,"key":"Energy Potion"},{"floor":23,"key":"Ancient Potion"},{"floor":25,"key":"Dexterity Potion"},{"floor":34,"key":"Block Potion"},{"floor":35,"key":"Regen Potion"},{"floor":42,"key":"SkillPotion"},{"floor":46,"key":"SteroidPotion"}],"is_trial":false,"path_per_floor":["M","?","$","M","?","R","E","M","T","E","?","E","?","M","R","B",null,"M","$","?","M","?","E","R","E","T","R","E","M","$","?","R","B",null,"M","?","$","M","?","E","R","M","T","E","$","E","R","$","R","B",null,"R","$","E"],"character_chosen":"IRONCLAD","items_purchased":["Gambling Chip","Reaper","Block Potion","Inflame","Warcry","Regal Pillow","Toxic Egg 2","Warcry+1","Armaments+1"],"campfire_rested":6,"item_purchase_floors":[19,19,19,30,30,37,37,37,48],"current_hp_per_floor":[80,80,80,80,80,80,60,66,66,69,75,76,76,80,80,64,80,80,80,80,80,80,77,77,72,72,80,80,65,65,49,73,52,85,85,85,85,84,84,67,85,79,79,77,77,58,95,95,95,44,95,95,95,0],"gold":29,"neow_bonus":"RANDOM_COMMON_RELIC","is_prod":false,"is_daily":false,"chose_seed":false,"campfire_upgraded":2,"win_rate":0,"timestamp":1556858993,"path_taken":["M","?","$","M","?","R","E","M","T","E","?","E","?","M","R","BOSS","M","$","?","M","?","E","R","E","T","R","E","M","$","?","R","BOSS","M","?","$","M","?","E","R","M","T","E","$","E","R","$","R","BOSS","R","$","E"],"build_version":"2019-01-23","purchased_purges":3,"victory":false,"max_hp_per_floor":[80,80,80,80,80,80,80,80,80,80,80,80,80,80,80,80,80,80,80,80,80,80,80,80,80,80,80,80,80,80,80,80,80,85,85,85,85,85,85,85,85,85,85,95,95,95,95,95,95,95,95,95,95,95],"card_choices":[{"not_picked":["Havoc","Heavy Blade"],"picked":"Twin Strike","floor":1},{"not_picked":["Clash","Pommel Strike"],"picked":"Intimidate","floor":4},{"not_picked":["Havoc","Burning Pact"],"picked":"Shrug It Off","floor":7},{"not_picked":["Bloodletting","Havoc"],"picked":"Rage","floor":8},{"not_picked":["Feed","Shockwave"],"picked":"Flame Barrier","floor":10},{"not_picked":["Hemokinesis","Sword Boomerang"],"picked":"Intimidate","floor":12},{"not_picked":["Searing Blow","Feel No Pain","Wild Strike"],"picked":"SKIP","floor":14},{"not_picked":["Dark Embrace","Feed"],"picked":"Double Tap","floor":16},{"not_picked":["Thunderclap","Twin Strike+1"],"picked":"Shrug It Off","floor":18},{"not_picked":["Headbutt","Metallicize","Dropkick+1"],"picked":"SKIP","floor":21},{"not_picked":["Thunderclap","Infernal Blade","Twin Strike+1"],"picked":"SKIP","floor":23},{"not_picked":["Perfected Strike","Offering","Pummel+1"],"picked":"SKIP","floor":25},{"not_picked":["Thunderclap","Sentinel","Ghostly Armor"],"picked":"SKIP","floor":28},{"not_picked":["Perfected Strike","Carnage","Body Slam"],"picked":"SKIP","floor":29},{"not_picked":["Barricade","Brutality"],"picked":"Juggernaut","floor":33},{"not_picked":["Disarm","Wild Strike"],"picked":"Spot Weakness","floor":35},{"not_picked":["Sword Boomerang","Headbutt"],"picked":"Rage+1","floor":38},{"not_picked":["Perfected Strike","Flex+1"],"picked":"Demon Form","floor":40},{"not_picked":["Wild Strike","Searing Blow+1"],"picked":"Warcry+1","floor":42},{"not_picked":["Clash","Power Through+1","Dark Embrace"],"picked":"SKIP","floor":44},{"not_picked":["Metallicize","Anger+1","Feel No Pain"],"picked":"SKIP","floor":46}],"player_experience":439364,"relics_obtained":[{"floor":7,"key":"Letter Opener"},{"floor":9,"key":"Mercury Hourglass"},{"floor":10,"key":"Whetstone"},{"floor":11,"key":"Odd Mushroom"},{"floor":12,"key":"MawBank"},{"floor":23,"key":"Charon\u0027s Ashes"},{"floor":25,"key":"Meat on the Bone"},{"floor":28,"key":"Pen Nib"},{"floor":31,"key":"Nilry\u0027s Codex"},{"floor":40,"key":"Red Skull"},{"floor":43,"key":"Orichalcum"},{"floor":44,"key":"Pear"},{"floor":46,"key":"Pantograph"}],"event_choices":[{"damage_healed":0,"gold_gain":0,"player_choice":"Take Wound","damage_taken":0,"relics_obtained":["Golden Idol"],"max_hp_gain":0,"max_hp_loss":0,"event_name":"Golden Idol","floor":2,"gold_loss":0,"cards_obtained":["Injury"]},{"damage_healed":0,"gold_gain":0,"player_choice":"Ignored","damage_taken":0,"max_hp_gain":0,"max_hp_loss":0,"event_name":"Golden Wing","floor":5,"gold_loss":0},{"damage_healed":0,"gold_gain":0,"player_choice":"Fought Mushrooms","damage_taken":0,"max_hp_gain":0,"max_hp_loss":0,"event_name":"Mushrooms","floor":11,"gold_loss":0},{"damage_healed":0,"gold_gain":100,"player_choice":"Pray","damage_taken":0,"max_hp_gain":0,"max_hp_loss":0,"event_name":"Golden Shrine","floor":13,"gold_loss":0},{"damage_healed":0,"gold_gain":99,"player_choice":"Stole From Cult","damage_taken":0,"max_hp_gain":0,"max_hp_loss":0,"event_name":"Nest","floor":20,"gold_loss":0},{"cards_removed":["Defend_R"],"damage_healed":0,"gold_gain":0,"player_choice":"Gave Gold","damage_taken":0,"max_hp_gain":0,"max_hp_loss":0,"event_name":"Beggar","floor":22,"gold_loss":75},{"damage_healed":0,"gold_gain":0,"player_choice":"Obtained Book","damage_taken":16,"max_hp_gain":0,"max_hp_loss":0,"event_name":"Cursed Tome","floor":31,"gold_loss":0},{"damage_healed":0,"gold_gain":333,"player_choice":"Gave Idol","damage_taken":0,"max_hp_gain":0,"max_hp_loss":0,"event_name":"The Moai Head","floor":36,"relics_lost":["Golden Idol"],"gold_loss":0},{"damage_healed":0,"gold_gain":0,"player_choice":"Copied","damage_taken":0,"max_hp_gain":0,"max_hp_loss":0,"event_name":"Duplicator","floor":39,"gold_loss":0,"cards_obtained":["Reaper"]}],"is_beta":false,"boss_relics":[{"not_picked":["Runic Dome","Runic Cube"],"picked":"Fusion Hammer"},{"not_picked":["White Beast Statue","Sozu"],"picked":"Tiny House"}],"items_purged_floors":[3,37,45],"is_endless":false,"potions_floor_spawned":[1,10,11,12,21,23,25,35,42,46],"killed_by":"Shield and Spear","ascension_level":1}