{"gold_per_floor":[113,113,124,136,154,180,180,196,219,219],"floor_reached":10,"playtime":675,"items_purged":[],"score":74,"play_id":"8e644c42-524d-4c1c-bd73-c9996edf7742","local_time":"20181226083834","is_ascension_mode":true,"campfire_choices":[{"floor":7,"key":"REST"}],"neow_cost":"NONE","seed_source_timestamp":2166678366239661,"circlet_count":0,"master_deck":["Defend_G","Defend_G","Defend_G","Defend_G","Defend_G","Strike_G","Strike_G","Strike_G","Strike_G","Survivor","Neutralize","Backflip","Backstab","Acrobatics","Dodge and Roll","Backflip","Deadly Poison","Poisoned Stab"],"relics":["Ring of the Snake","Ancient Tea Set"],"potions_floor_usage":[6,6],"damage_taken":[{"damage":2,"enemies":"Jaw Worm","floor":1,"turns":3},{"damage":0,"enemies":"Cultist","floor":3,"turns":3},{"damage":4,"enemies":"Small Slimes","floor":4,"turns":3},{"damage":0,"enemies":"Blue Slaver","floor":5,"turns":5},{"damage":53,"enemies":"Lagavulin","floor":6,"turns":12},{"damage":19,"enemies":"Large Slime","floor":8,"turns":8},{"damage":28,"enemies":"3 Sentries","floor":10,"turns":4}],"seed_played":"-7919082958465885218","potions_obtained":[{"floor":1,"key":"Explosive Potion"},{"floor":5,"key":"Block Potion"},{"floor":6,"key":"Ancient Potion"}],"is_trial":false,"path_per_floor":["M","?","M","M","M","E","R","M","T","E"],"character_chosen":"THE_SILENT","items_purchased":[],"campfire_rested":1,"item_purchase_floors":[],"current_hp_per_floor":[75,75,75,71,71,18,41,22,22,0],"gold":219,"neow_bonus":"TEN_PERCENT_HP_BONUS","is_prod":false,"is_daily":false,"chose_seed":false,"campfire_upgraded":0,"win_rate":0,"timestamp":1545773914,"path_taken":["M","?","?","M","M","E","R","M","T","E"],"build_version":"2018-12-20","purchased_purges":0,"victory":false,"max_hp_per_floor":[77,77,77,77,77,77,77,77,77,77],"card_choices":[{"not_picked":["Backstab","PiercingWail"],"picked":"Backflip","floor":1},{"not_picked":["Slice","Predator"],"picked":"Acrobatics","floor":3},{"not_picked":["All Out Attack","Prepared"],"picked":"Dodge and Roll","floor":4},{"not_picked":["Acrobatics","Underhanded Strike"],"picked":"Backflip","floor":5},{"not_picked":["Backflip","Glass Knife"],"picked":"Deadly Poison","floor":6},{"not_picked":["Prepared","Acrobatics"],"picked":"Poisoned Stab","floor":8}],"player_experience":309276,"relics_obtained":[{"floor":6,"key":"Ancient Tea Set"}],"event_choices":[{"damage_healed":0,"gold_gain":0,"cards_transformed":["Strike_G"],"player_choice":"Transformed","damage_taken":0,"max_hp_gain":0,"max_hp_loss":0,"event_name":"Transmorgrifier","floor":2,"gold_loss":0,"cards_obtained":["Backstab"]}],"is_beta":false,"boss_relics":[],"items_purged_floors":[],"is_endless":false,"potions_floor_spawned":[1,5,6],"killed_by":"3 Sentries","ascension_level":1}