{"gold_per_floor":[110,125,50,50,1,35,35,67,116,134,152,152],"floor_reached":12,"playtime":714,"items_purged":[],"score":154,"play_id":"f5a1d235-9881-43d7-96ea-34bc93995701","local_time":"20190721002202","is_ascension_mode":true,"campfire_choices":[{"data":"Bash","floor":7,"key":"SMITH"}],"neow_cost":"NONE","seed_source_timestamp":795345977576650,"circlet_count":0,"master_deck":["AscendersBane","Strike_R","Strike_R","Strike_R","Strike_R","Defend_R","Defend_R","Defend_R","Bash+1","Reaper","Twin Strike","True Grit","Thunderclap","Battle Trance","Clothesline"],"relics":["Burning Blood","Happy Flower","Nunchaku","Oddly Smooth Stone"],"potions_floor_usage":[6,6,11],"damage_taken":[{"damage":1,"enemies":"Cultist","floor":1,"turns":3},{"damage":10,"enemies":"Small Slimes","floor":2,"turns":6},{"damage":30,"enemies":"3 Sentries","floor":6,"turns":10},{"damage":55,"enemies":"Lagavulin","floor":8,"turns":9},{"damage":14,"enemies":"2 Louse","floor":10,"turns":3},{"damage":12,"enemies":"Exordium Wildlife","floor":11,"turns":6},{"damage":12,"enemies":"Large Slime","floor":12,"turns":6}],"seed_played":"7315370903259835693","potions_obtained":[{"floor":1,"key":"SteroidPotion"},{"floor":10,"key":"EssenceOfSteel"}],"is_trial":false,"path_per_floor":["M","M","?","?","$","E","R","E","T","M","M","M"],"character_chosen":"IRONCLAD","items_purchased":["PowerPotion"],"campfire_rested":0,"item_purchase_floors":[5],"current_hp_per_floor":[73,75,75,68,68,52,52,9,9,9,11,0],"gold":152,"neow_bonus":"ONE_RANDOM_RARE_CARD","is_prod":false,"is_daily":false,"chose_seed":false,"campfire_upgraded":1,"win_rate":0,"timestamp":1563682922,"path_taken":["M","M","?","?","$","E","R","E","T","M","M","M"],"build_version":"2019-07-17","purchased_purges":0,"victory":false,"max_hp_per_floor":[75,75,75,75,75,75,75,75,75,75,75,75],"card_choices":[{"not_picked":["Intimidate","Seeing Red"],"picked":"Twin Strike","floor":1},{"not_picked":["Dropkick","Body Slam"],"picked":"True Grit","floor":2},{"not_picked":["Perfected Strike","Reckless Charge"],"picked":"Thunderclap","floor":6},{"not_picked":["Armaments","Rupture"],"picked":"Battle Trance","floor":8},{"not_picked":["Iron Wave","Sword Boomerang"],"picked":"Clothesline","floor":10},{"not_picked":["Entrench","Perfected Strike","Flex"],"picked":"SKIP","floor":11}],"player_experience":404297,"relics_obtained":[{"floor":6,"key":"Happy Flower"},{"floor":8,"key":"Nunchaku"},{"floor":9,"key":"Oddly Smooth Stone"}],"event_choices":[{"cards_removed":["Strike_R"],"damage_healed":0,"gold_gain":0,"player_choice":"Card Removal","damage_taken":0,"max_hp_gain":0,"max_hp_loss":0,"event_name":"The Cleric","floor":3,"gold_loss":75},{"cards_removed":["Defend_R"],"damage_healed":0,"gold_gain":0,"player_choice":"Card Removal","damage_taken":7,"max_hp_gain":0,"max_hp_loss":0,"event_name":"Golden Wing","floor":4,"gold_loss":0}],"is_beta":false,"boss_relics":[],"items_purged_floors":[],"is_endless":false,"potions_floor_spawned":[1,10],"killed_by":"Large Slime","ascension_level":15}