{"gold_per_floor":[115,135,60,74,44,74,74,108,134,53,64,64,64,74,74,170,170,188,188,188,137,52,52,87,106,157,157,157],"floor_reached":28,"playtime":1061,"items_purged":["Pain"],"score":354,"play_id":"186a1fbf-ca70-4a4a-a2f8-a0d76871acb8","local_time":"20190204232701","is_ascension_mode":true,"campfire_choices":[{"floor":7,"key":"REST"},{"floor":12,"key":"REST"},{"floor":15,"key":"REST"},{"floor":23,"key":"REST"},{"floor":27,"key":"REST"}],"neow_cost":"CURSE","seed_source_timestamp":115642574940587,"circlet_count":0,"master_deck":["Strike_B","Strike_B","Defend_B","Defend_B","Defend_B","Defend_B","Zap","Dualcast","Loop","Turbo","Streamline","Sunder","Buffer","Defragment","Conserve Battery","Leap","Core Surge","Cold Snap","Go for the Eyes","Go for the Eyes","Hello World"],"relics":["Cracked Core","Vajra","Ancient Tea Set","Bag of Marbles","Lizard Tail","Dodecahedron","Ornamental Fan","Potion Belt"],"potions_floor_usage":[6,8,11,16,16],"damage_taken":[{"damage":3,"enemies":"Cultist","floor":1,"turns":3},{"damage":5,"enemies":"Jaw Worm","floor":2,"turns":3},{"damage":15,"enemies":"2 Louse","floor":4,"turns":3},{"damage":25,"enemies":"3 Sentries","floor":6,"turns":6},{"damage":25,"enemies":"Lagavulin","floor":8,"turns":7},{"damage":9,"enemies":"Exordium Thugs","floor":11,"turns":4},{"damage":0,"enemies":"Exordium Wildlife","floor":14,"turns":2},{"damage":77,"enemies":"Hexaghost","floor":16,"turns":11},{"damage":30,"enemies":"2 Thieves","floor":18,"turns":4},{"damage":65,"enemies":"Slavers","floor":24,"turns":7},{"damage":9,"enemies":"Chosen","floor":25,"turns":5},{"damage":61,"enemies":"3 Cultists","floor":28,"turns":5}],"seed_played":"-5571546851942683775","potions_obtained":[{"floor":1,"key":"SkillPotion"},{"floor":5,"key":"FocusPotion"},{"floor":5,"key":"LiquidBronze"},{"floor":8,"key":"Weak Potion"},{"floor":14,"key":"Block Potion"},{"floor":24,"key":"Strength Potion"},{"floor":25,"key":"Ancient Potion"}],"is_trial":false,"path_per_floor":["M","M","$","M","?","E","R","E","T","$","M","R","?","M","R","B",null,"M","?","?","$","?","R","E","M","T","R","M"],"character_chosen":"DEFECT","items_purchased":["Defragment","Go for the Eyes"],"campfire_rested":5,"item_purchase_floors":[10,21],"current_hp_per_floor":[79,74,74,59,59,34,60,35,35,35,26,52,52,52,78,1,67,37,37,37,37,37,63,44,35,35,61,0],"gold":157,"neow_bonus":"TWENTY_PERCENT_HP_BONUS","is_prod":false,"is_daily":false,"chose_seed":false,"campfire_upgraded":0,"win_rate":0,"timestamp":1549294021,"path_taken":["M","?","$","M","?","E","R","E","T","?","M","R","?","?","R","BOSS","M","?","?","$","?","R","E","M","T","R","M"],"build_version":"2019-01-23","purchased_purges":1,"victory":false,"max_hp_per_floor":[89,89,89,89,89,89,89,89,89,89,89,89,89,89,89,89,89,89,89,89,89,89,89,89,89,89,89,89],"card_choices":[{"not_picked":["Gash","Go for the Eyes"],"picked":"Loop","floor":1},{"not_picked":["Hologram","Doom and Gloom"],"picked":"Turbo","floor":2},{"not_picked":["Static Discharge","Beam Cell"],"picked":"Streamline","floor":4},{"not_picked":["Machine Learning","Chaos"],"picked":"Sunder","floor":6},{"not_picked":["Leap","Conserve Battery"],"picked":"Buffer","floor":8},{"not_picked":["Compile Driver","Go for the Eyes"],"picked":"Conserve Battery","floor":11},{"not_picked":["Storm","Turbo"],"picked":"Leap","floor":14},{"not_picked":["Biased Cognition","Hyperbeam"],"picked":"Core Surge","floor":16},{"not_picked":["Ball Lightning+1","Steam"],"picked":"Cold Snap","floor":18},{"not_picked":["Core Surge","Scrape+1"],"picked":"Go for the Eyes","floor":24},{"not_picked":["Fusion","Streamline+1"],"picked":"Hello World","floor":25}],"player_experience":646921,"relics_obtained":[{"floor":6,"key":"Vajra"},{"floor":8,"key":"Ancient Tea Set"},{"floor":9,"key":"Bag of Marbles"},{"floor":24,"key":"Ornamental Fan"},{"floor":26,"key":"Potion Belt"}],"event_choices":[{"damage_healed":0,"gold_gain":0,"player_choice":"Bought 2 Potions","damage_taken":0,"max_hp_gain":0,"max_hp_loss":0,"event_name":"The Woman in Blue","floor":5,"gold_loss":0},{"cards_removed":["Strike_B"],"damage_healed":0,"gold_gain":0,"player_choice":"Offered Basic","damage_taken":0,"max_hp_gain":0,"max_hp_loss":0,"event_name":"Bonfire Elementals","floor":13,"gold_loss":0},{"damage_healed":0,"gold_gain":0,"player_choice":"Ignored","damage_taken":0,"max_hp_gain":0,"max_hp_loss":0,"event_name":"Ghosts","floor":19,"gold_loss":0},{"cards_removed":["Strike_B"],"damage_healed":0,"gold_gain":0,"player_choice":"Elegance","damage_taken":0,"max_hp_gain":0,"max_hp_loss":0,"event_name":"Back to Basics","floor":20,"gold_loss":0},{"damage_healed":0,"gold_gain":0,"player_choice":"Obtained Relic","damage_taken":0,"relics_obtained":["Dodecahedron"],"max_hp_gain":0,"max_hp_loss":0,"event_name":"Addict","floor":22,"gold_loss":85}],"is_beta":false,"boss_relics":[{"not_picked":["Calling Bell","Empty Cage"],"picked":"Lizard Tail"}],"items_purged_floors":[3],"is_endless":false,"potions_floor_spawned":[1,8,14,24,25],"killed_by":"3 Cultists","ascension_level":9}