{"gold_per_floor":[119,269,269,13,24,24,49,49,75,88,108,108,141,141,141,141],"floor_reached":16,"playtime":429,"items_purged":[],"score":266,"play_id":"5f7dc43f-5595-4e43-b5ed-e8a80434d298","local_time":"20190618223734","is_ascension_mode":true,"campfire_choices":[{"data":"Skim","floor":6.0,"key":"SMITH"},{"data":"Turbo","floor":8.0,"key":"SMITH"},{"data":"Turbo","floor":12.0,"key":"SMITH"},{"data":"Zap","floor":15,"key":"SMITH"}],"neow_cost":"NONE","seed_source_timestamp":40790268964332,"circlet_count":0,"master_deck":["AscendersBane","Strike_B","Strike_B","Strike_B","Strike_B","Defend_B","Defend_B","Defend_B","Defend_B","Zap+1","Dualcast","Turbo+1","Skim+1","Meteor Strike","Turbo+1","Undo"],"special_seed":0,"relics":["Cracked Core","NeowsBlessing","Membership Card","Omamori","Bag of Preparation","Regal Pillow"],"potions_floor_usage":[],"damage_taken":[{"damage":0.0,"enemies":"Jaw Worm","floor":1.0,"turns":1.0},{"damage":0.0,"enemies":"Small Slimes","floor":5.0,"turns":1.0},{"damage":0.0,"enemies":"Gremlin Nob","floor":7.0,"turns":1.0},{"damage":0.0,"enemies":"2 Louse","floor":10.0,"turns":2.0},{"damage":4.0,"enemies":"2 Fungi Beasts","floor":11.0,"turns":4.0},{"damage":33.0,"enemies":"3 Sentries","floor":13.0,"turns":9.0},{"damage":17,"enemies":"The Guardian","floor":16,"turns":7}],"seed_played":"-6871651473543166884","potions_obtained":[{"floor":10.0,"key":"Block Potion"}],"is_trial":false,"path_per_floor":["M","?","?","$","M","R","E","R","T","M","M","R","E","?","R","B"],"character_chosen":"DEFECT","items_purchased":["Membership Card","Skim"],"campfire_rested":0,"item_purchase_floors":[4,4],"current_hp_per_floor":[64,64,64,64,64,64,64,64,64,64,60,60,27,27,27,10],"gold":141,"neow_bonus":"THREE_ENEMY_KILL","is_prod":false,"is_daily":false,"chose_seed":false,"campfire_upgraded":4,"win_rate":0,"timestamp":1560868654,"path_taken":["M","?","?","$","M","R","E","R","T","M","M","R","E","?","R","BOSS"],"build_version":"2019-01-23","purchased_purges":0,"victory":false,"max_hp_per_floor":[71,71,71,71,71,71,71,71,71,71,71,71,71,71,71,71],"card_choices":[{"not_picked":["Redo","Ball Lightning"],"picked":"Turbo","floor":1.0},{"not_picked":["Ball Lightning","Genetic Algorithm","Melter"],"picked":"SKIP","floor":5.0},{"not_picked":["Static Discharge","Turbo"],"picked":"Meteor Strike","floor":7.0},{"not_picked":["Go for the Eyes","Conserve Battery","Darkness"],"picked":"SKIP","floor":10.0},{"not_picked":["Rebound","Go for the Eyes"],"picked":"Turbo","floor":11.0},{"not_picked":["Reboot","Chaos"],"picked":"Undo","floor":13.0}],"player_experience":967331,"relics_obtained":[{"floor":7.0,"key":"Omamori"},{"floor":9.0,"key":"Bag of Preparation"},{"floor":13.0,"key":"Regal Pillow"}],"event_choices":[{"damage_healed":0.0,"max_hp_gain":0.0,"max_hp_loss":0.0,"gold_gain":150.0,"event_name":"Liars Game","player_choice":"AGREE","floor":2.0,"gold_loss":0.0,"damage_taken":0.0,"cards_obtained":["Doubt"]},{"cards_removed":["Doubt"],"damage_healed":0.0,"max_hp_gain":0.0,"max_hp_loss":0.0,"gold_gain":0.0,"event_name":"Living Wall","player_choice":"Forget","floor":3.0,"gold_loss":0.0,"damage_taken":0.0},{"damage_healed":0,"gold_gain":0,"player_choice":"Fled","damage_taken":0,"max_hp_gain":0,"max_hp_loss":0,"event_name":"Scrap Ooze","floor":14,"gold_loss":0}],"is_beta":false,"boss_relics":[],"items_purged_floors":[],"is_endless":false,"potions_floor_spawned":[10],"killed_by":"The Guardian","ascension_level":20}