{"gold_per_floor":[367,381,381,392,58,93,93,23,23,36,36,36,1,19,19,119,119,133,232,243,4,4,4,16,36,66,66],"floor_reached":27,"playtime":2336,"items_purged":["Writhe"],"score":256,"play_id":"e1743673-f0a4-45ed-b040-691f15bfcf60","local_time":"20190730140010","is_ascension_mode":true,"campfire_choices":[{"floor":7,"key":"REST"},{"data":"Glass Knife","floor":15,"key":"SMITH"},{"data":"Neutralize","floor":23,"key":"SMITH"}],"neow_cost":"CURSE","seed_source_timestamp":227186274938300,"circlet_count":0,"master_deck":["Strike_G","Strike_G","Strike_G","Strike_G","Strike_G","Defend_G","Defend_G","Defend_G","Defend_G","Defend_G","Survivor","Neutralize+1","Well Laid Plans","Finisher","Dagger Throw","Infinite Blades","Terror","Glass Knife+1","Infinite Blades","Dodge and Roll+1","PiercingWail","After Image","Choke+1","Endless Agony","Adrenaline+1","Prepared"],"relics":["Ring of the Snake","Potion Belt","Eternal Feather","Tiny Chest"],"potions_floor_usage":[6,6,14,16,24,27],"damage_taken":[{"damage":2,"enemies":"Small Slimes","floor":1,"turns":6},{"damage":0,"enemies":"Cultist","floor":2,"turns":5},{"damage":0,"enemies":"2 Louse","floor":4,"turns":3},{"damage":50,"enemies":"3 Sentries","floor":6,"turns":9},{"damage":10,"enemies":"2 Fungi Beasts","floor":10,"turns":3},{"damage":14,"enemies":"Gremlin Gang","floor":14,"turns":4},{"damage":31,"enemies":"Hexaghost","floor":16,"turns":6},{"damage":22,"enemies":"Spheric Guardian","floor":18,"turns":5},{"damage":10,"enemies":"3 Byrds","floor":20,"turns":7},{"damage":21,"enemies":"Shelled Parasite and Fungi","floor":24,"turns":6},{"damage":5,"enemies":"Centurion and Healer","floor":25,"turns":6},{"damage":32,"enemies":"Slavers","floor":27,"turns":2}],"seed_played":"-8523860979231142612","potions_obtained":[{"floor":1,"key":"AttackPotion"},{"floor":6,"key":"Strength Potion"},{"floor":10,"key":"GhostInAJar"},{"floor":20,"key":"Dexterity Potion"},{"floor":25,"key":"Weak Potion"}],"is_trial":false,"path_per_floor":["M","M","?","M","$","E","R","$","T","M","?","?","?","M","R","B",null,"M","?","M","$","?","R","M","M","T","E"],"character_chosen":"THE_SILENT","items_purchased":["Infinite Blades","Fruit Juice","Terror","Infinite Blades","Endless Agony","Adrenaline"],"campfire_rested":1,"item_purchase_floors":[5,5,5,8,21,21],"current_hp_per_floor":[68,68,68,68,68,23,45,45,45,35,35,35,53,39,39,8,75,53,53,43,43,43,58,37,32,32,0],"gold":66,"neow_bonus":"TWO_FIFTY_GOLD","is_prod":false,"is_daily":false,"chose_seed":false,"campfire_upgraded":2,"win_rate":0,"timestamp":1564520410,"path_taken":["M","M","?","M","$","E","R","?","T","M","?","?","?","M","R","BOSS","M","?","M","$","?","R","?","M","T","E"],"build_version":"2019-07-17","purchased_purges":1,"victory":false,"max_hp_per_floor":[70,70,70,70,70,75,75,75,75,75,75,75,75,75,75,75,75,75,75,75,75,75,75,75,75,75,75],"card_choices":[{"not_picked":["Flying Knee","Blade Dance"],"picked":"Well Laid Plans","floor":1},{"not_picked":["Backflip","PiercingWail"],"picked":"Finisher","floor":2},{"not_picked":["Poisoned Stab","Escape Plan"],"picked":"Dagger Throw","floor":4},{"not_picked":["Sucker Punch","Well Laid Plans"],"picked":"Glass Knife","floor":6},{"not_picked":["Heel Hook","Masterful Stab"],"picked":"Dodge and Roll","floor":10},{"not_picked":["Leg Sweep","Setup"],"picked":"PiercingWail","floor":14},{"not_picked":["Unload","Venomology"],"picked":"After Image","floor":16},{"not_picked":["Slice","Sucker Punch+1"],"picked":"Choke+1","floor":18},{"not_picked":["Dagger Spray","Outmaneuver","Underhanded Strike"],"picked":"SKIP","floor":20},{"not_picked":["Dagger Spray+1","Quick Slash"],"picked":"Prepared","floor":24},{"not_picked":["Dodge and Roll+1","Concentrate+1","Heel Hook"],"picked":"SKIP","floor":25}],"player_experience":804524,"relics_obtained":[{"floor":6,"key":"Potion Belt"},{"floor":26,"key":"Tiny Chest"}],"event_choices":[{"damage_healed":0,"gold_gain":0,"player_choice":"Bought 0 Potions","damage_taken":0,"max_hp_gain":0,"max_hp_loss":0,"event_name":"The Woman in Blue","floor":3,"gold_loss":0},{"damage_healed":0,"gold_gain":0,"player_choice":"Ignored","damage_taken":0,"max_hp_gain":0,"max_hp_loss":0,"event_name":"Golden Wing","floor":11,"gold_loss":0},{"damage_healed":0,"gold_gain":0,"player_choice":"Grow","damage_taken":0,"max_hp_gain":0,"max_hp_loss":0,"event_name":"Living Wall","floor":12,"gold_loss":0,"cards_upgraded":["Dodge and Roll"]},{"damage_healed":18,"gold_gain":0,"player_choice":"Healed","damage_taken":0,"max_hp_gain":0,"max_hp_loss":0,"event_name":"The Cleric","floor":13,"gold_loss":35},{"damage_healed":0,"gold_gain":99,"player_choice":"Stole From Cult","damage_taken":0,"max_hp_gain":0,"max_hp_loss":0,"event_name":"Nest","floor":19,"gold_loss":0},{"damage_healed":0,"gold_gain":0,"player_choice":"Forge","damage_taken":0,"max_hp_gain":0,"max_hp_loss":0,"event_name":"Accursed Blacksmith","floor":22,"gold_loss":0,"cards_upgraded":["Adrenaline"]}],"is_beta":false,"boss_relics":[{"not_picked":["Velvet Choker","Lizard Tail"],"picked":"Eternal Feather"}],"items_purged_floors":[5],"is_endless":false,"potions_floor_spawned":[1,6,10,20,25],"killed_by":"Slavers","ascension_level":4}