{"gold_per_floor":[118,18,18,18,35,66,66,84,84,109,121,0,0,0,0,98,98,112,122,122,47,47,47,47],"floor_reached":24,"playtime":1287,"items_purged":["Strike_R"],"score":286,"play_id":"e6942712-ab69-4943-867e-9aae45596de4","local_time":"20190114004502","is_ascension_mode":true,"campfire_choices":[{"data":"Armaments","floor":7,"key":"SMITH"},{"data":"Corruption","floor":13,"key":"SMITH"},{"floor":15,"key":"REST"},{"data":"Barricade","floor":23,"key":"SMITH"}],"neow_cost":"NONE","seed_source_timestamp":620317642308280,"circlet_count":0,"master_deck":["Defend_R","Defend_R","Defend_R","Bash","Pommel Strike","Armaments+1","Shrug It Off","Twin Strike","Warcry","Rage","Disarm","Heavy Blade","Corruption+1","Enlightenment","Double Tap","Uppercut","Shrug It Off+1","Rage","Barricade+1","Bite","Bite","Bite","Bite","Bite"],"relics":["Burning Blood","NeowsBlessing","FaceOfCleric","Dodecahedron","Mummified Hand","Prayer Wheel","Eternal Feather","MutagenicStrength"],"potions_floor_usage":[16,24],"damage_taken":[{"damage":0,"enemies":"Small Slimes","floor":1,"turns":2},{"damage":0,"enemies":"2 Louse","floor":5,"turns":1},{"damage":0,"enemies":"Lagavulin","floor":6,"turns":1},{"damage":0,"enemies":"Cultist","floor":8,"turns":3},{"damage":29,"enemies":"3 Sentries","floor":10,"turns":9},{"damage":12,"enemies":"Looter","floor":11,"turns":3},{"damage":75,"enemies":"Slime Boss","floor":16,"turns":16},{"damage":29,"enemies":"Chosen","floor":18,"turns":7},{"damage":33,"enemies":"3 Byrds","floor":19,"turns":7},{"damage":74,"enemies":"Book of Stabbing","floor":24,"turns":7}],"seed_played":"-3242468140139468651","potions_obtained":[{"floor":1,"key":"EssenceOfSteel"},{"floor":10,"key":"Swift Potion"}],"is_trial":false,"path_per_floor":["M","$","?","?","M","E","R","M","T","E","M","$","R","?","R","B",null,"M","M","?","?","?","R","E"],"character_chosen":"IRONCLAD","items_purchased":["Armaments","Corruption","Enlightenment"],"campfire_rested":1,"item_purchase_floors":[2,12,12],"current_hp_per_floor":[80,80,80,80,81,82,82,83,83,61,56,56,56,61,88,20,91,69,43,43,43,43,55,0],"gold":47,"neow_bonus":"THREE_ENEMY_KILL","is_prod":false,"is_daily":false,"chose_seed":false,"campfire_upgraded":3,"win_rate":0,"timestamp":1547387102,"path_taken":["M","$","?","?","M","E","R","M","T","E","?","$","R","?","R","BOSS","M","M","?","?","?","R","E"],"build_version":"2019-01-10","purchased_purges":1,"victory":false,"max_hp_per_floor":[80,80,80,80,81,82,82,83,83,84,85,85,85,90,90,91,91,92,93,65,65,65,65,65],"card_choices":[{"not_picked":["Searing Blow","Sentinel"],"picked":"Pommel Strike","floor":1},{"not_picked":["Flex","Evolve"],"picked":"Shrug It Off","floor":5},{"not_picked":["Sword Boomerang","Reckless Charge"],"picked":"Twin Strike","floor":6},{"not_picked":["Sword Boomerang","Shrug It Off"],"picked":"Warcry","floor":8},{"not_picked":["Dual Wield","Fire Breathing"],"picked":"Rage","floor":10},{"not_picked":["Clash","Evolve"],"picked":"Disarm","floor":11},{"not_picked":["Hemokinesis","Heavy Blade","Dual Wield"],"picked":"SKIP","floor":11},{"not_picked":["Hemokinesis","Dual Wield"],"picked":"Heavy Blade","floor":11},{"not_picked":["Bludgeon","Immolate"],"picked":"Double Tap","floor":16},{"not_picked":["Clash","Iron Wave+1"],"picked":"Uppercut","floor":18},{"not_picked":["Headbutt","Flex"],"picked":"Shrug It Off+1","floor":18},{"not_picked":["Perfected Strike","Evolve+1"],"picked":"Rage","floor":19},{"not_picked":["Flame Barrier","Barricade","Body Slam"],"picked":"SKIP","floor":19},{"not_picked":["Flame Barrier","Body Slam"],"picked":"Barricade","floor":19}],"player_experience":438530,"relics_obtained":[{"floor":6,"key":"Dodecahedron"},{"floor":9,"key":"Mummified Hand"},{"floor":10,"key":"Prayer Wheel"}],"event_choices":[{"damage_healed":0,"gold_gain":0,"player_choice":"Ignored","damage_taken":0,"max_hp_gain":0,"max_hp_loss":0,"event_name":"Shining Light","floor":3,"gold_loss":0},{"damage_healed":0,"gold_gain":0,"player_choice":"Trade","damage_taken":0,"relics_obtained":["FaceOfCleric"],"max_hp_gain":0,"max_hp_loss":0,"event_name":"FaceTrader","floor":4,"gold_loss":0},{"damage_healed":0,"gold_gain":0,"player_choice":"Donut","damage_taken":0,"max_hp_gain":5,"max_hp_loss":0,"event_name":"Big Fish","floor":14,"gold_loss":0},{"damage_healed":0,"gold_gain":0,"player_choice":"Became a vampire","damage_taken":0,"max_hp_gain":0,"max_hp_loss":28,"event_name":"Vampires","floor":20,"gold_loss":0,"cards_obtained":["Bite","Bite","Bite","Bite","Bite"]},{"cards_removed":["Defend_R"],"damage_healed":0,"gold_gain":0,"player_choice":"Gave Gold","damage_taken":0,"max_hp_gain":0,"max_hp_loss":0,"event_name":"Beggar","floor":21,"gold_loss":75},{"damage_healed":0,"gold_gain":0,"player_choice":"Inject Mutagens","damage_taken":0,"relics_obtained":["MutagenicStrength"],"max_hp_gain":0,"max_hp_loss":0,"event_name":"Drug Dealer","floor":22,"gold_loss":0}],"is_beta":false,"boss_relics":[{"not_picked":["Philosopher\u0027s Stone","Coffee Dripper"],"picked":"Eternal Feather"}],"items_purged_floors":[2],"is_endless":false,"potions_floor_spawned":[1,10],"killed_by":"Book of Stabbing","ascension_level":3}