{"gold_per_floor":[111,123,46,64,64,64,84,84,109,127,137,137,198,209,209,310,310,324,335,335,352,276,276,287,122,122,135,135,165,190,208,208,313,313,325,344,363,378,600,700,716,732,732,781,816,829,829,829,829,829],"floor_reached":51,"playtime":3592,"items_purged":["Defend_R"],"score":770,"play_id":"fba3e763-5460-4b8e-a176-25f629cb8a81","local_time":"20190806005840","is_ascension_mode":false,"campfire_choices":[{"data":"Flex","floor":6.0,"key":"SMITH"},{"floor":15.0,"key":"REST"},{"data":"Inflame","floor":23.0,"key":"SMITH"},{"data":"Inflame","floor":32.0,"key":"SMITH"},{"data":"Offering","floor":47,"key":"SMITH"},{"data":"Offering","floor":49,"key":"SMITH"}],"neow_cost":"PERCENT_DAMAGE","seed_source_timestamp":0,"circlet_count":0,"master_deck":["Strike_R+1","Strike_R+1","Strike_R+1","Strike_R+1","Strike_R+1","Defend_R+1","Defend_R+1","Defend_R+1","Bash","Combust","Flex","Inflame+1","Flex+1","Cleave+1","Heavy Blade","Twin Strike","Metallicize","Inflame+1","Intimidate","Offering+1","Reaper","Seeing Red+1","Spot Weakness","Inflame+1","Heavy Blade","Limit Break","Offering+1","Heavy Blade","Flex","Double Tap","Battle Trance+1","Headbutt+1","Heavy Blade+1","Whirlwind+1"],"special_seed":0,"relics":["Burning Blood","Magic Flower","Pen Nib","Dream Catcher","Sozu","Boot","Bag of Preparation","Red Mask","Coffee Dripper","Gambling Chip","Toxic Egg 2","Mango","Dodecahedron"],"potions_floor_usage":[],"damage_taken":[{"damage":1.0,"enemies":"Cultist","floor":1.0,"turns":4.0},{"damage":2.0,"enemies":"Small Slimes","floor":2.0,"turns":2.0},{"damage":0.0,"enemies":"2 Louse","floor":4.0,"turns":3.0},{"damage":11.0,"enemies":"Large Slime","floor":7.0,"turns":4.0},{"damage":13.0,"enemies":"3 Louse","floor":10.0,"turns":3.0},{"damage":5.0,"enemies":"Looter","floor":11.0,"turns":2.0},{"damage":23.0,"enemies":"3 Sentries","floor":13.0,"turns":4.0},{"damage":3.0,"enemies":"2 Fungi Beasts","floor":14.0,"turns":3.0},{"damage":31.0,"enemies":"Slime Boss","floor":16.0,"turns":6.0},{"damage":5.0,"enemies":"Chosen","floor":18.0,"turns":3.0},{"damage":25.0,"enemies":"2 Thieves","floor":19.0,"turns":3.0},{"damage":17.0,"enemies":"Snake Plant","floor":21.0,"turns":2.0},{"damage":15.0,"enemies":"Snecko","floor":24.0,"turns":3.0},{"damage":41.0,"enemies":"Centurion and Healer","floor":27.0,"turns":3.0},{"damage":39.0,"enemies":"Slavers","floor":29.0,"turns":4.0},{"damage":21.0,"enemies":"Masked Bandits","floor":30.0,"turns":3.0},{"damage":19.0,"enemies":"3 Cultists","floor":31.0,"turns":4.0},{"damage":31.0,"enemies":"Collector","floor":33.0,"turns":5.0},{"damage":12.0,"enemies":"Orb Walker","floor":35.0,"turns":1.0},{"damage":20.0,"enemies":"3 Darklings","floor":36.0,"turns":3.0},{"damage":38.0,"enemies":"4 Shapes","floor":37.0,"turns":2.0},{"damage":28.0,"enemies":"Spire Growth","floor":38.0,"turns":3.0},{"damage":19.0,"enemies":"Mind Bloom Boss Battle","floor":40.0,"turns":3.0},{"damage":15.0,"enemies":"Maw","floor":41.0,"turns":3.0},{"damage":17.0,"enemies":"Sphere and 2 Shapes","floor":42.0,"turns":3.0},{"damage":23,"enemies":"2 Orb Walkers","floor":44,"turns":3},{"damage":12,"enemies":"Reptomancer","floor":45,"turns":3},{"damage":9,"enemies":"4 Shapes","floor":46,"turns":2},{"damage":26,"enemies":"Donu and Deca","floor":50,"turns":3}],"seed_played":"2084785023825550610","potions_obtained":[{"floor":2.0,"key":"SteroidPotion"},{"floor":4.0,"key":"FearPotion"},{"floor":10.0,"key":"Fire Potion"}],"is_trial":false,"path_per_floor":["M","M","$","M","$","R","M","$","T","M","M","?","?","M","R","B",null,"M","M","$","M","$","R","M","$","T","M","?","E","?","M","R","B",null,"M","M","M","M","?","?","M","M","T","?","E","M","R","?","R","B",null],"character_chosen":"IRONCLAD","items_purchased":["Inflame","Reaper","Spot Weakness","Cleave"],"campfire_rested":1,"item_purchase_floors":[3,22,25,25],"current_hp_per_floor":[64,71,71,80,80,80,78,78,78,74,78,62,48,54,78,56,80,80,64,64,56,56,56,50,50,50,69,69,39,68,71,71,80,80,80,80,51,32,32,78,80,72,72,72,69,94,94,94,94,94],"gold":829,"neow_bonus":"ONE_RARE_RELIC","is_prod":false,"is_daily":false,"chose_seed":false,"campfire_upgraded":5,"win_rate":0.0,"timestamp":1565067520,"path_taken":["M","?","$","M","$","R","M","$","T","M","M","?","?","M","R","BOSS","M","M","$","M","$","R","M","$","T","M","?","E","?","M","R","BOSS","M","M","M","M","?","?","M","M","T","?","E","M","R","?","R","BOSS"],"build_version":"2019-07-17","purchased_purges":1,"victory":true,"max_hp_per_floor":[80,80,80,80,80,80,80,80,80,80,80,80,80,80,80,80,80,80,80,80,80,80,80,80,80,80,80,80,80,80,80,80,80,80,80,80,80,80,80,80,80,80,80,94,94,94,94,94,94,94],"card_choices":[{"not_picked":["Clothesline","Warcry"],"picked":"Combust","floor":1.0},{"not_picked":["Dropkick","Iron Wave"],"picked":"Flex","floor":2.0},{"not_picked":["Sword Boomerang","Berserk"],"picked":"Flex","floor":4.0},{"not_picked":["True Grit","Rage"],"picked":"Cleave","floor":7.0},{"not_picked":["Thunderclap","Hemokinesis"],"picked":"Heavy Blade","floor":10.0},{"not_picked":["Barricade","Power Through"],"picked":"Twin Strike","floor":11.0},{"not_picked":["Headbutt","Searing Blow"],"picked":"Metallicize","floor":13.0},{"not_picked":["Anger","Body Slam"],"picked":"Inflame","floor":14.0},{"not_picked":["Juggernaut","Iron Wave"],"picked":"Intimidate","floor":15.0},{"not_picked":["Barricade","Brutality"],"picked":"Offering","floor":16.0},{"not_picked":["Corruption+1","Warcry","Clash"],"picked":"SKIP","floor":18.0},{"not_picked":["Flex","Thunderclap","True Grit"],"picked":"SKIP","floor":19.0},{"not_picked":["Flex","Searing Blow","Power Through+1"],"picked":"SKIP","floor":21.0},{"not_picked":["Warcry","Flex"],"picked":"Seeing Red+1","floor":24.0},{"not_picked":["Iron Wave","Spot Weakness"],"picked":"Inflame","floor":27.0},{"not_picked":["Sword Boomerang","True Grit"],"picked":"Heavy Blade","floor":29.0},{"not_picked":["Rupture","Anger+1"],"picked":"Limit Break","floor":30.0},{"not_picked":["Anger+1","Blood for Blood","Perfected Strike"],"picked":"SKIP","floor":31.0},{"not_picked":["Limit Break","Juggernaut"],"picked":"Offering","floor":33.0},{"not_picked":["Dual Wield","Anger+1"],"picked":"Heavy Blade","floor":35.0},{"not_picked":["Ghostly Armor+1","Body Slam+1"],"picked":"Flex","floor":36.0},{"not_picked":["Warcry","Sword Boomerang"],"picked":"Double Tap","floor":37.0},{"not_picked":["Heavy Blade+1","Flex+1"],"picked":"Battle Trance+1","floor":38.0},{"not_picked":["Flex+1","Sever Soul"],"picked":"Headbutt+1","floor":41.0},{"not_picked":["Shrug It Off","Double Tap"],"picked":"Heavy Blade+1","floor":42},{"not_picked":["Reckless Charge","Flex+1","Anger"],"picked":"SKIP","floor":45},{"not_picked":["Carnage","Shockwave+1"],"picked":"Whirlwind+1","floor":46}],"player_experience":11892,"relics_obtained":[{"floor":9.0,"key":"Pen Nib"},{"floor":13.0,"key":"Dream Catcher"},{"floor":26.0,"key":"Boot"},{"floor":29.0,"key":"Bag of Preparation"},{"floor":30.0,"key":"Red Mask"},{"floor":40.0,"key":"Gambling Chip"},{"floor":43,"key":"Toxic Egg 2"},{"floor":44,"key":"Mango"},{"floor":45,"key":"Dodecahedron"}],"event_choices":[{"damage_healed":0.0,"max_hp_gain":0.0,"max_hp_loss":0.0,"gold_gain":0.0,"event_name":"Shining Light","player_choice":"Entered Light","floor":12.0,"gold_loss":0.0,"damage_taken":16.0,"cards_upgraded":["Cleave","Inflame"]},{"damage_healed":0.0,"max_hp_gain":0.0,"max_hp_loss":0.0,"gold_gain":30.0,"event_name":"Dead Adventurer","player_choice":"Searched \u00273\u0027 times","floor":13.0,"gold_loss":0.0,"damage_taken":0.0},{"damage_healed":0.0,"max_hp_gain":0.0,"max_hp_loss":0.0,"gold_gain":0.0,"event_name":"Back to Basics","player_choice":"Simplicity","floor":28.0,"gold_loss":0.0,"damage_taken":0.0,"cards_upgraded":["Strike_R","Strike_R","Strike_R","Strike_R","Strike_R","Defend_R","Defend_R","Defend_R"]},{"damage_healed":0.0,"max_hp_gain":0.0,"max_hp_loss":0.0,"gold_gain":0.0,"event_name":"Masked Bandits","player_choice":"Fought Bandits","floor":30.0,"gold_loss":0.0,"damage_taken":0.0},{"damage_healed":0.0,"max_hp_gain":0.0,"max_hp_loss":0.0,"gold_gain":222.0,"event_name":"Tomb of Lord Red Mask","player_choice":"Wore Mask","floor":39.0,"gold_loss":0.0,"damage_taken":0.0},{"damage_healed":0.0,"max_hp_gain":0.0,"max_hp_loss":0.0,"gold_gain":0.0,"event_name":"MindBloom","player_choice":"Fight","floor":40.0,"gold_loss":0.0,"damage_taken":0.0},{"damage_healed":0,"gold_gain":0,"player_choice":"Fight","damage_taken":0,"max_hp_gain":0,"max_hp_loss":0,"event_name":"Mysterious Sphere","floor":44,"gold_loss":0},{"cards_removed":["Cleave"],"damage_healed":0,"gold_gain":0,"player_choice":"Removed Attack","damage_taken":0,"max_hp_gain":0,"max_hp_loss":0,"event_name":"Falling","floor":48,"gold_loss":0}],"is_beta":false,"boss_relics":[{"not_picked":["Runic Cube","White Beast Statue"],"picked":"Sozu"},{"not_picked":["Fusion Hammer","Orrery"],"picked":"Coffee Dripper"}],"items_purged_floors":[25],"is_endless":false,"potions_floor_spawned":[2,4,10,16,19,21,24,29,31,36,37,41],"ascension_level":0}