{"gold_per_floor":[114,114,130,95,95,130,144,187,187,187,203,203,217,232,232,361,361,381,381,381,381,381,381],"floor_reached":23,"playtime":1076,"items_purged":[],"score":336,"play_id":"c54e8b82-f156-4244-bb0c-61c98515e466","local_time":"20190205225059","is_ascension_mode":true,"campfire_choices":[{"data":"Buffer","floor":10.0,"key":"SMITH"},{"data":"Chill","floor":12.0,"key":"SMITH"},{"floor":15.0,"key":"REST"}],"neow_cost":"NONE","seed_source_timestamp":150362940762306,"circlet_count":0,"master_deck":["AscendersBane","Strike_B","Defend_B","Defend_B","Defend_B","Defend_B","Zap+1","Dualcast","Leap","Redo","Gash","Buffer+1","Coolheaded","Chill+1","Coolheaded","Go for the Eyes","Buffer","Glacier","RitualDagger","Steam","Storm"],"special_seed":0,"relics":["Cracked Core","NeowsBlessing","Golden Idol","Omamori","Gambling Chip","Mercury Hourglass","Inserter","Shuriken"],"potions_floor_usage":[],"damage_taken":[{"damage":0.0,"enemies":"Small Slimes","floor":1.0,"turns":1.0},{"damage":0.0,"enemies":"2 Louse","floor":3.0,"turns":1.0},{"damage":0.0,"enemies":"Lagavulin","floor":6.0,"turns":1.0},{"damage":0.0,"enemies":"Cultist","floor":7.0,"turns":3.0},{"damage":8.0,"enemies":"Gremlin Nob","floor":8.0,"turns":4.0},{"damage":6.0,"enemies":"3 Louse","floor":11.0,"turns":3.0},{"damage":0.0,"enemies":"Looter","floor":13.0,"turns":3.0},{"damage":0.0,"enemies":"Lots of Slimes","floor":14.0,"turns":4.0},{"damage":31.0,"enemies":"The Guardian","floor":16.0,"turns":15.0},{"damage":16.0,"enemies":"Spheric Guardian","floor":18.0,"turns":8.0},{"damage":45,"enemies":"Gremlin Leader","floor":23,"turns":9}],"seed_played":"1579817386155852338","potions_obtained":[{"floor":6.0,"key":"Fire Potion"},{"floor":8.0,"key":"FearPotion"},{"floor":11.0,"key":"Strength Potion"}],"is_trial":false,"path_per_floor":["M","?","M","?","?","E","M","E","T","R","M","R","M","M","R","B",null,"M","?","?","?","T","E"],"character_chosen":"DEFECT","items_purchased":[],"campfire_rested":1,"item_purchase_floors":[],"current_hp_per_floor":[68,50,50,68,68,68,68,60,60,60,54,54,54,54,75,44,67,51,45,45,45,45,0],"gold":381,"neow_bonus":"THREE_ENEMY_KILL","is_prod":false,"is_daily":false,"chose_seed":false,"campfire_upgraded":2,"win_rate":0,"timestamp":1549378259,"path_taken":["M","?","M","?","?","E","M","E","T","R","?","R","M","M","R","BOSS","M","?","?","?","?","E"],"build_version":"2019-01-23","purchased_purges":0,"victory":false,"max_hp_per_floor":[75,75,75,75,75,75,75,75,75,75,75,75,75,75,75,75,75,75,75,75,75,75,75],"card_choices":[{"not_picked":["Sweeping Beam","Blizzard"],"picked":"Leap","floor":1.0},{"not_picked":["Beam Cell","Aggregate"],"picked":"Redo","floor":3.0},{"not_picked":["BootSequence","Beam Cell"],"picked":"Gash","floor":6.0},{"not_picked":["Lockon","Double Energy"],"picked":"Buffer","floor":7.0},{"not_picked":["Rebound","Ball Lightning"],"picked":"Coolheaded","floor":8.0},{"not_picked":["Rip and Tear","Gash"],"picked":"Chill","floor":11.0},{"not_picked":["Hello World","Ball Lightning"],"picked":"Coolheaded","floor":13.0},{"not_picked":["Heatsinks","Doom and Gloom"],"picked":"Go for the Eyes","floor":14.0},{"not_picked":["Thunder Strike","Multi-Cast"],"picked":"Buffer","floor":16.0},{"not_picked":["Rebound","Hologram+1"],"picked":"Glacier","floor":18.0}],"player_experience":653167,"relics_obtained":[{"floor":6.0,"key":"Omamori"},{"floor":8.0,"key":"Gambling Chip"},{"floor":9.0,"key":"Mercury Hourglass"},{"floor":22.0,"key":"Shuriken"}],"event_choices":[{"damage_healed":0.0,"max_hp_gain":0.0,"max_hp_loss":0.0,"gold_gain":0.0,"event_name":"Golden Idol","player_choice":"Take Damage","floor":2.0,"gold_loss":0.0,"damage_taken":18.0,"relics_obtained":["Golden Idol"]},{"damage_healed":18.0,"max_hp_gain":0.0,"max_hp_loss":0.0,"gold_gain":0.0,"event_name":"The Cleric","player_choice":"Healed","floor":4.0,"gold_loss":35.0,"damage_taken":0.0},{"damage_healed":0.0,"max_hp_gain":0.0,"max_hp_loss":0.0,"gold_gain":0.0,"event_name":"Upgrade Shrine","player_choice":"Upgraded","floor":5.0,"gold_loss":0.0,"damage_taken":0.0,"cards_upgraded":["Zap"]},{"damage_healed":0.0,"max_hp_gain":0.0,"max_hp_loss":0.0,"gold_gain":0.0,"event_name":"Nest","player_choice":"Joined the Cult","floor":19.0,"gold_loss":0.0,"damage_taken":6.0,"cards_obtained":["RitualDagger"]},{"damage_healed":0.0,"max_hp_gain":0.0,"max_hp_loss":0.0,"gold_gain":0.0,"cards_transformed":["Strike_B","Strike_B"],"event_name":"Drug Dealer","player_choice":"Became Test Subject","floor":20.0,"gold_loss":0.0,"damage_taken":0.0,"cards_obtained":["Steam","Storm"]},{"cards_removed":["Strike_B"],"damage_healed":0.0,"max_hp_gain":0.0,"max_hp_loss":0.0,"gold_gain":0.0,"event_name":"Back to Basics","player_choice":"Elegance","floor":21.0,"gold_loss":0.0,"damage_taken":0.0}],"is_beta":false,"boss_relics":[{"not_picked":["Cursed Key","Philosopher\u0027s Stone"],"picked":"Inserter"}],"items_purged_floors":[],"is_endless":false,"potions_floor_spawned":[6,8,11],"killed_by":"Gremlin Leader","ascension_level":10}