{"gold_per_floor":[118,43,61,136,156,190,202,232,259,269,294,306,330,373,385,501,513,540,552,114,213,225,225,257,257,329,348,348,381,398,398,398,495,495,512,512,531,531,420,420,56,56,56,69,102,23,58,77,77,77,77,77,25,56,56],"floor_reached":56,"playtime":4750,"items_purged":["Defend_R","Defend_R","Strike_R"],"score":1374,"play_id":"4f09f400-1329-411b-8c20-2e885cd19f9a","local_time":"20190731010258","is_ascension_mode":true,"campfire_choices":[{"data":"Armaments","floor":15.0,"key":"SMITH"},{"data":"Demon Form","floor":23.0,"key":"SMITH"},{"data":"Disarm","floor":25.0,"key":"SMITH"},{"data":"Flame Barrier","floor":28.0,"key":"SMITH"},{"data":"Double Tap","floor":32.0,"key":"SMITH"},{"data":"Limit Break","floor":40.0,"key":"SMITH"},{"data":"Panacea","floor":42.0,"key":"SMITH"},{"floor":49.0,"key":"RECALL"},{"data":"Secret Technique","floor":52.0,"key":"SMITH"}],"neow_cost":"NONE","seed_source_timestamp":1737469785992800,"circlet_count":0,"master_deck":["Strike_R+1","Strike_R","Strike_R+1","Strike_R","Bash+1","Clothesline","Flame Barrier+1","Shrug It Off","Armaments+1","Body Slam","Demon Form+1","Shrug It Off","Sword Boomerang","Double Tap+1","Battle Trance","Disarm+1","Master of Strategy","Panacea+1","Sword Boomerang+1","Iron Wave+1","Ghostly","Ghostly","Ghostly","Ghostly","Ghostly","Limit Break+1","Secret Technique+1","Magnetism","Impervious","Headbutt+1","Shrug It Off"],"special_seed":0,"relics":["Burning Blood","Bag of Marbles","Happy Flower","Whetstone","MawBank","Calipers","Dodecahedron","Empty Cage","Enchiridion","Anchor","Self Forming Clay","Sundial","Sozu","Gambling Chip","Ornamental Fan","Nunchaku","Mummified Hand","Orichalcum"],"potions_floor_usage":[55],"damage_taken":[{"damage":0.0,"enemies":"Small Slimes","floor":1.0,"turns":3.0},{"damage":5.0,"enemies":"Jaw Worm","floor":3.0,"turns":4.0},{"damage":4.0,"enemies":"Cultist","floor":5.0,"turns":3.0},{"damage":31.0,"enemies":"3 Sentries","floor":6.0,"turns":9.0},{"damage":1.0,"enemies":"Blue Slaver","floor":7.0,"turns":4.0},{"damage":12.0,"enemies":"Gremlin Nob","floor":8.0,"turns":4.0},{"damage":0.0,"enemies":"Looter","floor":10.0,"turns":3.0},{"damage":15.0,"enemies":"3 Sentries","floor":11.0,"turns":10.0},{"damage":1.0,"enemies":"2 Fungi Beasts","floor":13.0,"turns":3.0},{"damage":18.0,"enemies":"Lagavulin","floor":14.0,"turns":6.0},{"damage":30.0,"enemies":"Hexaghost","floor":16.0,"turns":11.0},{"damage":7.0,"enemies":"Spheric Guardian","floor":18.0,"turns":5.0},{"damage":8.0,"enemies":"Shell Parasite","floor":22.0,"turns":5.0},{"damage":10.0,"enemies":"Gremlin Leader","floor":24.0,"turns":4.0},{"damage":15.0,"enemies":"3 Cultists","floor":27.0,"turns":5.0},{"damage":32.0,"enemies":"Slavers","floor":29.0,"turns":3.0},{"damage":8.0,"enemies":"Centurion and Healer","floor":30.0,"turns":7.0},{"damage":0.0,"enemies":"Collector","floor":33.0,"turns":8.0},{"damage":0.0,"enemies":"3 Darklings","floor":35.0,"turns":6.0},{"damage":6.0,"enemies":"Orb Walker","floor":37.0,"turns":4.0},{"damage":5.0,"enemies":"3 Darklings","floor":44.0,"turns":4.0},{"damage":5.0,"enemies":"Reptomancer","floor":45.0,"turns":4.0},{"damage":4.0,"enemies":"Nemesis","floor":47.0,"turns":5.0},{"damage":1.0,"enemies":"Maw","floor":48.0,"turns":5.0},{"damage":4.0,"enemies":"Time Eater","floor":50.0,"turns":9.0},{"damage":2.0,"enemies":"Shield and Spear","floor":54.0,"turns":5.0},{"damage":23,"enemies":"The Heart","floor":55,"turns":10}],"seed_played":"-5506937924011242567","potions_obtained":[{"floor":1.0,"key":"Ancient Potion"},{"floor":3.0,"key":"Poison Potion"},{"floor":5.0,"key":"Weak Potion"},{"floor":11.0,"key":"Swift Potion"},{"floor":13.0,"key":"Swift Potion"},{"floor":18.0,"key":"Block Potion"},{"floor":22.0,"key":"LiquidBronze"},{"floor":29.0,"key":"SpeedPotion"},{"floor":30.0,"key":"Strength Potion"}],"is_trial":false,"path_per_floor":["M","$","M","?","M","E","M","E","T","M","E","T","M","E","R","B",null,"M","?","$","?","M","R","E","R","T","M","R","E","M","?","R","B",null,"M","?","M","?","?","R","$","R","T","M","E","$","E","M","R","B",null,"R","$","E","B",null],"character_chosen":"IRONCLAD","items_purchased":["Disarm","Master of Strategy","Panacea","Ornamental Fan","Impervious","Shrug It Off"],"campfire_rested":0,"item_purchase_floors":[20,20,20,41,46,53],"current_hp_per_floor":[80,80,80,69,71,46,51,45,45,51,42,42,47,35,35,11,80,79,63,63,63,61,61,57,57,57,48,48,22,20,20,20,26,40,40,35,35,35,35,35,35,35,35,36,37,37,39,40,40,40,40,40,40,40,23],"gold":56,"neow_bonus":"UPGRADE_CARD","is_prod":false,"is_daily":false,"chose_seed":false,"campfire_upgraded":8,"win_rate":1,"timestamp":1564556578,"path_taken":["M","$","M","?","M","E","M","E","T","M","E","?","?","E","R","BOSS","M","?","$","?","M","R","E","R","T","M","R","E","M","?","R","BOSS","M","?","M","?","?","R","$","R","T","M","E","$","E","?","R","BOSS","R","$","E","BOSS"],"build_version":"2019-07-18","purchased_purges":3,"victory":true,"max_hp_per_floor":[80,80,80,80,80,80,80,80,80,80,80,80,80,80,80,80,80,80,80,80,80,80,80,80,80,80,80,80,80,80,40,40,40,40,40,40,40,40,40,40,40,40,40,40,40,40,40,40,40,40,40,40,40,40,40],"card_choices":[{"not_picked":["True Grit","Heavy Blade"],"picked":"Inflame","floor":1.0},{"not_picked":["Reckless Charge","Heavy Blade"],"picked":"Clothesline","floor":3.0},{"not_picked":["Heavy Blade","Whirlwind"],"picked":"Flame Barrier","floor":5.0},{"not_picked":["Twin Strike","Headbutt"],"picked":"Shrug It Off","floor":6.0},{"not_picked":["Dual Wield","Warcry"],"picked":"Armaments","floor":7.0},{"not_picked":["Dark Embrace","Burning Pact"],"picked":"Body Slam","floor":8.0},{"not_picked":["Anger","Flex","Armaments"],"picked":"SKIP","floor":10.0},{"not_picked":["Perfected Strike","Iron Wave"],"picked":"Demon Form","floor":11.0},{"not_picked":["Armaments","Reckless Charge"],"picked":"Shrug It Off","floor":13.0},{"not_picked":["Pommel Strike","Iron Wave"],"picked":"Sword Boomerang","floor":14.0},{"not_picked":["Juggernaut","Demon Form"],"picked":"Double Tap","floor":16.0},{"not_picked":["Flex","Warcry"],"picked":"Battle Trance","floor":18.0},{"not_picked":["Cleave","Corruption"],"picked":"Sword Boomerang+1","floor":22.0},{"not_picked":["Clothesline","Juggernaut","Berserk"],"picked":"SKIP","floor":24.0},{"not_picked":["Blood for Blood","True Grit","Perfected Strike"],"picked":"SKIP","floor":27.0},{"not_picked":["Clothesline+1","Pommel Strike"],"picked":"Iron Wave+1","floor":29.0},{"not_picked":["Bloodletting","Armaments","Twin Strike"],"picked":"SKIP","floor":30.0},{"not_picked":["Berserk","Bludgeon"],"picked":"Limit Break","floor":33.0},{"not_picked":["Clothesline+1","Intimidate+1","Pummel"],"picked":"SKIP","floor":35.0},{"not_picked":["Impatience","Good Instincts"],"picked":"Secret Technique","floor":36.0},{"not_picked":["Mind Blast","Purity"],"picked":"Magnetism","floor":36.0},{"not_picked":["Heavy Blade","Burning Pact","Body Slam+1"],"picked":"SKIP","floor":37.0},{"not_picked":["Intimidate","Second Wind+1","Body Slam"],"picked":"SKIP","floor":44.0},{"not_picked":["Twin Strike+1","Intimidate","Perfected Strike"],"picked":"SKIP","floor":45.0},{"not_picked":["Anger","Intimidate","True Grit+1"],"picked":"SKIP","floor":47.0},{"not_picked":["Warcry","Shrug It Off+1"],"picked":"Headbutt+1","floor":48.0},{"not_picked":["Clothesline","Twin Strike+1","Heavy Blade"],"picked":"SKIP","floor":54.0}],"player_experience":15704,"relics_obtained":[{"floor":6.0,"key":"Bag of Marbles"},{"floor":8.0,"key":"Happy Flower"},{"floor":9.0,"key":"Whetstone"},{"floor":11.0,"key":"MawBank"},{"floor":12.0,"key":"Calipers"},{"floor":14.0,"key":"Dodecahedron"},{"floor":19.0,"key":"Enchiridion"},{"floor":24.0,"key":"Anchor"},{"floor":26.0,"key":"Self Forming Clay"},{"floor":29.0,"key":"Sundial"},{"floor":45.0,"key":"Nunchaku"},{"floor":47.0,"key":"Mummified Hand"},{"floor":54.0,"key":"Orichalcum"}],"event_choices":[{"damage_healed":0.0,"max_hp_gain":0.0,"max_hp_loss":0.0,"gold_gain":75.0,"event_name":"World of Goop","player_choice":"Gather Gold","floor":4.0,"gold_loss":0.0,"damage_taken":11.0},{"damage_healed":0.0,"max_hp_gain":0.0,"max_hp_loss":0.0,"gold_gain":0.0,"event_name":"Cursed Tome","player_choice":"Obtained Book","floor":19.0,"gold_loss":0.0,"damage_taken":16.0},{"damage_healed":0.0,"max_hp_gain":0.0,"max_hp_loss":0.0,"gold_gain":99.0,"event_name":"Nest","player_choice":"Stole From Cult","floor":21.0,"gold_loss":0.0,"damage_taken":0.0},{"damage_healed":0.0,"max_hp_gain":0.0,"max_hp_loss":40.0,"gold_gain":0.0,"event_name":"Ghosts","player_choice":"Became a Ghost","floor":31.0,"gold_loss":0.0,"damage_taken":0.0,"cards_obtained":["Ghostly","Ghostly","Ghostly","Ghostly","Ghostly"]},{"damage_healed":0.0,"max_hp_gain":0.0,"max_hp_loss":0.0,"gold_gain":0.0,"event_name":"SensoryStone","player_choice":"Memory 2","floor":36.0,"gold_loss":0.0,"damage_taken":5.0},{"cards_removed":["Inflame"],"damage_healed":0.0,"max_hp_gain":0.0,"max_hp_loss":0.0,"gold_gain":0.0,"event_name":"Falling","player_choice":"Removed Power","floor":38.0,"gold_loss":0.0,"damage_taken":0.0},{"damage_healed":0.0,"max_hp_gain":0.0,"max_hp_loss":0.0,"gold_gain":0.0,"event_name":"WeMeetAgain","player_choice":"Paid Gold","floor":39.0,"gold_loss":111.0,"damage_taken":0.0,"relics_obtained":["Gambling Chip"]}],"is_beta":true,"boss_relics":[{"not_picked":["Runic Cube","Runic Dome"],"picked":"Empty Cage"},{"not_picked":["Fusion Hammer","Orrery"],"picked":"Sozu"}],"items_purged_floors":[2,20,41],"is_endless":false,"potions_floor_spawned":[1,3,5,11,13,18,22,29,30,37,47,54],"ascension_level":1}