{"gold_per_floor":[113,129,204,204,216,234,249,279,279,291,591,591,654,730,730,825,825,837,762,762,144,161,161],"floor_reached":23,"playtime":2062,"items_purged":[],"score":191,"play_id":"539ab18d-04e5-464b-9fe0-41a8ffb2aabf","local_time":"20181128220238","is_ascension_mode":false,"campfire_choices":[{"floor":12,"key":"REST"},{"floor":15,"key":"REST"}],"neow_cost":"NONE","seed_source_timestamp":963022273914274,"circlet_count":0,"master_deck":["Strike_B","Strike_B","Strike_B","Defend_B","Defend_B","Defend_B","Defend_B","Zap","Dualcast","Go for the Eyes","Beam Cell","Rainbow","Gash","Sweeping Beam","All For One","Steam","Barrage","Hologram","Multi-Cast","Compile Driver+1","RitualDagger","Melter","Static Discharge","Gash+1"],"relics":["Cracked Core","NeowsBlessing","Boot","Pocketwatch","Question Card","Old Coin","Dream Catcher","Matryoshka","Black Star","Sundial","Gremlin Horn"],"potions_floor_usage":[10,13,16,18],"damage_taken":[{"damage":0,"enemies":"Cultist","floor":1,"turns":1},{"damage":0,"enemies":"Jaw Worm","floor":2,"turns":1},{"damage":0,"enemies":"2 Louse","floor":5,"turns":1},{"damage":10,"enemies":"Looter","floor":6,"turns":2},{"damage":4,"enemies":"Exordium Wildlife","floor":7,"turns":3},{"damage":41,"enemies":"Lagavulin","floor":8,"turns":7},{"damage":2,"enemies":"Large Slime","floor":10,"turns":4},{"damage":0,"enemies":"Gremlin Nob","floor":13,"turns":3},{"damage":23,"enemies":"Hexaghost","floor":16,"turns":10},{"damage":22,"enemies":"Shell Parasite","floor":18,"turns":6},{"damage":6,"enemies":"3 Byrds","floor":22,"turns":4},{"damage":42,"enemies":"Slavers","floor":23,"turns":2}],"seed_played":"6919486192797789104","potions_obtained":[{"floor":1,"key":"Strength Potion"},{"floor":8,"key":"Dexterity Potion"},{"floor":10,"key":"FairyPotion"},{"floor":13,"key":"Poison Potion"},{"floor":16,"key":"Weak Potion"},{"floor":22,"key":"Strength Potion"}],"is_trial":false,"path_per_floor":["M","M","?","T","M","M","M","E","T","M","?","R","?","T","R","B",null,"M","?","?","$","M","E"],"character_chosen":"DEFECT","items_purchased":["Sundial","Gremlin Horn","Melter","Static Discharge"],"campfire_rested":2,"item_purchase_floors":[21,21,21,21],"current_hp_per_floor":[75,75,64,64,64,54,50,9,9,7,7,29,29,29,51,28,75,53,53,47,47,41,0],"gold":161,"neow_bonus":"THREE_ENEMY_KILL","is_prod":false,"is_daily":false,"chose_seed":false,"campfire_upgraded":0,"win_rate":0.0,"timestamp":1543402958,"path_taken":["M","M","?","?","?","?","M","E","T","M","?","R","?","?","R","BOSS","M","?","?","$","M","E"],"build_version":"2018-11-15","purchased_purges":0,"victory":false,"max_hp_per_floor":[75,75,75,75,75,75,75,75,75,75,75,75,75,75,75,75,75,75,75,75,75,75,75],"card_choices":[{"not_picked":["Skim","Consume"],"picked":"Go for the Eyes","floor":1},{"not_picked":["Coolheaded","Streamline"],"picked":"Beam Cell","floor":2},{"not_picked":["Go for the Eyes","Leap"],"picked":"Rainbow","floor":5},{"not_picked":["Double Energy","Hologram"],"picked":"Gash","floor":6},{"not_picked":["Ball Lightning","Leap"],"picked":"Sweeping Beam","floor":7},{"not_picked":["Compile Driver","Coolheaded"],"picked":"All For One","floor":8},{"not_picked":["Scrape","Coolheaded","Stack"],"picked":"Steam","floor":10},{"not_picked":["Ball Lightning","Cold Snap","Steam"],"picked":"Barrage","floor":13},{"not_picked":["Sweeping Beam","Scrape","Blizzard"],"picked":"Hologram","floor":15},{"not_picked":["Rainbow","Machine Learning","Amplify"],"picked":"Multi-Cast","floor":16},{"not_picked":["Cold Snap","Loop","Conserve Battery"],"picked":"Compile Driver+1","floor":18},{"not_picked":["Streamline","Beam Cell","Thunder Strike"],"picked":"Gash+1","floor":22}],"player_experience":48869,"relics_obtained":[{"floor":4,"key":"Boot"},{"floor":8,"key":"Pocketwatch"},{"floor":9,"key":"Question Card"},{"floor":14,"key":"Matryoshka"}],"event_choices":[{"damage_healed":0,"gold_gain":75,"player_choice":"Gather Gold","damage_taken":11,"max_hp_gain":0,"max_hp_loss":0,"event_name":"World of Goop","floor":3,"gold_loss":0},{"damage_healed":0,"gold_gain":0,"player_choice":"Success","damage_taken":7,"relics_obtained":["Old Coin"],"max_hp_gain":0,"max_hp_loss":0,"event_name":"Scrap Ooze","floor":11,"gold_loss":0},{"damage_healed":0,"gold_gain":0,"player_choice":"Searched \u00273\u0027 times","damage_taken":0,"relics_obtained":["Dream Catcher"],"max_hp_gain":0,"max_hp_loss":0,"event_name":"Dead Adventurer","floor":13,"gold_loss":0},{"cards_removed":["Strike_B"],"damage_healed":0,"gold_gain":0,"player_choice":"Gave Gold","damage_taken":0,"max_hp_gain":0,"max_hp_loss":0,"event_name":"Beggar","floor":19,"gold_loss":75},{"damage_healed":0,"gold_gain":0,"player_choice":"Joined the Cult","damage_taken":6,"max_hp_gain":0,"max_hp_loss":0,"event_name":"Nest","floor":20,"gold_loss":0,"cards_obtained":["RitualDagger"]}],"is_beta":false,"boss_relics":[{"not_picked":["Philosopher\u0027s Stone","Lizard Tail"],"picked":"Black Star"}],"items_purged_floors":[],"is_endless":false,"potions_floor_spawned":[1,8,10,13,16,22],"killed_by":"Slavers","ascension_level":0}