{"gold_per_floor":[115,115,65,78,78,105,121,152,177,255,65,85,119,99,99,197,197,212,226,106,126,140,140,174,99,99,99,99],"floor_reached":28,"playtime":1449,"items_purged":["Pain"],"score":407,"play_id":"51958d5d-396e-4b76-b22d-692e853e5f91","local_time":"20190609150518","is_ascension_mode":true,"campfire_choices":[{"data":"Immolate","floor":15,"key":"SMITH"},{"floor":23,"key":"REST"}],"neow_cost":"NONE","seed_source_timestamp":5158868811013297,"circlet_count":0,"master_deck":["Strike_R","Strike_R","Strike_R+1","Strike_R","Defend_R+1","Defend_R","Defend_R","Defend_R","Bash","Shrug It Off+1","Cleave+1","Immolate+1","Flame Barrier","Headbutt","Ghostly Armor","Spot Weakness+1","Reaper","Decay","Havoc+1","Warcry+1","Shrug It Off+1","Intimidate+1","Rampage+1"],"relics":["Burning Blood","NeowsBlessing","Vajra","Strawberry","Dream Catcher","Singing Bowl","Whetstone","Toxic Egg 2","Calling Bell","Ancient Tea Set","Darkstone Periapt","Nunchaku","Ginger","Blood Vial"],"potions_floor_usage":[8,13,21,22,22,24],"damage_taken":[{"damage":0,"enemies":"2 Louse","floor":1,"turns":1},{"damage":0,"enemies":"Jaw Worm","floor":4,"turns":1},{"damage":0,"enemies":"Gremlin Nob","floor":6,"turns":1},{"damage":0,"enemies":"Cultist","floor":7,"turns":2},{"damage":1,"enemies":"3 Sentries","floor":8,"turns":3},{"damage":11,"enemies":"Large Slime","floor":12,"turns":5},{"damage":15,"enemies":"Lagavulin","floor":13,"turns":5},{"damage":18,"enemies":"Slime Boss","floor":16,"turns":8},{"damage":18,"enemies":"Chosen","floor":18,"turns":6},{"damage":21,"enemies":"3 Byrds","floor":19,"turns":4},{"damage":22,"enemies":"Snecko","floor":21,"turns":5},{"damage":45,"enemies":"Centurion and Healer","floor":22,"turns":6},{"damage":17,"enemies":"Slavers","floor":24,"turns":6},{"damage":65,"enemies":"Book of Stabbing","floor":28,"turns":7}],"seed_played":"-2932353674080760760","potions_obtained":[{"floor":6,"key":"GamblersBrew"},{"floor":7,"key":"AttackPotion"},{"floor":8,"key":"AttackPotion"},{"floor":13,"key":"SteroidPotion"},{"floor":14,"key":"Poison Potion"},{"floor":21,"key":"AttackPotion"},{"floor":24,"key":"Dexterity Potion"}],"is_trial":false,"path_per_floor":["M","?","?","M","$","E","M","E","T","T","$","M","E","?","R","B",null,"M","M","$","M","M","R","E","?","T","?","E"],"character_chosen":"IRONCLAD","items_purchased":["Ghostly Armor","Whetstone","Shrug It Off+1"],"campfire_rested":1,"item_purchase_floors":[11,11,20],"current_hp_per_floor":[78,62,62,68,68,74,80,87,87,87,87,84,75,75,75,63,83,71,60,60,46,9,36,28,28,28,59,0],"gold":99,"neow_bonus":"THREE_ENEMY_KILL","is_prod":false,"is_daily":false,"chose_seed":false,"campfire_upgraded":1,"win_rate":0,"timestamp":1560107118,"path_taken":["M","?","?","M","$","E","M","E","T","?","$","M","E","?","R","BOSS","M","M","$","M","M","R","E","?","T","?","E"],"build_version":"2019-01-23","purchased_purges":1,"victory":false,"max_hp_per_floor":[80,80,80,80,80,80,80,87,87,87,87,89,89,89,89,89,89,89,89,89,91,93,93,93,93,93,93,93],"card_choices":[{"not_picked":["Clash","Armaments"],"picked":"Shrug It Off","floor":1},{"not_picked":["Pummel","Rage"],"picked":"Cleave","floor":4},{"not_picked":["Metallicize","Anger"],"picked":"Immolate","floor":6},{"not_picked":["Hemokinesis","Iron Wave"],"picked":"Flame Barrier","floor":7},{"not_picked":["Spot Weakness","Offering"],"picked":"Headbutt","floor":8},{"not_picked":["Flex","Pummel","Seeing Red"],"picked":"Singing Bowl","floor":12},{"not_picked":["Pommel Strike","Clash"],"picked":"Spot Weakness","floor":13},{"not_picked":["Immolate","Brutality"],"picked":"Reaper","floor":16},{"not_picked":["Clash","Shrug It Off+1"],"picked":"Havoc+1","floor":18},{"not_picked":["Anger","Thunderclap"],"picked":"Warcry+1","floor":19},{"not_picked":["Pummel+1","Shrug It Off+1","Sword Boomerang"],"picked":"Singing Bowl","floor":21},{"not_picked":["Perfected Strike+1","Sword Boomerang","Reckless Charge"],"picked":"Singing Bowl","floor":22},{"not_picked":["Whirlwind","Iron Wave"],"picked":"Intimidate+1","floor":23},{"not_picked":["Uppercut","Carnage"],"picked":"Rampage+1","floor":24}],"player_experience":220789,"relics_obtained":[{"floor":6,"key":"Vajra"},{"floor":8,"key":"Strawberry"},{"floor":9,"key":"Dream Catcher"},{"floor":10,"key":"Singing Bowl"},{"floor":13,"key":"Toxic Egg 2"},{"floor":17,"key":"Ancient Tea Set"},{"floor":17,"key":"Darkstone Periapt"},{"floor":17,"key":"Nunchaku"},{"floor":24,"key":"Ginger"},{"floor":26,"key":"Blood Vial"}],"event_choices":[{"damage_healed":0,"gold_gain":0,"player_choice":"Entered Light","damage_taken":16,"max_hp_gain":0,"max_hp_loss":0,"event_name":"Shining Light","floor":2,"gold_loss":0,"cards_upgraded":["Shrug It Off","Defend_R"]},{"cards_removed":["Strike_R"],"damage_healed":0,"gold_gain":0,"player_choice":"Card Removal","damage_taken":0,"max_hp_gain":0,"max_hp_loss":0,"event_name":"The Cleric","floor":3,"gold_loss":50},{"damage_healed":0,"gold_gain":0,"player_choice":"Bought 1 Potion","damage_taken":0,"max_hp_gain":0,"max_hp_loss":0,"event_name":"The Woman in Blue","floor":14,"gold_loss":0},{"cards_removed":["Pain"],"damage_healed":0,"gold_gain":0,"player_choice":"Gave Gold","damage_taken":0,"max_hp_gain":0,"max_hp_loss":0,"event_name":"Beggar","floor":25,"gold_loss":75},{"damage_healed":31,"gold_gain":0,"player_choice":"Heal","damage_taken":0,"max_hp_gain":0,"max_hp_loss":0,"event_name":"The Library","floor":27,"gold_loss":0}],"is_beta":false,"boss_relics":[{"not_picked":["Runic Cube","White Beast Statue"],"picked":"Calling Bell"}],"items_purged_floors":[20],"is_endless":false,"potions_floor_spawned":[6,7,8,13,21,24],"killed_by":"Book of Stabbing","ascension_level":9}