{"gold_per_floor":[115,129,141,141,156,156,167,167,222,222,250,269,280,245,245,347,347,367,307,318,318,335,335,37,37,37,37,50,50,76,111,111,207,207,219,319,319],"floor_reached":37,"playtime":11288,"items_purged":["Strike_B"],"score":408,"play_id":"de6a181e-0461-49b3-8e29-9e357597ab7b","local_time":"20190315165232","is_ascension_mode":true,"campfire_choices":[{"floor":6,"key":"REST"},{"data":"Zap","floor":8,"key":"SMITH"},{"data":"Dualcast","floor":10,"key":"SMITH"},{"floor":15,"key":"REST"},{"floor":23,"key":"REST"},{"data":"Echo Form","floor":25,"key":"SMITH"},{"data":"Steam","floor":27,"key":"SMITH"},{"data":"Go for the Eyes","floor":29,"key":"SMITH"},{"floor":32,"key":"REST"}],"neow_cost":"NONE","seed_source_timestamp":106221215210400,"circlet_count":0,"master_deck":["Strike_B","Strike_B","Defend_B","Defend_B","Zap+1","Dualcast+1","Beam Cell","Gash","Go for the Eyes+1","Cold Snap","Conserve Battery","Gash","Echo Form+1","Steam+1","Lockon","White Noise","Gash+1","Go for the Eyes+1","Reprogram","Self Repair","Conserve Battery+1","Writhe","Pain","Pain"],"relics":["Cracked Core","Happy Flower","Shuriken","Eternal Feather","Oddly Smooth Stone","Cables","Pen Nib","Red Mask","Calling Bell","Ancient Tea Set","Blue Candle","Calipers"],"potions_floor_usage":[16,16,30,33,33,35],"damage_taken":[{"damage":1,"enemies":"Cultist","floor":1,"turns":3},{"damage":7,"enemies":"2 Louse","floor":2,"turns":3},{"damage":3,"enemies":"Jaw Worm","floor":3,"turns":3},{"damage":24,"enemies":"Lots of Slimes","floor":5,"turns":5},{"damage":5,"enemies":"Looter","floor":7,"turns":3},{"damage":49,"enemies":"3 Sentries","floor":11,"turns":9},{"damage":2,"enemies":"2 Fungi Beasts","floor":12,"turns":3},{"damage":8,"enemies":"Lots of Slimes","floor":13,"turns":3},{"damage":29,"enemies":"The Guardian","floor":16,"turns":11},{"damage":19,"enemies":"Spheric Guardian","floor":18,"turns":5},{"damage":6,"enemies":"3 Byrds","floor":20,"turns":5},{"damage":28,"enemies":"Snake Plant","floor":22,"turns":6},{"damage":20,"enemies":"Centurion and Healer","floor":28,"turns":6},{"damage":8,"enemies":"Book of Stabbing","floor":30,"turns":4},{"damage":36,"enemies":"Masked Bandits","floor":31,"turns":5},{"damage":18,"enemies":"Champ","floor":33,"turns":10},{"damage":51,"enemies":"3 Darklings","floor":35,"turns":8},{"damage":51,"enemies":"3 Shapes","floor":37,"turns":3}],"seed_played":"-1198067290255173462","potions_obtained":[{"floor":3,"key":"Strength Potion"},{"floor":7,"key":"FocusPotion"},{"floor":11,"key":"FearPotion"},{"floor":22,"key":"PowerPotion"},{"floor":28,"key":"FearPotion"},{"floor":33,"key":"Weak Potion"}],"is_trial":false,"path_per_floor":["M","M","M","?","M","R","M","R","T","R","E","M","M","?","R","B",null,"M","?","M","?","M","R","$","R","T","R","M","R","E","?","R","B",null,"M","?","M"],"character_chosen":"DEFECT","items_purchased":["Reprogram","Oddly Smooth Stone"],"campfire_rested":4,"item_purchase_floors":[24,24],"current_hp_per_floor":[81,74,71,71,47,71,66,66,66,66,17,15,7,27,51,22,82,63,63,57,57,29,62,62,71,71,80,60,69,61,39,75,64,82,45,45,0],"gold":319,"neow_bonus":"TEN_PERCENT_HP_BONUS","is_prod":false,"is_daily":false,"chose_seed":false,"campfire_upgraded":5,"win_rate":0,"timestamp":1552693952,"path_taken":["M","M","M","?","?","R","M","R","T","R","E","M","M","?","R","BOSS","M","?","?","?","M","R","$","R","T","R","M","R","E","?","R","BOSS","M","?","?"],"build_version":"2019-01-23","purchased_purges":1,"victory":false,"max_hp_per_floor":[82,82,82,82,82,82,82,82,82,82,82,82,82,82,82,82,82,82,82,82,82,82,82,82,82,82,82,82,82,82,82,82,82,82,82,82,82],"card_choices":[{"not_picked":["Sunder","Skim"],"picked":"Beam Cell","floor":1},{"not_picked":["Turbo","Compile Driver"],"picked":"Gash","floor":2},{"not_picked":["Double Energy","Leap","Force Field"],"picked":"SKIP","floor":3},{"not_picked":["Barrage","Static Discharge"],"picked":"Go for the Eyes","floor":5},{"not_picked":["Stack","Heatsinks","Hologram"],"picked":"SKIP","floor":7},{"not_picked":["Doom and Gloom","Reboot"],"picked":"Cold Snap","floor":11},{"not_picked":["Static Discharge","Ball Lightning"],"picked":"Conserve Battery","floor":12},{"not_picked":["Heatsinks","Streamline"],"picked":"Gash","floor":13},{"not_picked":["Rainbow","Hyperbeam"],"picked":"Echo Form","floor":16},{"not_picked":["Cold Snap","Barrage"],"picked":"Steam","floor":18},{"not_picked":["Reprogram+1","Scrape"],"picked":"Gash+1","floor":20},{"not_picked":["Doom and Gloom","Defragment"],"picked":"Go for the Eyes+1","floor":22},{"not_picked":["Redo","Steam","Heatsinks+1"],"picked":"SKIP","floor":28},{"not_picked":["Stack+1","Turbo+1"],"picked":"Self Repair","floor":30},{"not_picked":["Go for the Eyes","Redo"],"picked":"Conserve Battery+1","floor":31},{"not_picked":["Sweeping Beam+1","Stack+1","Doom and Gloom"],"picked":"SKIP","floor":35}],"player_experience":301248,"relics_obtained":[{"floor":9,"key":"Happy Flower"},{"floor":11,"key":"Shuriken"},{"floor":26,"key":"Cables"},{"floor":30,"key":"Pen Nib"},{"floor":31,"key":"Red Mask"},{"floor":34,"key":"Ancient Tea Set"},{"floor":34,"key":"Blue Candle"},{"floor":34,"key":"Calipers"}],"event_choices":[{"cards_removed":["Defend_B"],"damage_healed":0,"gold_gain":0,"player_choice":"Offered Basic","damage_taken":0,"max_hp_gain":0,"max_hp_loss":0,"event_name":"Bonfire Elementals","floor":4,"gold_loss":0},{"damage_healed":20,"gold_gain":0,"player_choice":"Healed","damage_taken":0,"max_hp_gain":0,"max_hp_loss":0,"event_name":"The Cleric","floor":14,"gold_loss":35},{"damage_healed":0,"gold_gain":0,"cards_transformed":["Strike_B","Defend_B"],"player_choice":"Transformed Cards","damage_taken":0,"max_hp_gain":0,"max_hp_loss":0,"event_name":"Designer","floor":19,"gold_loss":60,"cards_obtained":["Lockon","White Noise"]},{"damage_healed":0,"gold_gain":0,"player_choice":"Ignored","damage_taken":0,"max_hp_gain":0,"max_hp_loss":0,"event_name":"Ghosts","floor":21,"gold_loss":0},{"damage_healed":0,"gold_gain":0,"player_choice":"Fought Bandits","damage_taken":0,"max_hp_gain":0,"max_hp_loss":0,"event_name":"Masked Bandits","floor":31,"gold_loss":0},{"damage_healed":0,"gold_gain":100,"player_choice":"Pray","damage_taken":0,"max_hp_gain":0,"max_hp_loss":0,"event_name":"Golden Shrine","floor":36,"gold_loss":0}],"is_beta":false,"boss_relics":[{"not_picked":["White Beast Statue","Philosopher\u0027s Stone"],"picked":"Eternal Feather"},{"not_picked":["Snecko Eye","Runic Pyramid"],"picked":"Calling Bell"}],"items_purged_floors":[24],"is_endless":false,"potions_floor_spawned":[3,7,11,13,22,28,33],"killed_by":"3 Shapes","ascension_level":1}