{"gold_per_floor":[117,117,42,42,60,60,91,118,118,118,134,134,154,211,211,314,314,331,52,0,19,19,19,19,46,73,73,73,173,188,213,213,213],"floor_reached":33,"playtime":3873,"items_purged":["Parasite","Defend_B"],"score":259,"play_id":"655ddf27-9d7f-44a0-a8ae-4c363a8211f9","local_time":"20190726161019","is_ascension_mode":false,"campfire_choices":[{"data":"Machine Learning","floor":6.0,"key":"SMITH"},{"floor":12.0,"key":"REST"},{"floor":15.0,"key":"REST"},{"floor":23.0,"key":"REST"},{"floor":28.0,"key":"REST"},{"floor":32,"key":"REST"}],"neow_cost":"CURSE","seed_source_timestamp":0,"circlet_count":0,"master_deck":["Strike_B","Strike_B","Strike_B","Strike_B","Defend_B","Defend_B","Defend_B","Zap","Dualcast","Machine Learning+1","Sweeping Beam","Compile Driver","Ball Lightning","Leap+1","Multi-Cast+1","Reinforced Body+1","Master of Strategy+1","Gash","Sweeping Beam","Fusion+1"],"special_seed":0,"relics":["Cracked Core","Question Card","Incense Burner","PreservedInsect","Toxic Egg 2","FaceOfCleric","Darkstone Periapt","Fusion Hammer","MutagenicStrength","Pantograph","Blood Vial","Gambling Chip","Shuriken","Pen Nib"],"potions_floor_usage":[33],"damage_taken":[{"damage":10.0,"enemies":"Small Slimes","floor":1.0,"turns":4.0},{"damage":4.0,"enemies":"Jaw Worm","floor":5.0,"turns":5.0},{"damage":36.0,"enemies":"Lagavulin","floor":7.0,"turns":8.0},{"damage":1.0,"enemies":"Cultist","floor":11.0,"turns":3.0},{"damage":11.0,"enemies":"2 Fungi Beasts","floor":13.0,"turns":3.0},{"damage":16.0,"enemies":"Lagavulin Event","floor":14.0,"turns":5.0},{"damage":19.0,"enemies":"The Guardian","floor":16.0,"turns":11.0},{"damage":1.0,"enemies":"Spheric Guardian","floor":18.0,"turns":3.0},{"damage":3.0,"enemies":"Shell Parasite","floor":21.0,"turns":4.0},{"damage":27.0,"enemies":"Book of Stabbing","floor":25.0,"turns":5.0},{"damage":17,"enemies":"Colosseum Slavers","floor":29,"turns":4},{"damage":6,"enemies":"Colosseum Nobs","floor":29,"turns":3},{"damage":18,"enemies":"3 Cultists","floor":30,"turns":6},{"damage":83,"enemies":"Collector","floor":33,"turns":6}],"seed_played":"6099394364379634965","potions_obtained":[{"floor":5.0,"key":"Explosive Potion"},{"floor":11.0,"key":"Dexterity Potion"},{"floor":21.0,"key":"Energy Potion"},{"floor":30,"key":"Ancient Potion"}],"is_trial":false,"path_per_floor":["M","?","$","?","M","R","E","T","T","?","M","R","M","?","R","B",null,"M","$","?","M","?","R","?","E","T","$","R","?","M","T","R","B"],"character_chosen":"DEFECT","items_purchased":["Master of Strategy+1"],"campfire_rested":5,"item_purchase_floors":[19],"current_hp_per_floor":[65,62,62,62,58,58,22,22,22,22,22,43,33,18,40,22,76,76,76,76,74,74,78,63,37,37,37,62,45,30,30,56,0],"gold":213,"neow_bonus":"THREE_RARE_CARDS","is_prod":false,"is_daily":false,"chose_seed":false,"campfire_upgraded":1,"win_rate":0,"timestamp":1564150219,"path_taken":["M","?","$","?","M","R","E","?","T","?","M","R","?","?","R","BOSS","M","$","?","M","?","R","?","E","T","$","R","?","M","?","R","BOSS"],"build_version":"2019-07-17","purchased_purges":2,"victory":false,"max_hp_per_floor":[75,75,72,72,72,72,72,72,72,72,73,73,74,75,75,76,76,77,77,77,78,78,78,83,84,84,84,84,86,87,87,87,87],"card_choices":[{"not_picked":["Biased Cognition","Rainbow"],"picked":"Machine Learning","floor":0.0},{"not_picked":["Cold Snap","Static Discharge","Barrage"],"picked":"SKIP","floor":1.0},{"not_picked":["Turbo","Go for the Eyes","Stack","Compile Driver"],"picked":"SKIP","floor":5.0},{"not_picked":["Beam Cell","Static Discharge","Stack"],"picked":"Sweeping Beam","floor":7.0},{"not_picked":["Thunder Strike","Turbo+1","Blizzard"],"picked":"Compile Driver","floor":11.0},{"not_picked":["Go for the Eyes","Force Field+1","Buffer"],"picked":"Ball Lightning","floor":13.0},{"not_picked":["Go for the Eyes","Coolheaded+1","Turbo+1"],"picked":"Leap+1","floor":14.0},{"not_picked":["Electrodynamics","Fission+1","Creative AI"],"picked":"Multi-Cast+1","floor":16.0},{"not_picked":["Redo+1","Steam+1","Leap+1"],"picked":"Reinforced Body+1","floor":18.0},{"not_picked":["Redo+1","Go for the Eyes","Compile Driver"],"picked":"Gash","floor":21.0},{"not_picked":["Undo+1","Streamline","Go for the Eyes+1"],"picked":"Sweeping Beam","floor":25.0},{"not_picked":["Loop+1","Turbo+1","Cold Snap"],"picked":"Fusion+1","floor":30}],"player_experience":25769,"relics_obtained":[{"floor":7.0,"key":"Incense Burner"},{"floor":8.0,"key":"PreservedInsect"},{"floor":9.0,"key":"Toxic Egg 2"},{"floor":14.0,"key":"Darkstone Periapt"},{"floor":25.0,"key":"Pantograph"},{"floor":26.0,"key":"Blood Vial"},{"floor":29,"key":"Gambling Chip"},{"floor":29,"key":"Shuriken"},{"floor":31,"key":"Pen Nib"}],"event_choices":[{"damage_healed":0.0,"max_hp_gain":0.0,"max_hp_loss":0.0,"gold_gain":0.0,"event_name":"Scrap Ooze","player_choice":"Success","floor":2.0,"gold_loss":0.0,"damage_taken":3.0,"relics_obtained":["Question Card"]},{"damage_healed":0.0,"max_hp_gain":0.0,"max_hp_loss":0.0,"gold_gain":0.0,"event_name":"Liars Game","player_choice":"Ignored","floor":4.0,"gold_loss":0.0,"damage_taken":0.0},{"damage_healed":0.0,"max_hp_gain":0.0,"max_hp_loss":0.0,"gold_gain":0.0,"event_name":"FaceTrader","player_choice":"Trade","floor":10.0,"gold_loss":0.0,"damage_taken":0.0,"relics_obtained":["FaceOfCleric"]},{"damage_healed":0.0,"max_hp_gain":0.0,"max_hp_loss":0.0,"gold_gain":0.0,"event_name":"Dead Adventurer","player_choice":"Searched \u00271\u0027 times","floor":14.0,"gold_loss":0.0,"damage_taken":0.0},{"damage_healed":0.0,"max_hp_gain":0.0,"max_hp_loss":0.0,"gold_gain":0.0,"event_name":"Masked Bandits","player_choice":"Paid Fearfully","floor":20.0,"gold_loss":52.0,"damage_taken":0.0},{"damage_healed":0.0,"max_hp_gain":0.0,"max_hp_loss":0.0,"gold_gain":0.0,"event_name":"Drug Dealer","player_choice":"Inject Mutagens","floor":22.0,"gold_loss":0.0,"damage_taken":0.0,"relics_obtained":["MutagenicStrength"]},{"damage_healed":0.0,"max_hp_gain":5.0,"max_hp_loss":0.0,"gold_gain":0.0,"event_name":"Forgotten Altar","player_choice":"Shed Blood","floor":24.0,"gold_loss":0.0,"damage_taken":20.0},{"damage_healed":0,"gold_gain":0,"player_choice":"Fight","damage_taken":0,"max_hp_gain":0,"max_hp_loss":0,"event_name":"Colosseum","floor":29,"gold_loss":0},{"damage_healed":0,"gold_gain":0,"player_choice":"Fought Nobs","damage_taken":0,"max_hp_gain":0,"max_hp_loss":0,"event_name":"Colosseum","floor":29,"gold_loss":0}],"is_beta":false,"boss_relics":[{"not_picked":["Ectoplasm","White Beast Statue"],"picked":"Fusion Hammer"}],"items_purged_floors":[3,19],"is_endless":false,"potions_floor_spawned":[5,11,21,29,30],"killed_by":"Collector","ascension_level":0}