{"gold_per_floor":[369,82,82,1,18,52,52,84,84,103,115,4,28,41,41,137,137,154,170,170,170,200,200,100,116,116,116,116,116,132,156,156,254,254,273,273,59,59,159,159,184,199,199,217,269,269,295,311,311,311],"floor_reached":51,"playtime":3387,"items_purged":["Strike_B","Strike_B","Strike_B"],"score":852,"play_id":"54f3bbbf-0d0b-4bf0-afed-ca54b94e538e","local_time":"20190111161505","is_ascension_mode":true,"campfire_choices":[{"data":"Defragment","floor":7,"key":"SMITH"},{"floor":15,"key":"REST"},{"data":"Defragment","floor":23,"key":"SMITH"},{"floor":32,"key":"REST"},{"floor":40,"key":"REST"},{"floor":46,"key":"REST"},{"data":"Creative AI","floor":49,"key":"SMITH"}],"neow_cost":"TEN_PERCENT_HP_LOSS","seed_source_timestamp":496067278876759,"circlet_count":0,"master_deck":["Defend_B","Defend_B","Defend_B","Defend_B","Zap","Dualcast","Leap","Storm","Coolheaded","Turbo","FTL","Melter","Defragment+1","Hologram","Redo","Barrage","Coolheaded","Defragment+1","Redo","Blizzard","Static Discharge","Glacier","Electrodynamics","Chill+1","Redo+1","Double Energy","Writhe","White Noise","Streamline+1","Creative AI+1","Sunder","Capacitor","Hologram","Good Instincts","Finesse","Forethought","BootSequence+1"],"relics":["Cracked Core","Ancient Tea Set","FossilizedHelix","Art of War","Darkstone Periapt","Odd Mushroom","Lizard Tail","Tiny Chest","Letter Opener","Nilry\u0027s Codex","Smiling Mask","Vajra","Busted Crown","Bird Faced Urn","Regal Pillow","Emotion Chip","Unceasing Top","Orichalcum"],"potions_floor_usage":[8,13,25,41,41],"damage_taken":[{"damage":1,"enemies":"Cultist","floor":1,"turns":3},{"damage":5,"enemies":"Jaw Worm","floor":5,"turns":3},{"damage":16,"enemies":"Lagavulin","floor":6,"turns":6},{"damage":0,"enemies":"Gremlin Nob","floor":8,"turns":3},{"damage":4,"enemies":"Small Slimes","floor":10,"turns":3},{"damage":0,"enemies":"3 Louse","floor":11,"turns":3},{"damage":21,"enemies":"The Mushroom Lair","floor":13,"turns":5},{"damage":0,"enemies":"Large Slime","floor":14,"turns":5},{"damage":11,"enemies":"Hexaghost","floor":16,"turns":10},{"damage":0,"enemies":"Shell Parasite","floor":18,"turns":6},{"damage":13,"enemies":"2 Thieves","floor":19,"turns":4},{"damage":3,"enemies":"Snecko","floor":25,"turns":7},{"damage":11,"enemies":"Snake Plant","floor":30,"turns":4},{"damage":0,"enemies":"Automaton","floor":33,"turns":11},{"damage":24,"enemies":"Orb Walker","floor":35,"turns":4},{"damage":0,"enemies":"Mind Bloom Boss Battle","floor":39,"turns":8},{"damage":44,"enemies":"Nemesis","floor":41,"turns":7},{"damage":0,"enemies":"3 Shapes","floor":42,"turns":6},{"damage":48,"enemies":"Sphere and 2 Shapes","floor":44,"turns":7},{"damage":28,"enemies":"2 Orb Walkers","floor":45,"turns":4},{"damage":0,"enemies":"4 Shapes","floor":48,"turns":4},{"damage":44,"enemies":"Awakened One","floor":50,"turns":11}],"seed_played":"3603117496257146318","potions_obtained":[{"floor":5,"key":"Poison Potion"},{"floor":11,"key":"SkillPotion"},{"floor":18,"key":"FocusPotion"},{"floor":35,"key":"FearPotion"},{"floor":39,"key":"Poison Potion"}],"is_trial":false,"path_per_floor":["M","$","?","$","M","E","R","E","T","M","M","$","?","M","R","B",null,"M","M","?","?","?","R","$","M","T","$","?","T","M","T","R","B",null,"M","?","$","?","?","R","E","M","T","M","?","R","T","M","R","B",null],"character_chosen":"DEFECT","items_purchased":["Storm","Coolheaded","Turbo","FTL","Melter","Defragment","Hologram","Blizzard","Sunder","Capacitor","Hologram"],"campfire_rested":4,"item_purchase_floors":[2,2,2,2,2,4,4,12,37,37,37],"current_hp_per_floor":[67,67,64,64,59,43,43,43,43,39,39,39,18,18,38,27,68,68,55,55,55,61,61,61,58,58,58,42,42,31,31,53,53,74,50,50,50,40,40,62,34,58,58,40,24,61,61,67,67,64],"gold":311,"neow_bonus":"TWO_FIFTY_GOLD","is_prod":false,"is_daily":false,"chose_seed":false,"campfire_upgraded":3,"win_rate":0,"timestamp":1547183705,"path_taken":["M","$","?","$","M","E","R","E","T","M","M","$","?","M","R","BOSS","M","M","?","?","?","R","$","M","T","$","?","?","M","?","R","BOSS","M","?","$","?","?","R","E","M","T","M","?","R","?","?","R","BOSS"],"build_version":"2019-01-10","purchased_purges":3,"victory":true,"max_hp_per_floor":[68,68,68,68,68,68,68,68,68,68,68,68,68,68,68,68,68,68,68,68,68,74,74,74,74,74,74,74,74,74,74,74,74,74,74,74,74,74,74,74,74,74,74,74,74,74,74,74,74,74],"card_choices":[{"not_picked":["Compile Driver","Redo"],"picked":"Leap","floor":1},{"not_picked":["Go for the Eyes","Rebound"],"picked":"Redo","floor":5},{"not_picked":["Reprogram","Steam"],"picked":"Barrage","floor":6},{"not_picked":["Steam Power","Blizzard"],"picked":"Coolheaded","floor":8},{"not_picked":["Glacier","Ball Lightning"],"picked":"Defragment","floor":10},{"not_picked":["Tempest","Undo"],"picked":"Redo","floor":11},{"not_picked":["Tempest","Gash"],"picked":"Static Discharge","floor":13},{"not_picked":["Lockon","Barrage"],"picked":"Glacier","floor":14},{"not_picked":["Multi-Cast","Buffer"],"picked":"Electrodynamics","floor":16},{"not_picked":["Beam Cell+1","Ball Lightning+1"],"picked":"Chill+1","floor":18},{"not_picked":["Sweeping Beam","Go for the Eyes+1"],"picked":"Redo+1","floor":19},{"not_picked":["Fusion+1","Leap"],"picked":"White Noise","floor":25},{"not_picked":["Go for the Eyes","Sweeping Beam"],"picked":"Streamline+1","floor":30},{"not_picked":["Fission","Hyperbeam"],"picked":"Creative AI","floor":33},{"not_picked":["Doom and Gloom"],"picked":"SKIP","floor":35},{"not_picked":[],"picked":"Good Instincts","floor":38},{"not_picked":[],"picked":"Finesse","floor":38},{"not_picked":[],"picked":"Forethought","floor":38},{"not_picked":["Compile Driver"],"picked":"SKIP","floor":41},{"not_picked":["Ball Lightning+1"],"picked":"SKIP","floor":42},{"not_picked":["Static Discharge+1"],"picked":"SKIP","floor":44},{"not_picked":[],"picked":"BootSequence+1","floor":45},{"not_picked":["Turbo"],"picked":"SKIP","floor":48}],"player_experience":420599,"relics_obtained":[{"floor":6,"key":"FossilizedHelix"},{"floor":8,"key":"Art of War"},{"floor":9,"key":"Darkstone Periapt"},{"floor":13,"key":"Odd Mushroom"},{"floor":26,"key":"Letter Opener"},{"floor":28,"key":"Nilry\u0027s Codex"},{"floor":29,"key":"Smiling Mask"},{"floor":31,"key":"Vajra"},{"floor":39,"key":"Bird Faced Urn"},{"floor":41,"key":"Regal Pillow"},{"floor":43,"key":"Emotion Chip"},{"floor":45,"key":"Unceasing Top"},{"floor":47,"key":"Orichalcum"}],"event_choices":[{"damage_healed":0,"gold_gain":0,"player_choice":"Success","damage_taken":3,"relics_obtained":["Ancient Tea Set"],"max_hp_gain":0,"max_hp_loss":0,"event_name":"Scrap Ooze","floor":3,"gold_loss":0},{"damage_healed":0,"gold_gain":0,"player_choice":"Fought Mushrooms","damage_taken":0,"max_hp_gain":0,"max_hp_loss":0,"event_name":"Mushrooms","floor":13,"gold_loss":0},{"damage_healed":0,"gold_gain":0,"player_choice":"Ignored","damage_taken":0,"max_hp_gain":0,"max_hp_loss":0,"event_name":"Ghosts","floor":20,"gold_loss":0},{"damage_healed":0,"gold_gain":0,"player_choice":"Read","damage_taken":0,"max_hp_gain":0,"max_hp_loss":0,"event_name":"The Library","floor":21,"gold_loss":0,"cards_obtained":["Double Energy"]},{"damage_healed":0,"gold_gain":0,"player_choice":"Opened","damage_taken":0,"relics_obtained":["Tiny Chest"],"max_hp_gain":0,"max_hp_loss":0,"event_name":"The Mausoleum","floor":22,"gold_loss":0,"cards_obtained":["Writhe"]},{"damage_healed":0,"gold_gain":0,"player_choice":"Obtained Book","damage_taken":16,"max_hp_gain":0,"max_hp_loss":0,"event_name":"Cursed Tome","floor":28,"gold_loss":0},{"cards_removed":["Strike_B"],"damage_healed":0,"gold_gain":0,"player_choice":"Removed Attack","damage_taken":0,"max_hp_gain":0,"max_hp_loss":0,"event_name":"Falling","floor":36,"gold_loss":0},{"damage_healed":0,"gold_gain":0,"player_choice":"Memory 3","damage_taken":10,"max_hp_gain":0,"max_hp_loss":0,"event_name":"SensoryStone","floor":38,"gold_loss":0},{"damage_healed":0,"gold_gain":0,"player_choice":"Fight","damage_taken":0,"max_hp_gain":0,"max_hp_loss":0,"event_name":"MindBloom","floor":39,"gold_loss":0},{"damage_healed":0,"gold_gain":0,"player_choice":"Fight","damage_taken":0,"max_hp_gain":0,"max_hp_loss":0,"event_name":"Mysterious Sphere","floor":45,"gold_loss":0}],"is_beta":false,"boss_relics":[{"not_picked":["White Beast Statue","Philosopher\u0027s Stone"],"picked":"Lizard Tail"},{"not_picked":["Astrolabe","Velvet Choker"],"picked":"Busted Crown"}],"items_purged_floors":[12,24,37],"is_endless":false,"potions_floor_spawned":[5,11,18,35,39,44],"ascension_level":2}