{"gold_per_floor":[214,57,77,90,40,68,68,68,68,84,9,9,26,26,26,124,124,143,155,167,167,185,185,203,221,244,262,162,172,187,220,220,321,321,333,285,140,159,174,174,190,216,239,239,253,104,119,131,131,131],"floor_reached":51,"playtime":1828,"items_purged":["Defend_R","Bash+1"],"score":1032,"play_id":"65d91f8b-128a-441e-8150-d7c205fa826b","local_time":"20190521153423","is_ascension_mode":false,"campfire_choices":[{"data":"Dropkick","floor":7.0,"key":"SMITH"},{"data":"Bash","floor":15.0,"key":"SMITH"},{"data":"Dual Wield","floor":23.0,"key":"SMITH"},{"data":"Thunderclap","floor":32.0,"key":"SMITH"},{"floor":40.0,"key":"REST"},{"floor":44.0,"key":"REST"},{"floor":49,"key":"REST"}],"neow_cost":"NONE","seed_source_timestamp":0,"circlet_count":0,"master_deck":["Dropkick+1","Rage+1","Dual Wield+1","Thunderclap+1"],"special_seed":0,"relics":["Burning Blood","Meat on the Bone","Potion Belt","Pandora\u0027s Box","PreservedInsect","WingedGreaves","Lizard Tail","Happy Flower","Mercury Hourglass","Anchor","Lantern"],"potions_floor_usage":[50,50,50],"damage_taken":[{"damage":5.0,"enemies":"2 Louse","floor":1.0,"turns":3.0},{"damage":3.0,"enemies":"Small Slimes","floor":3.0,"turns":3.0},{"damage":1.0,"enemies":"Cultist","floor":4.0,"turns":3.0},{"damage":36.0,"enemies":"Lagavulin","floor":6.0,"turns":7.0},{"damage":14.0,"enemies":"2 Fungi Beasts","floor":10.0,"turns":5.0},{"damage":19.0,"enemies":"Exordium Thugs","floor":13.0,"turns":6.0},{"damage":50.0,"enemies":"Slime Boss","floor":16.0,"turns":15.0},{"damage":7.0,"enemies":"Shell Parasite","floor":18.0,"turns":2.0},{"damage":20.0,"enemies":"Spheric Guardian","floor":19.0,"turns":5.0},{"damage":22.0,"enemies":"Snake Plant","floor":20.0,"turns":3.0},{"damage":3.0,"enemies":"3 Cultists","floor":22.0,"turns":4.0},{"damage":3.0,"enemies":"Centurion and Healer","floor":24.0,"turns":3.0},{"damage":44.0,"enemies":"Sentry and Sphere","floor":25.0,"turns":7.0},{"damage":11.0,"enemies":"Snake Plant","floor":27.0,"turns":2.0},{"damage":0.0,"enemies":"Cultist and Chosen","floor":29.0,"turns":1.0},{"damage":0.0,"enemies":"Shelled Parasite and Fungi","floor":30.0,"turns":1.0},{"damage":0.0,"enemies":"Slavers","floor":31.0,"turns":1.0},{"damage":0.0,"enemies":"Champ","floor":33.0,"turns":1.0},{"damage":0.0,"enemies":"3 Darklings","floor":35.0,"turns":1.0},{"damage":0.0,"enemies":"3 Shapes","floor":38.0,"turns":1.0},{"damage":30.0,"enemies":"Sphere and 2 Shapes","floor":39.0,"turns":5.0},{"damage":6.0,"enemies":"Writhing Mass","floor":41.0,"turns":2.0},{"damage":0.0,"enemies":"Giant Head","floor":42.0,"turns":1.0},{"damage":0.0,"enemies":"3 Darklings","floor":45.0,"turns":1.0},{"damage":0,"enemies":"Spire Growth","floor":47,"turns":1},{"damage":0,"enemies":"Maw","floor":48,"turns":1},{"damage":0,"enemies":"Time Eater","floor":50,"turns":3}],"seed_played":"-4322731908065958637","potions_obtained":[{"floor":1.0,"key":"Explosive Potion"},{"floor":6.0,"key":"Energy Potion"},{"floor":13.0,"key":"Explosive Potion"},{"floor":24.0,"key":"SteroidPotion"},{"floor":27.0,"key":"SteroidPotion"},{"floor":29.0,"key":"LiquidBronze"},{"floor":31.0,"key":"Fire Potion"},{"floor":33.0,"key":"BloodPotion"},{"floor":39.0,"key":"Ancient Potion"},{"floor":42.0,"key":"Weak Potion"}],"is_trial":false,"path_per_floor":["M","$","M","M","?","E","R","?","T","M","$","?","M","?","R","B",null,"M","M","M","?","M","R","M","M","T","M","$","M","M","E","R","B",null,"M","$","$","M","M","R","M","E","T","R","M","$","M","M","R","B",null],"character_chosen":"IRONCLAD","items_purchased":["Dropkick","Rage","Weak Potion","Happy Flower","Lantern"],"campfire_rested":3,"item_purchase_floors":[2,2,36,37,46],"current_hp_per_floor":[80,80,80,80,80,50,50,50,50,54,54,54,53,53,53,21,80,79,65,49,33,48,48,51,25,25,32,32,50,56,62,62,68,80,80,80,80,80,56,80,80,80,80,80,80,80,80,80,80,80],"gold":131,"neow_bonus":"HUNDRED_GOLD","is_prod":false,"is_daily":false,"chose_seed":true,"campfire_upgraded":4,"win_rate":0,"timestamp":1558424063,"path_taken":["M","$","M","M","?","E","R","?","T","M","$","?","?","?","R","BOSS","M","M","M","?","M","R","M","M","T","M","$","M","M","E","R","BOSS","M","$","$","M","M","R","M","E","T","R","M","$","M","M","R","BOSS"],"build_version":"2019-01-23","purchased_purges":2,"victory":true,"max_hp_per_floor":[80,80,80,80,80,80,80,80,80,80,80,80,80,80,80,80,80,80,80,80,80,80,80,80,80,80,80,80,80,80,80,80,80,80,80,80,80,80,80,80,80,80,80,80,80,80,80,80,80,80],"card_choices":[{"not_picked":["Evolve","True Grit","Heavy Blade"],"picked":"SKIP","floor":1.0},{"not_picked":["Disarm","Iron Wave","Carnage"],"picked":"SKIP","floor":3.0},{"not_picked":["Pommel Strike","Clash","Iron Wave"],"picked":"SKIP","floor":4.0},{"not_picked":["Immolate","Sword Boomerang","Twin Strike"],"picked":"SKIP","floor":6.0},{"not_picked":["Flex","Dropkick"],"picked":"Dual Wield","floor":10.0},{"not_picked":["Headbutt","Armaments","Sword Boomerang"],"picked":"SKIP","floor":13.0},{"not_picked":["Uppercut","Whirlwind","Twin Strike+1"],"picked":"SKIP","floor":18.0},{"not_picked":["Power Through","Warcry","Feel No Pain"],"picked":"SKIP","floor":19.0},{"not_picked":["Blood for Blood","Anger","Searing Blow"],"picked":"SKIP","floor":20.0},{"not_picked":["Anger+1","Twin Strike","Entrench"],"picked":"SKIP","floor":22.0},{"not_picked":["Shrug It Off","Uppercut","Pommel Strike+1"],"picked":"SKIP","floor":24.0},{"not_picked":["Anger","Flame Barrier","Flex+1"],"picked":"SKIP","floor":25.0},{"not_picked":["Anger","Wild Strike"],"picked":"Thunderclap","floor":27.0},{"not_picked":["Metallicize","Uppercut","Wild Strike"],"picked":"SKIP","floor":29.0},{"not_picked":["Wild Strike","Pommel Strike","Bludgeon"],"picked":"SKIP","floor":30.0},{"not_picked":["Wild Strike","Shrug It Off","Thunderclap+1"],"picked":"SKIP","floor":31.0},{"not_picked":["Thunderclap+1","Flex+1","Whirlwind+1"],"picked":"SKIP","floor":35.0},{"not_picked":["Pommel Strike+1","Havoc+1","Intimidate+1"],"picked":"SKIP","floor":38.0},{"not_picked":["Feel No Pain+1","Armaments","Inflame"],"picked":"SKIP","floor":39.0},{"not_picked":["Metallicize+1","Sentinel+1","Heavy Blade+1"],"picked":"SKIP","floor":41.0},{"not_picked":["Cleave","Perfected Strike","Body Slam"],"picked":"SKIP","floor":42.0},{"not_picked":["Flex+1","Shrug It Off+1","Cleave+1"],"picked":"SKIP","floor":45},{"not_picked":["Heavy Blade+1","Twin Strike+1","Thunderclap+1"],"picked":"SKIP","floor":47},{"not_picked":["Headbutt+1","Pommel Strike","Barricade"],"picked":"SKIP","floor":48}],"player_experience":922337,"relics_obtained":[{"floor":6.0,"key":"Meat on the Bone"},{"floor":9.0,"key":"Potion Belt"},{"floor":26.0,"key":"PreservedInsect"},{"floor":31.0,"key":"WingedGreaves"},{"floor":42.0,"key":"Mercury Hourglass"},{"floor":43.0,"key":"Anchor"}],"event_choices":[{"cards_removed":["Strike_R"],"damage_healed":0.0,"max_hp_gain":0.0,"max_hp_loss":0.0,"gold_gain":0.0,"event_name":"The Cleric","player_choice":"Card Removal","floor":5.0,"gold_loss":50.0,"damage_taken":0.0},{"cards_removed":["Strike_R"],"damage_healed":0.0,"max_hp_gain":0.0,"max_hp_loss":0.0,"gold_gain":0.0,"event_name":"Living Wall","player_choice":"Forget","floor":8.0,"gold_loss":0.0,"damage_taken":0.0},{"damage_healed":0.0,"max_hp_gain":0.0,"max_hp_loss":0.0,"gold_gain":0.0,"event_name":"NoteForYourself","player_choice":"Ignored","floor":12.0,"gold_loss":0.0,"damage_taken":0.0},{"damage_healed":0.0,"max_hp_gain":0.0,"max_hp_loss":0.0,"gold_gain":0.0,"event_name":"Accursed Blacksmith","player_choice":"Forge","floor":14.0,"gold_loss":0.0,"damage_taken":0.0,"cards_upgraded":["Rage"]},{"damage_healed":0.0,"max_hp_gain":0.0,"max_hp_loss":0.0,"gold_gain":0.0,"event_name":"Knowing Skull","player_choice":"POTION ","floor":21.0,"potions_obtained":["AttackPotion"],"gold_loss":0.0,"damage_taken":16.0,"cards_obtained":[]}],"is_beta":false,"boss_relics":[{"not_picked":["Ectoplasm","White Beast Statue"],"picked":"Pandora\u0027s Box"},{"not_picked":["Calling Bell","Tiny House"],"picked":"Lizard Tail"}],"items_purged_floors":[11,28],"is_endless":false,"potions_floor_spawned":[1,6,13,24,27,29,31,33,39,42,45,47,48],"ascension_level":0}