{"gold_per_floor":[115,85,105,120,120,147,147,174,197,139,139,156,156,209,209,282,282,260,260,277,291,301,301,216,228,266,278,301,324,22,22],"floor_reached":31,"playtime":1567,"items_purged":["Strike_R"],"score":561,"play_id":"0d4c1c99-97a0-4615-9f39-c866ec4fe63d","local_time":"20190307115355","is_ascension_mode":true,"campfire_choices":[{"floor":7.0,"key":"REST"},{"data":"True Grit","floor":11.0,"key":"SMITH"},{"floor":15.0,"key":"REST"},{"floor":23.0,"key":"REST"},{"floor":25.0,"key":"REST"}],"neow_cost":"PERCENT_DAMAGE","seed_source_timestamp":82544793551932,"circlet_count":0,"master_deck":["AscendersBane","Strike_R","Strike_R+1","Strike_R","Defend_R","Defend_R","Defend_R","Defend_R","Bash+1","Barricade","Twin Strike","Disarm","Feel No Pain","Bludgeon","True Grit","Pummel","True Grit+1","Armaments","Armaments","Impervious","Feel No Pain","Swift Strike","Whirlwind","Entrench","Iron Wave","Armaments","Body Slam","Offering","Headbutt","Sentinel"],"special_seed":0,"relics":["Burning Blood","Dream Catcher","Bronze Scales","Regal Pillow","Tiny Chest","Sozu","MawBank","Whetstone","PreservedInsect"],"potions_floor_usage":[],"damage_taken":[{"damage":16.0,"enemies":"Jaw Worm","floor":1.0,"turns":4.0},{"damage":7.0,"enemies":"Cultist","floor":3.0,"turns":4.0},{"damage":8.0,"enemies":"Small Slimes","floor":4.0,"turns":3.0},{"damage":18.0,"enemies":"3 Sentries","floor":6.0,"turns":11.0},{"damage":9.0,"enemies":"Lagavulin","floor":8.0,"turns":8.0},{"damage":26.0,"enemies":"Exordium Thugs","floor":12.0,"turns":5.0},{"damage":0.0,"enemies":"The Guardian","floor":16.0,"turns":15.0},{"damage":20.0,"enemies":"2 Thieves","floor":18.0,"turns":4.0},{"damage":1.0,"enemies":"Chosen","floor":20.0,"turns":8.0},{"damage":42.0,"enemies":"3 Cultists","floor":21.0,"turns":6.0},{"damage":17.0,"enemies":"Snecko","floor":22.0,"turns":6.0},{"damage":46,"enemies":"Centurion and Healer","floor":28,"turns":11},{"damage":37,"enemies":"Sentry and Sphere","floor":29,"turns":6},{"damage":10,"enemies":"Slavers","floor":31,"turns":2}],"seed_played":"1237129690427731153","potions_obtained":[{"floor":2.0,"key":"Fruit Juice"},{"floor":2.0,"key":"EntropicBrew"},{"floor":3.0,"key":"PowerPotion"},{"floor":4.0,"key":"AttackPotion"},{"floor":8.0,"key":"Poison Potion"},{"floor":12.0,"key":"AttackPotion"}],"is_trial":false,"path_per_floor":["M","?","M","M","?","E","R","E","T","$","R","M","$","T","R","B",null,"M","?","M","M","M","R","?","R","T","?","M","M","$","E"],"character_chosen":"IRONCLAD","items_purchased":["True Grit","PreservedInsect","Sentinel"],"campfire_rested":4,"item_purchase_floors":[10,30,30],"current_hp_per_floor":[40,45,44,42,42,30,54,51,51,51,51,31,31,31,70,76,79,65,49,54,18,7,46,46,80,80,80,40,9,9,0],"gold":22,"neow_bonus":"THREE_RARE_CARDS","is_prod":false,"is_daily":false,"chose_seed":false,"campfire_upgraded":1,"win_rate":0,"timestamp":1551920035,"path_taken":["M","?","M","?","?","E","R","E","T","?","R","?","$","?","R","BOSS","M","?","?","?","M","R","?","R","T","?","M","?","$","E"],"build_version":"2019-01-23","purchased_purges":1,"victory":false,"max_hp_per_floor":[75,80,80,80,80,80,80,80,80,80,80,80,80,80,80,80,80,80,80,80,80,80,80,80,80,80,80,80,80,80,80],"card_choices":[{"not_picked":["Limit Break","Offering"],"picked":"Barricade","floor":0.0},{"not_picked":["Sword Boomerang","Carnage"],"picked":"Twin Strike","floor":1.0},{"not_picked":["Rage","Burning Pact"],"picked":"Disarm","floor":3.0},{"not_picked":["Perfected Strike","Iron Wave"],"picked":"Feel No Pain","floor":4.0},{"not_picked":["Clash","Headbutt"],"picked":"True Grit","floor":6.0},{"not_picked":["Sword Boomerang","Spot Weakness"],"picked":"Pummel","floor":8.0},{"not_picked":["Offering","Pommel Strike"],"picked":"Armaments","floor":12.0},{"not_picked":["Fire Breathing","Second Wind"],"picked":"Armaments","floor":15.0},{"not_picked":["Immolate","Juggernaut"],"picked":"Impervious","floor":16.0},{"not_picked":["Headbutt","Shrug It Off"],"picked":"Feel No Pain","floor":18.0},{"not_picked":["Thunderclap+1","Wild Strike"],"picked":"Whirlwind","floor":20.0},{"not_picked":["Havoc+1","Thunderclap"],"picked":"Entrench","floor":21.0},{"not_picked":["Sword Boomerang","Evolve"],"picked":"Iron Wave","floor":22.0},{"not_picked":["Headbutt","Pommel Strike"],"picked":"Armaments","floor":23.0},{"not_picked":["Armaments","Flex"],"picked":"Body Slam","floor":25.0},{"not_picked":["Heavy Blade","Warcry"],"picked":"Offering","floor":28},{"not_picked":["Second Wind","Hemokinesis"],"picked":"Headbutt","floor":29}],"player_experience":820565,"relics_obtained":[{"floor":6.0,"key":"Dream Catcher"},{"floor":8.0,"key":"Bronze Scales"},{"floor":9.0,"key":"Regal Pillow"},{"floor":14.0,"key":"Tiny Chest"},{"floor":26.0,"key":"Whetstone"}],"event_choices":[{"damage_healed":0.0,"max_hp_gain":0.0,"max_hp_loss":0.0,"gold_gain":0.0,"event_name":"The Woman in Blue","player_choice":"Bought 2 Potions","floor":2.0,"gold_loss":0.0,"damage_taken":0.0},{"damage_healed":0.0,"max_hp_gain":0.0,"max_hp_loss":0.0,"gold_gain":0.0,"cards_transformed":["Strike_R"],"event_name":"Transmorgrifier","player_choice":"Transformed","floor":5.0,"gold_loss":0.0,"damage_taken":0.0,"cards_obtained":["Bludgeon"]},{"damage_healed":0.0,"max_hp_gain":0.0,"max_hp_loss":0.0,"gold_gain":0.0,"event_name":"Knowing Skull","player_choice":"CARD ","floor":19.0,"potions_obtained":[],"gold_loss":0.0,"damage_taken":16.0,"cards_obtained":["Swift Strike"]},{"damage_healed":0.0,"max_hp_gain":0.0,"max_hp_loss":0.0,"gold_gain":0.0,"event_name":"Addict","player_choice":"Obtained Relic","floor":24.0,"gold_loss":85.0,"damage_taken":0.0,"relics_obtained":["MawBank"]},{"damage_healed":0.0,"max_hp_gain":0.0,"max_hp_loss":0.0,"gold_gain":0.0,"event_name":"Lab","player_choice":"Got Potions","floor":27.0,"gold_loss":0.0,"damage_taken":0.0}],"is_beta":false,"boss_relics":[{"not_picked":["Velvet Choker","Runic Dome"],"picked":"Sozu"}],"items_purged_floors":[30],"is_endless":false,"potions_floor_spawned":[3,4,8,12,21,28,29],"killed_by":"Slavers","ascension_level":18}