{"gold_per_floor":[159,176,255,271,271,336,336,261,261,294,294],"floor_reached":11,"playtime":475,"items_purged":["Strike_G"],"score":146,"play_id":"813dfb70-3937-4c0a-ae56-d24f27c004e5","local_time":"20190712172525","is_ascension_mode":true,"campfire_choices":[{"data":"Skewer","floor":7,"key":"SMITH"}],"neow_cost":"NONE","seed_source_timestamp":103075583474465,"circlet_count":0,"master_deck":["AscendersBane","Strike_G","Strike_G","Strike_G+1","Strike_G","Defend_G","Defend_G","Defend_G","Defend_G","Defend_G","Survivor","Neutralize","Footwork","Acrobatics","Skewer+1"],"special_seed":0,"relics":["Tiny House","Matryoshka","SsserpentHead","Pen Nib","Omamori","Darkstone Periapt"],"potions_floor_usage":[6],"damage_taken":[{"damage":1.0,"enemies":"Cultist","floor":1.0,"turns":6.0},{"damage":0.0,"enemies":"Small Slimes","floor":2.0,"turns":5.0},{"damage":4.0,"enemies":"Jaw Worm","floor":4.0,"turns":5.0},{"damage":3,"enemies":"Looter","floor":6,"turns":2},{"damage":55,"enemies":"Lagavulin","floor":10,"turns":9},{"damage":0,"enemies":"Red Slaver","floor":11,"turns":1}],"seed_played":"-3641518102018515605","potions_obtained":[{"floor":0.0,"key":"Dexterity Potion"},{"floor":1.0,"key":"Dexterity Potion"},{"floor":2.0,"key":"Strength Potion"}],"is_trial":false,"path_per_floor":["M","M","T","M","?","M","R","$","T","E","M"],"character_chosen":"THE_SILENT","items_purchased":[],"campfire_rested":0,"item_purchase_floors":[],"current_hp_per_floor":[63,63,63,59,59,56,56,56,56,1,1],"gold":294,"neow_bonus":"BOSS_RELIC","is_prod":false,"is_daily":false,"chose_seed":false,"campfire_upgraded":1,"win_rate":0,"timestamp":1562923525,"path_taken":["M","M","?","M","?","?","R","$","T","E","M"],"build_version":"2019-07-05","purchased_purges":1,"victory":false,"max_hp_per_floor":[71,71,71,71,71,71,71,71,71,71,71],"card_choices":[{"not_picked":["Slice","Accuracy"],"picked":"Footwork","floor":0.0},{"not_picked":["Prepared","Bane"],"picked":"Acrobatics","floor":1.0},{"not_picked":["Underhanded Strike","Blade Dance","Sucker Punch"],"picked":"SKIP","floor":2.0},{"not_picked":["Backflip","Deflect"],"picked":"Skewer","floor":4.0},{"not_picked":["Wraith Form v2","Setup","Flying Knee"],"picked":"SKIP","floor":6},{"not_picked":["Acrobatics","Eviscerate","Flying Knee"],"picked":"SKIP","floor":10}],"player_experience":1109918,"relics_obtained":[{"floor":3.0,"key":"Matryoshka"},{"floor":9,"key":"Pen Nib"},{"floor":9,"key":"Omamori"},{"floor":10,"key":"Darkstone Periapt"}],"event_choices":[{"damage_healed":0.0,"max_hp_gain":0.0,"max_hp_loss":0.0,"gold_gain":0.0,"event_name":"FaceTrader","player_choice":"Trade","floor":5.0,"gold_loss":0.0,"damage_taken":0.0,"relics_obtained":["SsserpentHead"]}],"is_beta":false,"boss_relics":[],"items_purged_floors":[8],"is_endless":false,"potions_floor_spawned":[1,2],"killed_by":"Red Slaver","ascension_level":20}