{"gold_per_floor":[118,19,194,23,23,23,56,96,123,123,139,69,69,102,102,233,296,317,61,76,4,28,28,67,67,67,108,108,122,122,122,122,219,219,230,230,230,23,41,52,52,70,121,138,138,158,158,183,183,183],"floor_reached":50,"playtime":2864,"items_purged":["Regret","Doubt","Pain"],"score":564,"play_id":"f5af9d47-6634-4ca3-8b3d-7c3525dc882e","local_time":"20181231171638","is_ascension_mode":false,"campfire_choices":[{"data":"Chill","floor":6,"key":"SMITH"},{"data":"Defragment","floor":10,"key":"SMITH"},{"floor":13,"key":"REST"},{"floor":15,"key":"REST"},{"data":"Sunder","floor":23,"key":"SMITH"},{"data":"Sunder","floor":25,"key":"SMITH"},{"floor":30,"key":"REST"},{"floor":32,"key":"REST"},{"data":"Defragment","floor":41,"key":"SMITH"},{"floor":47,"key":"REST"},{"floor":49,"key":"REST"}],"neow_cost":"CURSE","seed_source_timestamp":95686589288392,"circlet_count":0,"master_deck":["Defend_B","Defend_B","Zap","Dualcast","Stack","White Noise","Chill+1","Conserve Battery","Go for the Eyes","Defragment+1","Go for the Eyes","Heatsinks","Reinforced Body","Conserve Battery","All For One","Conserve Battery","Cold Snap+1","Sunder+1","Melter","Redo+1","Lockon","Hologram","Sunder+1","Beam Cell+1","Defragment+1","All For One","Gash","Strike_B","Force Field","Streamline+1","Streamline","Steam+1","Parasite","Turbo+1","White Noise+1","Leap+1"],"relics":["Cracked Core","Bag of Marbles","Bloody Idol","Odd Mushroom","Orichalcum","Art of War","Pen Nib","Tiny House","Kunai","Gremlin Horn","Juzu Bracelet","Empty Cage","WarpedTongs","Pantograph","Darkstone Periapt"],"potions_floor_usage":[20,24,27,29,42,48,48,50],"damage_taken":[{"damage":7,"enemies":"2 Louse","floor":1,"turns":3},{"damage":5,"enemies":"The Mushroom Lair","floor":7,"turns":5},{"damage":2,"enemies":"3 Sentries","floor":8,"turns":5},{"damage":0,"enemies":"Jaw Worm","floor":11,"turns":4},{"damage":18,"enemies":"Lagavulin","floor":14,"turns":7},{"damage":49,"enemies":"Slime Boss","floor":16,"turns":16},{"damage":2,"enemies":"Spheric Guardian","floor":18,"turns":4},{"damage":9,"enemies":"2 Thieves","floor":20,"turns":5},{"damage":13,"enemies":"Snake Plant","floor":22,"turns":3},{"damage":3,"enemies":"Book of Stabbing","floor":24,"turns":6},{"damage":24,"enemies":"Slavers","floor":27,"turns":4},{"damage":2,"enemies":"Centurion and Healer","floor":29,"turns":5},{"damage":28,"enemies":"Collector","floor":33,"turns":15},{"damage":0,"enemies":"Orb Walker","floor":35,"turns":4},{"damage":0,"enemies":"3 Shapes","floor":39,"turns":3},{"damage":9,"enemies":"Sphere and 2 Shapes","floor":40,"turns":4},{"damage":5,"enemies":"4 Shapes","floor":42,"turns":5},{"damage":30,"enemies":"Writhing Mass","floor":44,"turns":6},{"damage":28,"enemies":"Maw","floor":46,"turns":9},{"damage":50,"enemies":"Reptomancer","floor":48,"turns":9},{"damage":65,"enemies":"Time Eater","floor":50,"turns":10}],"seed_played":"-6486857077350420198","potions_obtained":[{"floor":8,"key":"Strength Potion"},{"floor":11,"key":"SteroidPotion"},{"floor":16,"key":"Weak Potion"},{"floor":17,"key":"Poison Potion"},{"floor":24,"key":"LiquidBronze"},{"floor":29,"key":"Dexterity Potion"},{"floor":33,"key":"Swift Potion"},{"floor":44,"key":"SteroidPotion"},{"floor":46,"key":"SpeedPotion"}],"is_trial":false,"path_per_floor":["M","$","?","$","?","R","?","E","T","R","M","$","R","E","R","B",null,"M","$","M","$","M","R","E","R","T","E","?","M","R","?","R","B",null,"M","?","?","$","M","M","R","M","T","M","T","M","R","E","R","B"],"character_chosen":"DEFECT","items_purchased":["Conserve Battery","Bag of Marbles","Go for the Eyes","Reinforced Body","Sunder","Melter","Lockon","Force Field"],"campfire_rested":6,"item_purchase_floors":[2,4,4,12,19,19,21,38],"current_hp_per_floor":[68,68,68,68,50,50,45,43,43,43,43,43,65,47,69,20,80,78,78,69,69,56,56,53,53,53,29,29,27,51,51,75,52,80,80,80,80,80,80,76,76,76,80,55,55,32,56,11,35,0],"gold":183,"neow_bonus":"TRANSFORM_TWO_CARDS","is_prod":false,"is_daily":false,"chose_seed":false,"campfire_upgraded":5,"win_rate":0,"timestamp":1546236998,"path_taken":["M","$","?","$","?","R","?","E","T","R","M","?","R","E","R","BOSS","M","$","M","$","M","R","E","R","T","E","?","M","R","?","R","BOSS","M","?","?","$","M","M","R","M","T","M","?","M","R","E","R","BOSS"],"build_version":"2018-12-20","purchased_purges":3,"victory":false,"max_hp_per_floor":[75,75,75,75,75,75,75,75,75,75,75,75,75,75,75,75,80,80,80,80,80,80,80,80,80,80,80,80,80,80,80,80,80,80,80,80,80,80,80,80,80,80,80,80,80,80,80,80,80,80],"card_choices":[{"not_picked":["Double Energy","Hologram"],"picked":"Chill","floor":1},{"not_picked":["Hologram","Gash"],"picked":"Defragment","floor":7},{"not_picked":["Chaos","BootSequence"],"picked":"Go for the Eyes","floor":8},{"not_picked":["Sweeping Beam","Steam Power"],"picked":"Heatsinks","floor":11},{"not_picked":["Darkness","Stack"],"picked":"Conserve Battery","floor":14},{"not_picked":["Electrodynamics","Machine Learning"],"picked":"All For One","floor":16},{"not_picked":["Scrape","Steam"],"picked":"Conserve Battery","floor":17},{"not_picked":["Heatsinks","Turbo+1"],"picked":"Cold Snap+1","floor":18},{"not_picked":["Darkness","Compile Driver"],"picked":"Redo+1","floor":20},{"not_picked":["Turbo","BootSequence+1"],"picked":"Hologram","floor":22},{"not_picked":["Conserve Battery+1","Turbo+1"],"picked":"Sunder","floor":24},{"not_picked":["Steam","Sweeping Beam"],"picked":"Beam Cell+1","floor":27},{"not_picked":["Barrage","Turbo"],"picked":"Defragment","floor":29},{"not_picked":["Machine Learning","Amplify"],"picked":"All For One","floor":33},{"not_picked":["BootSequence+1","Steam"],"picked":"Gash","floor":35},{"not_picked":["Rip and Tear+1","Coolheaded+1"],"picked":"Streamline+1","floor":39},{"not_picked":["Coolheaded","Compile Driver"],"picked":"Streamline","floor":40},{"not_picked":["Coolheaded","Barrage+1"],"picked":"Steam+1","floor":42},{"not_picked":["Beam Cell+1","Fusion+1"],"picked":"Turbo+1","floor":44},{"not_picked":["Storm+1","Steam"],"picked":"White Noise+1","floor":46},{"not_picked":["Fission","Coolheaded"],"picked":"Leap+1","floor":48}],"player_experience":368204,"relics_obtained":[{"floor":7,"key":"Odd Mushroom"},{"floor":8,"key":"Orichalcum"},{"floor":9,"key":"Art of War"},{"floor":14,"key":"Pen Nib"},{"floor":24,"key":"Kunai"},{"floor":26,"key":"Gremlin Horn"},{"floor":27,"key":"Juzu Bracelet"},{"floor":45,"key":"Pantograph"},{"floor":48,"key":"Darkstone Periapt"}],"event_choices":[{"damage_healed":0,"gold_gain":175,"player_choice":"AGREE","damage_taken":0,"max_hp_gain":0,"max_hp_loss":0,"event_name":"Liars Game","floor":3,"gold_loss":0,"cards_obtained":["Doubt"]},{"damage_healed":0,"gold_gain":0,"player_choice":"Take Damage","damage_taken":18,"relics_obtained":["Golden Idol"],"max_hp_gain":0,"max_hp_loss":0,"event_name":"Golden Idol","floor":5,"gold_loss":0},{"damage_healed":0,"gold_gain":0,"player_choice":"Fought Mushrooms","damage_taken":0,"max_hp_gain":0,"max_hp_loss":0,"event_name":"Mushrooms","floor":7,"gold_loss":0},{"cards_removed":["Strike_B"],"damage_healed":0,"gold_gain":0,"player_choice":"Elegance","damage_taken":0,"max_hp_gain":0,"max_hp_loss":0,"event_name":"Back to Basics","floor":28,"gold_loss":0},{"damage_healed":0,"gold_gain":0,"player_choice":"Gave Idol","damage_taken":0,"relics_obtained":["Bloody Idol"],"max_hp_gain":0,"max_hp_loss":0,"event_name":"Forgotten Altar","floor":31,"relics_lost":["Golden Idol"],"gold_loss":0},{"cards_removed":["Strike_B"],"damage_healed":0,"gold_gain":0,"player_choice":"Took Card","damage_taken":0,"max_hp_gain":0,"max_hp_loss":0,"event_name":"NoteForYourself","floor":36,"gold_loss":0,"cards_obtained":["Strike_B"]},{"damage_healed":0,"gold_gain":0,"player_choice":"Rummage","damage_taken":0,"relics_obtained":["WarpedTongs"],"max_hp_gain":0,"max_hp_loss":0,"event_name":"Accursed Blacksmith","floor":37,"gold_loss":0,"cards_obtained":["Pain"]}],"is_beta":false,"boss_relics":[{"not_picked":["Lizard Tail","Velvet Choker"],"picked":"Tiny House"},{"not_picked":["Sozu","Fusion Hammer"],"picked":"Empty Cage"}],"items_purged_floors":[2,19,38],"is_endless":false,"potions_floor_spawned":[8,11,16,24,29,33,44,46],"killed_by":"Time Eater","ascension_level":0}