{"gold_per_floor":[213,213,213,15,30,30,61,61,84,119,201,8,23,47,47,171,171,185,178,193,56,56,56,91,91,91,91,115,151,174,23,23,151,151,171,189,189],"floor_reached":37,"playtime":2982,"items_purged":["Strike_R","Strike_R","Strike_R"],"score":505,"play_id":"71f84909-09c4-44f2-9ef1-c802b47174d8","local_time":"20190116142957","is_ascension_mode":true,"campfire_choices":[{"floor":6,"key":"REST"},{"floor":8,"key":"REST"},{"floor":15,"key":"REST"},{"data":"True Grit","floor":23,"key":"SMITH"},{"floor":25,"key":"REST"},{"floor":27,"key":"REST"},{"data":"Armaments","floor":32,"key":"SMITH"}],"neow_cost":"NONE","seed_source_timestamp":739966265694749,"circlet_count":0,"master_deck":["Strike_R","Defend_R","Defend_R","Defend_R","Defend_R","Bash","Body Slam","True Grit+1","Rage","Thunderclap","Reckless Charge","Inflame","Reckless Charge","Shrug It Off+1","Demon Form","Power Through+1","Impervious","Pommel Strike","Pummel","Anger","Reaper","Clothesline+1","Corruption","Flame Barrier","Disarm","Infernal Blade+1","Armaments+1","Cleave","Body Slam","Infernal Blade","Fiend Fire","Warcry","Limit Break","Entrench+1","Heavy Blade","Uppercut+1","Second Wind"],"relics":["Black Blood","Golden Idol","Dodecahedron","Lantern","Pear","Potion Belt","Prayer Wheel","Pantograph","War Paint","Question Card","Anchor","Mark of Pain"],"potions_floor_usage":[10,19,19,30,36,36,37],"damage_taken":[{"damage":4,"enemies":"Jaw Worm","floor":1,"turns":4},{"damage":8,"enemies":"2 Louse","floor":5,"turns":3},{"damage":55,"enemies":"3 Sentries","floor":7,"turns":13},{"damage":32,"enemies":"Gremlin Nob","floor":10,"turns":5},{"damage":1,"enemies":"Cultist","floor":13,"turns":3},{"damage":7,"enemies":"Exordium Thugs","floor":14,"turns":3},{"damage":45,"enemies":"Hexaghost","floor":16,"turns":8},{"damage":36,"enemies":"Spheric Guardian","floor":18,"turns":8},{"damage":13,"enemies":"2 Thieves","floor":19,"turns":4},{"damage":32,"enemies":"Centurion and Healer","floor":20,"turns":11},{"damage":64,"enemies":"Slavers","floor":24,"turns":11},{"damage":23,"enemies":"3 Cultists","floor":28,"turns":5},{"damage":73,"enemies":"Gremlin Leader","floor":29,"turns":7},{"damage":4,"enemies":"Shelled Parasite and Fungi","floor":30,"turns":4},{"damage":87,"enemies":"Champ","floor":33,"turns":14},{"damage":66,"enemies":"3 Darklings","floor":35,"turns":8},{"damage":39,"enemies":"3 Shapes","floor":36,"turns":9},{"damage":45,"enemies":"Spire Growth","floor":37,"turns":4}],"seed_played":"-5585891476427272229","potions_obtained":[{"floor":7,"key":"FearPotion"},{"floor":14,"key":"Strength Potion"},{"floor":16,"key":"EssenceOfSteel"},{"floor":18,"key":"Regen Potion"},{"floor":19,"key":"Ancient Potion"},{"floor":24,"key":"Regen Potion"},{"floor":33,"key":"EssenceOfSteel"},{"floor":36,"key":"Energy Potion"}],"is_trial":false,"path_per_floor":["M","?","?","$","M","R","E","R","T","E","T","$","M","M","R","B",null,"M","M","M","$","?","R","E","R","T","R","M","E","M","$","R","B",null,"M","M","M"],"character_chosen":"IRONCLAD","items_purchased":["Lantern","Body Slam","Reckless Charge","Inflame","Flame Barrier","Warcry"],"campfire_rested":5,"item_purchase_floors":[4,4,12,12,21,31],"current_hp_per_floor":[80,60,48,48,46,70,31,58,58,32,32,32,37,36,63,49,90,64,75,71,71,71,71,26,53,53,80,81,48,66,66,66,13,90,34,39,0],"gold":189,"neow_bonus":"HUNDRED_GOLD","is_prod":false,"is_daily":false,"chose_seed":false,"campfire_upgraded":2,"win_rate":0,"timestamp":1547609397,"path_taken":["M","?","?","$","?","R","E","R","T","E","?","?","M","M","R","BOSS","M","M","?","$","?","R","E","R","T","R","M","E","M","$","R","BOSS","M","M","?"],"build_version":"2019-01-10","purchased_purges":3,"victory":false,"max_hp_per_floor":[80,80,80,80,80,80,90,90,90,90,90,90,90,90,90,90,90,90,90,90,90,90,90,90,90,90,90,90,90,90,90,90,90,90,90,90,90],"card_choices":[{"not_picked":["Havoc","Perfected Strike","Evolve"],"picked":"SKIP","floor":1},{"not_picked":["Havoc","Seeing Red"],"picked":"True Grit","floor":5},{"not_picked":["Clash","True Grit"],"picked":"Rage","floor":7},{"not_picked":["Twin Strike","Havoc"],"picked":"Thunderclap","floor":10},{"not_picked":["Fire Breathing","Thunderclap"],"picked":"Reckless Charge","floor":13},{"not_picked":["Inflame","Searing Blow"],"picked":"Shrug It Off","floor":13},{"not_picked":["Pummel","Thunderclap"],"picked":"Demon Form","floor":14},{"not_picked":["Flex","Inflame"],"picked":"Power Through","floor":14},{"not_picked":["Demon Form","Dark Embrace"],"picked":"Impervious","floor":16},{"not_picked":["Rage","Perfected Strike"],"picked":"Pommel Strike","floor":18},{"not_picked":["Clash","Sword Boomerang"],"picked":"Pummel","floor":18},{"not_picked":["Warcry","Body Slam+1"],"picked":"Anger","floor":19},{"not_picked":["Headbutt+1","Sword Boomerang"],"picked":"Reaper","floor":19},{"not_picked":["Dropkick","Havoc+1"],"picked":"Clothesline+1","floor":20},{"not_picked":["Clash","Ghostly Armor"],"picked":"Corruption","floor":20},{"not_picked":["Fire Breathing","Feel No Pain"],"picked":"Infernal Blade+1","floor":24},{"not_picked":["Body Slam","Evolve","Pummel"],"picked":"Armaments","floor":28},{"not_picked":["Sword Boomerang","Blood for Blood+1","Seeing Red"],"picked":"Cleave","floor":28},{"not_picked":["Rupture+1","Wild Strike","Inflame"],"picked":"Body Slam","floor":29},{"not_picked":["Corruption+1","Spot Weakness","Pommel Strike"],"picked":"Infernal Blade","floor":30},{"not_picked":["Headbutt","Pommel Strike","Flex"],"picked":"Fiend Fire","floor":30},{"not_picked":["Bludgeon","Demon Form","Berserk"],"picked":"Limit Break","floor":33},{"not_picked":["Iron Wave+1","Body Slam","Sword Boomerang"],"picked":"Entrench+1","floor":35},{"not_picked":["True Grit","Hemokinesis","Cleave+1"],"picked":"Heavy Blade","floor":35},{"not_picked":["Entrench","Rupture+1","Wild Strike+1"],"picked":"Uppercut+1","floor":36},{"not_picked":["Pommel Strike","Carnage+1","Clothesline+1"],"picked":"Second Wind","floor":36}],"player_experience":446805,"relics_obtained":[{"floor":7,"key":"Pear"},{"floor":9,"key":"Potion Belt"},{"floor":10,"key":"Prayer Wheel"},{"floor":11,"key":"Pantograph"},{"floor":24,"key":"War Paint"},{"floor":26,"key":"Question Card"},{"floor":29,"key":"Anchor"}],"event_choices":[{"damage_healed":0,"gold_gain":0,"player_choice":"Take Damage","damage_taken":20,"relics_obtained":["Golden Idol"],"max_hp_gain":0,"max_hp_loss":0,"event_name":"Golden Idol","floor":2,"gold_loss":0},{"damage_healed":0,"gold_gain":0,"player_choice":"Success","damage_taken":12,"relics_obtained":["Dodecahedron"],"max_hp_gain":0,"max_hp_loss":0,"event_name":"Scrap Ooze","floor":3,"gold_loss":0},{"damage_healed":0,"gold_gain":0,"cards_transformed":["Strike_R"],"player_choice":"Transformed","damage_taken":0,"max_hp_gain":0,"max_hp_loss":0,"event_name":"Transmorgrifier","floor":22,"gold_loss":0,"cards_obtained":["Disarm"]}],"is_beta":false,"boss_relics":[{"not_picked":["Runic Cube","Fusion Hammer"],"picked":"Black Blood"},{"not_picked":["White Beast Statue","Runic Dome"],"picked":"Mark of Pain"}],"items_purged_floors":[12,21,31],"is_endless":false,"potions_floor_spawned":[7,14,16,18,19,24,33,36],"killed_by":"Spire Growth","ascension_level":3}