{"gold_per_floor":[20,39,49,149,164,164,178,178,178,198,223,233,233,268,268,364,364,380,380,395,494,494,494,510,520,520,545,281,21,350,350,350,455,455,475,273,290,290,91,91,91,91,138,138,170,170,170,170,170,170],"floor_reached":51,"playtime":2907,"items_purged":["Strike_B","Defend_B","Defend_B"],"score":933,"play_id":"17a50209-518b-4f6f-a263-9b55e109d35f","local_time":"20190802080408","is_ascension_mode":true,"campfire_choices":[{"data":"Zap","floor":6.0,"key":"SMITH"},{"data":"Dualcast","floor":8.0,"key":"SMITH"},{"data":"Defragment","floor":15.0,"key":"SMITH"},{"data":"Redo","floor":23.0,"key":"SMITH"},{"data":"Thunder Strike","floor":32,"key":"SMITH"},{"data":"Defragment","floor":40,"key":"SMITH"},{"data":"Loop","floor":41,"key":"SMITH"},{"data":"Biased Cognition","floor":42,"key":"SMITH"},{"data":"Lockon","floor":44,"key":"SMITH"},{"data":"Rainbow","floor":49,"key":"SMITH"}],"neow_cost":"NO_GOLD","seed_source_timestamp":1938039300628900,"circlet_count":0,"master_deck":["Zap+1","Dualcast+1","Go for the Eyes","Ball Lightning","Steam","Rainbow+1","Redo+1","Defragment+1","Reboot+1","Undo+1","Impatience+1","Melter+1","Lockon+1","Hologram+1","Master of Strategy+1","Chrysalis+1","Dark Shackles+1","BootSequence+1","Thunder Strike+1","Skim+1","Biased Cognition+1","Steam+1","BootSequence+1","Tempest+1","Conserve Battery+1","Rainbow+1","Loop+1","Undo+1","Hologram+1","Transmutation+1","Defragment+1","Stack+1"],"special_seed":0,"relics":["Cracked Core","Mercury Hourglass","WingedGreaves","Toxic Egg 2","Sozu","Dodecahedron","Letter Opener","Juzu Bracelet","Old Coin","Orrery","Centennial Puzzle","Oddly Smooth Stone","Bottled Flame"],"potions_floor_usage":[45,45,50],"damage_taken":[{"damage":0.0,"enemies":"Cultist","floor":1.0,"turns":4.0},{"damage":0.0,"enemies":"Jaw Worm","floor":2.0,"turns":4.0},{"damage":1.0,"enemies":"2 Louse","floor":3.0,"turns":2.0},{"damage":5.0,"enemies":"Red Slaver","floor":5.0,"turns":3.0},{"damage":7.0,"enemies":"2 Fungi Beasts","floor":7.0,"turns":2.0},{"damage":3.0,"enemies":"Blue Slaver","floor":10.0,"turns":3.0},{"damage":6.0,"enemies":"Gremlin Nob","floor":11.0,"turns":3.0},{"damage":0.0,"enemies":"Exordium Wildlife","floor":12.0,"turns":2.0},{"damage":5.0,"enemies":"Lagavulin","floor":14.0,"turns":4.0},{"damage":21.0,"enemies":"Slime Boss","floor":16.0,"turns":8.0},{"damage":0.0,"enemies":"Spheric Guardian","floor":18.0,"turns":2.0},{"damage":0.0,"enemies":"Chosen","floor":20.0,"turns":2.0},{"damage":0.0,"enemies":"Sentry and Sphere","floor":24.0,"turns":2.0},{"damage":0.0,"enemies":"Cultist and Chosen","floor":25.0,"turns":3.0},{"damage":0.0,"enemies":"Book of Stabbing","floor":27.0,"turns":2.0},{"damage":0,"enemies":"Slavers","floor":30,"turns":3},{"damage":12,"enemies":"Collector","floor":33,"turns":6},{"damage":0,"enemies":"3 Shapes","floor":35,"turns":2},{"damage":0,"enemies":"Orb Walker","floor":37,"turns":3},{"damage":0,"enemies":"Giant Head","floor":45,"turns":7},{"damage":16,"enemies":"Donu and Deca","floor":50,"turns":7}],"seed_played":"-2473611716839228991","potions_obtained":[{"floor":5.0,"key":"Explosive Potion"},{"floor":10.0,"key":"EssenceOfSteel"},{"floor":11.0,"key":"Swift Potion"}],"is_trial":false,"path_per_floor":["M","M","M","?","M","R","M","R","T","M","E","M","?","E","R","B",null,"M","?","M","?","T","R","M","M","T","E","$","$","E","?","R","B",null,"M","$","M","?","$","R","R","R","T","R","E","?","T","?","R","B",null],"character_chosen":"DEFECT","items_purchased":["Hologram+1","Master of Strategy+1","Chrysalis+1","Dark Shackles+1","Loop","Undo+1","Defragment"],"campfire_rested":0,"item_purchase_floors":[28,28,29,29,36,36,39],"current_hp_per_floor":[75,75,74,74,69,69,62,62,62,59,53,53,53,48,48,27,75,75,75,75,75,75,75,75,75,75,75,75,75,75,75,75,63,75,75,75,75,75,75,75,75,75,75,75,75,75,75,75,75,59],"gold":170,"neow_bonus":"REMOVE_TWO","is_prod":false,"is_daily":false,"chose_seed":false,"campfire_upgraded":10,"win_rate":0,"timestamp":1564754648,"path_taken":["M","?","M","?","M","R","?","R","T","M","E","?","?","E","R","BOSS","M","?","?","?","?","R","M","M","T","E","?","$","E","?","R","BOSS","M","$","M","?","$","R","R","R","T","R","E","?","?","?","R","BOSS"],"build_version":"2019-07-18","purchased_purges":3,"victory":true,"max_hp_per_floor":[75,75,75,75,75,75,75,75,75,75,75,75,75,75,75,75,75,75,75,75,75,75,75,75,75,75,75,75,75,75,75,75,75,75,75,75,75,75,75,75,75,75,75,75,75,75,75,75,75,75],"card_choices":[{"not_picked":["Beam Cell","Double Energy"],"picked":"Go for the Eyes","floor":1.0},{"not_picked":["Steam","Redo"],"picked":"Ball Lightning","floor":2.0},{"not_picked":["Go for the Eyes","Barrage"],"picked":"Ball Lightning","floor":3.0},{"not_picked":["Turbo","Gash"],"picked":"Steam","floor":5.0},{"not_picked":["Coolheaded","Stack","Ball Lightning"],"picked":"SKIP","floor":7.0},{"not_picked":["Sunder","Compile Driver"],"picked":"Rainbow","floor":10.0},{"not_picked":["Coolheaded","Recycle"],"picked":"Redo","floor":11.0},{"not_picked":["Conserve Battery","Double Energy","Aggregate"],"picked":"SKIP","floor":12.0},{"not_picked":["Gash","Compile Driver"],"picked":"Defragment","floor":14.0},{"not_picked":["Meteor Strike","Core Surge"],"picked":"Reboot+1","floor":16.0},{"not_picked":["Coolheaded+1","Redo+1"],"picked":"Undo+1","floor":18.0},{"not_picked":["Turbo+1","Sweeping Beam"],"picked":"Melter+1","floor":20.0},{"not_picked":["Aggregate+1","Beam Cell","Redo+1"],"picked":"SKIP","floor":24.0},{"not_picked":["Melter","Rainbow+1"],"picked":"Lockon","floor":25.0},{"not_picked":["Steam Power+1","Fusion+1","Turbo+1"],"picked":"SKIP","floor":27.0},{"not_picked":["Double Energy+1","Ball Lightning"],"picked":"BootSequence+1","floor":30},{"not_picked":["Fission+1","Reboot+1"],"picked":"Biased Cognition","floor":33},{"not_picked":["Rebound","Hologram+1"],"picked":"Steam+1","floor":34},{"not_picked":["Rebound","Cold Snap+1"],"picked":"BootSequence+1","floor":34},{"not_picked":["Gash+1","Hologram+1"],"picked":"Tempest+1","floor":34},{"not_picked":["Streamline","Rip and Tear"],"picked":"Conserve Battery+1","floor":34},{"not_picked":["FTL+1","Double Energy+1"],"picked":"Rainbow+1","floor":35},{"not_picked":["Rip and Tear+1","Beam Cell+1"],"picked":"Hologram+1","floor":37},{"not_picked":["Madness+1","Magnetism"],"picked":"Transmutation+1","floor":38},{"not_picked":["Barrage","Redo+1"],"picked":"Stack+1","floor":45}],"player_experience":62360,"relics_obtained":[{"floor":9.0,"key":"Mercury Hourglass"},{"floor":11.0,"key":"WingedGreaves"},{"floor":14.0,"key":"Toxic Egg 2"},{"floor":22.0,"key":"Dodecahedron"},{"floor":26.0,"key":"Letter Opener"},{"floor":27.0,"key":"Juzu Bracelet"},{"floor":30,"key":"Old Coin"},{"floor":43,"key":"Centennial Puzzle"},{"floor":45,"key":"Oddly Smooth Stone"},{"floor":47,"key":"Bottled Flame"}],"event_choices":[{"damage_healed":0.0,"max_hp_gain":0.0,"max_hp_loss":0.0,"gold_gain":100.0,"event_name":"Wheel of Change","player_choice":"Gold","floor":4.0,"gold_loss":0.0,"damage_taken":0.0},{"cards_removed":["Strike_B"],"damage_healed":0.0,"max_hp_gain":0.0,"max_hp_loss":0.0,"gold_gain":0.0,"event_name":"Living Wall","player_choice":"Forget","floor":13.0,"gold_loss":0.0,"damage_taken":0.0},{"damage_healed":0.0,"max_hp_gain":0.0,"max_hp_loss":0.0,"gold_gain":0.0,"event_name":"Match and Keep!","player_choice":"1 cards matched","floor":19.0,"gold_loss":0.0,"damage_taken":0.0,"cards_obtained":["Impatience"]},{"damage_healed":0.0,"max_hp_gain":0.0,"max_hp_loss":0.0,"gold_gain":99.0,"event_name":"Nest","player_choice":"Stole From Cult","floor":21.0,"gold_loss":0.0,"damage_taken":0.0},{"damage_healed":0,"gold_gain":0,"cards_transformed":["Defend_B","Defend_B"],"player_choice":"Became Test Subject","damage_taken":0,"max_hp_gain":0,"max_hp_loss":0,"event_name":"Drug Dealer","floor":31,"gold_loss":0,"cards_obtained":["Thunder Strike","Skim"]},{"damage_healed":0,"gold_gain":0,"player_choice":"Memory 1","damage_taken":0,"max_hp_gain":0,"max_hp_loss":0,"event_name":"SensoryStone","floor":38,"gold_loss":0},{"damage_healed":0,"gold_gain":0,"player_choice":"Ignored","damage_taken":0,"max_hp_gain":0,"max_hp_loss":0,"event_name":"Tomb of Lord Red Mask","floor":46,"gold_loss":0},{"cards_removed":["Ball Lightning"],"damage_healed":0,"gold_gain":0,"player_choice":"Removed Attack","damage_taken":0,"max_hp_gain":0,"max_hp_loss":0,"event_name":"Falling","floor":48,"gold_loss":0}],"is_beta":true,"boss_relics":[{"not_picked":["Runic Dome","Ectoplasm"],"picked":"Sozu"},{"not_picked":["Busted Crown","Philosopher\u0027s Stone"],"picked":"Orrery"}],"items_purged_floors":[28,36,39],"is_endless":false,"potions_floor_spawned":[5,10,11,14,25,35],"ascension_level":3}