{"gold_per_floor":[112,112,122,122,54,81,81,101,101,116,134,161,242,255,255,356,356,370,370,388,399,418,418,202,202,202,202,220,234,249,249,249,349,349,362,274,291,291,310,310,325,225,250,250,125,125,125,139,139,139,139,139,21,53,53],"floor_reached":56,"playtime":3503,"items_purged":["Strike_R","Strike_R","Strike_R"],"score":1236,"play_id":"263a28cb-d06f-4c70-ac1b-60fbcc29dfad","local_time":"20190808003810","is_ascension_mode":false,"campfire_choices":[{"floor":7,"key":"RECALL"},{"data":"Rampage","floor":15,"key":"SMITH"},{"data":"Rampage","floor":23,"key":"SMITH"},{"data":"Flash of Steel","floor":25,"key":"SMITH"},{"data":"Shrug It Off","floor":27,"key":"SMITH"},{"data":"Headbutt","floor":32,"key":"SMITH"},{"data":"Body Slam","floor":40,"key":"SMITH"},{"data":"Body Slam","floor":44,"key":"SMITH"},{"data":"Good Instincts","floor":47,"key":"SMITH"},{"data":"Shrug It Off","floor":49,"key":"SMITH"},{"data":"Power Through","floor":52,"key":"SMITH"}],"neow_cost":"NONE","seed_source_timestamp":168966553935156,"circlet_count":0,"master_deck":["Strike_R","Defend_R","Defend_R","Defend_R","Defend_R","Bash+1","Headbutt+1","Rampage+1","Impervious","Rampage+1","Brutality","Rupture+1","Shrug It Off+1","Flash of Steel+1","Exhume","Barricade","Entrench+1","Body Slam+1","Power Through+1","Body Slam+1","Shrug It Off+1","Good Instincts+1","Entrench","Battle Trance"],"relics":["Burning Blood","NeowsBlessing","FossilizedHelix","Incense Burner","Gambling Chip","Coffee Dripper","Blue Candle","Lizard Tail","Pantograph","Potion Belt","Boot"],"potions_floor_usage":[12,16,18,28,33,33,35,55,55,55,55,55],"damage_taken":[{"damage":0,"enemies":"Jaw Worm","floor":1,"turns":1},{"damage":0,"enemies":"Cultist","floor":3,"turns":1},{"damage":0,"enemies":"Lagavulin","floor":6,"turns":1},{"damage":5,"enemies":"2 Louse","floor":8,"turns":2},{"damage":4,"enemies":"Exordium Thugs","floor":10,"turns":7},{"damage":21,"enemies":"Gremlin Gang","floor":11,"turns":6},{"damage":31,"enemies":"3 Sentries","floor":12,"turns":7},{"damage":0,"enemies":"Looter","floor":14,"turns":4},{"damage":38,"enemies":"Hexaghost","floor":16,"turns":10},{"damage":12,"enemies":"Shell Parasite","floor":18,"turns":5},{"damage":0,"enemies":"Spheric Guardian","floor":20,"turns":4},{"damage":6,"enemies":"Chosen and Byrds","floor":21,"turns":7},{"damage":4,"enemies":"Centurion and Healer","floor":22,"turns":5},{"damage":23,"enemies":"Sentry and Sphere","floor":28,"turns":6},{"damage":0,"enemies":"Snake Plant","floor":29,"turns":4},{"damage":2,"enemies":"Cultist and Chosen","floor":30,"turns":6},{"damage":16,"enemies":"Collector","floor":33,"turns":8},{"damage":12,"enemies":"3 Shapes","floor":35,"turns":5},{"damage":0,"enemies":"Orb Walker","floor":37,"turns":5},{"damage":0,"enemies":"Transient","floor":39,"turns":5},{"damage":5,"enemies":"Spire Growth","floor":41,"turns":6},{"damage":2,"enemies":"Sphere and 2 Shapes","floor":48,"turns":7},{"damage":3,"enemies":"Time Eater","floor":50,"turns":8},{"damage":25,"enemies":"Shield and Spear","floor":54,"turns":6},{"damage":57,"enemies":"The Heart","floor":55,"turns":9}],"seed_played":"-942157564964316551","potions_obtained":[{"floor":3,"key":"FearPotion"},{"floor":6,"key":"GamblersBrew"},{"floor":8,"key":"SkillPotion"},{"floor":14,"key":"Poison Potion"},{"floor":18,"key":"FearPotion"},{"floor":20,"key":"SkillPotion"},{"floor":28,"key":"AttackPotion"},{"floor":33,"key":"Swift Potion"},{"floor":35,"key":"GamblersBrew"},{"floor":39,"key":"Dexterity Potion"},{"floor":48,"key":"AttackPotion"},{"floor":54,"key":"Dexterity Potion"}],"is_trial":false,"path_per_floor":["M","?","M","?","$","E","R","M","T","M","M","E","T","M","R","B",null,"M","?","M","M","M","R","$","R","T","R","M","M","M","?","R","B",null,"M","$","M","?","M","R","M","$","T","R","$","?","R","M","R","B",null,"R","$","E","B",null],"character_chosen":"IRONCLAD","items_purchased":["Rampage","Shrug It Off","Flash of Steel","Body Slam","Power Through","Entrench","Dexterity Potion"],"campfire_rested":0,"item_purchase_floors":[5,24,24,36,36,53,53],"current_hp_per_floor":[80,80,80,80,80,80,80,80,80,80,65,40,40,46,46,14,80,74,74,80,80,80,80,80,80,80,80,63,69,73,58,58,48,85,79,79,85,85,85,85,85,85,85,85,85,85,85,85,85,85,85,85,85,66,34],"gold":53,"neow_bonus":"THREE_ENEMY_KILL","is_prod":false,"is_daily":false,"chose_seed":false,"campfire_upgraded":10,"win_rate":0,"timestamp":1565239090,"path_taken":["M","?","?","?","?","E","R","M","T","?","M","E","?","M","R","BOSS","M","?","?","?","M","R","?","R","T","R","M","M","?","?","R","BOSS","M","$","M","?","?","R","M","$","T","R","$","?","R","M","R","BOSS","R","$","E","BOSS"],"build_version":"2019-07-17","purchased_purges":3,"victory":true,"max_hp_per_floor":[80,80,80,80,80,80,80,80,80,80,80,80,80,80,80,80,80,80,80,80,80,80,80,80,80,80,80,80,80,80,85,85,85,85,85,85,85,85,85,85,85,85,85,85,85,85,85,85,85,85,85,85,85,85,85],"card_choices":[{"not_picked":["Warcry","Seeing Red","Havoc"],"picked":"SKIP","floor":1},{"not_picked":["Heavy Blade","Power Through"],"picked":"Headbutt","floor":3},{"not_picked":["Armaments","Ghostly Armor"],"picked":"Impervious","floor":6},{"not_picked":["Entrench","Corruption","Whirlwind"],"picked":"SKIP","floor":8},{"not_picked":["True Grit","Pommel Strike","Clothesline"],"picked":"SKIP","floor":10},{"not_picked":["Hemokinesis","Perfected Strike","Sever Soul"],"picked":"SKIP","floor":11},{"not_picked":["Warcry","Combust"],"picked":"Rampage","floor":12},{"not_picked":["Perfected Strike","Burning Pact","Sentinel"],"picked":"SKIP","floor":14},{"not_picked":["Feed","Juggernaut"],"picked":"Brutality","floor":16},{"not_picked":["Twin Strike","Flex","Dropkick"],"picked":"SKIP","floor":18},{"not_picked":["Pommel Strike","Warcry","Heavy Blade"],"picked":"SKIP","floor":20},{"not_picked":["Rage+1","Disarm"],"picked":"Rupture+1","floor":21},{"not_picked":["Anger","Infernal Blade","Body Slam"],"picked":"SKIP","floor":22},{"not_picked":["Wild Strike","Perfected Strike","Metallicize+1"],"picked":"SKIP","floor":28},{"not_picked":["Wild Strike+1","Clothesline+1","Havoc"],"picked":"SKIP","floor":29},{"not_picked":["Entrench","Thunderclap+1"],"picked":"Exhume","floor":30},{"not_picked":["Immolate","Feed"],"picked":"Barricade","floor":33},{"not_picked":["Anger+1","Battle Trance+1"],"picked":"Entrench+1","floor":35},{"not_picked":["Sentinel+1","Spot Weakness+1","Clothesline"],"picked":"SKIP","floor":37},{"not_picked":["Pommel Strike+1","Headbutt"],"picked":"Body Slam","floor":39},{"not_picked":["Clash","Bloodletting+1"],"picked":"Shrug It Off","floor":41},{"not_picked":["Enlightenment","Transmutation"],"picked":"Good Instincts","floor":46},{"not_picked":["True Grit+1","Sever Soul","Perfected Strike+1"],"picked":"SKIP","floor":48},{"not_picked":["Rampage","Clash"],"picked":"Battle Trance","floor":54}],"player_experience":86200,"relics_obtained":[{"floor":6,"key":"FossilizedHelix"},{"floor":9,"key":"Incense Burner"},{"floor":12,"key":"Gambling Chip"},{"floor":26,"key":"Blue Candle"},{"floor":38,"key":"Pantograph"},{"floor":43,"key":"Potion Belt"},{"floor":54,"key":"Boot"}],"event_choices":[{"cards_removed":["Strike_R"],"damage_healed":0,"gold_gain":0,"player_choice":"Offered Basic","damage_taken":0,"max_hp_gain":0,"max_hp_loss":0,"event_name":"Bonfire Elementals","floor":2,"gold_loss":0},{"damage_healed":0,"gold_gain":0,"player_choice":"Forge","damage_taken":0,"max_hp_gain":0,"max_hp_loss":0,"event_name":"Accursed Blacksmith","floor":4,"gold_loss":0,"cards_upgraded":["Bash"]},{"damage_healed":0,"gold_gain":0,"player_choice":"0 cards matched","damage_taken":0,"max_hp_gain":0,"max_hp_loss":0,"event_name":"Match and Keep!","floor":19,"gold_loss":0,"cards_obtained":[]},{"damage_healed":0,"gold_gain":0,"player_choice":"Shed Blood","damage_taken":20,"max_hp_gain":5,"max_hp_loss":0,"event_name":"Forgotten Altar","floor":31,"gold_loss":0},{"damage_healed":0,"gold_gain":0,"player_choice":"Relic","damage_taken":0,"max_hp_gain":0,"max_hp_loss":0,"event_name":"Wheel of Change","floor":38,"gold_loss":0},{"damage_healed":0,"gold_gain":0,"player_choice":"Memory 1","damage_taken":0,"max_hp_gain":0,"max_hp_loss":0,"event_name":"SensoryStone","floor":46,"gold_loss":0}],"is_beta":false,"boss_relics":[{"not_picked":["Velvet Choker","Mark of Pain"],"picked":"Coffee Dripper"},{"not_picked":["Eternal Feather","Runic Cube"],"picked":"Lizard Tail"}],"items_purged_floors":[24,42,45],"is_endless":false,"potions_floor_spawned":[3,6,8,14,18,20,28,33,35,39,48,54],"ascension_level":0}