{"gold_per_floor":[112,128,147,72,83,115,115,115,142,142,42,76,76,88,88,165,465,482,494,494,512,512,512,525,539,539,539,539,539],"floor_reached":29,"playtime":916,"items_purged":["Strike_R"],"score":495,"play_id":"477089c8-a943-446b-a029-204b3cbec71c","local_time":"20190517194624","is_ascension_mode":true,"campfire_choices":[{"data":"Armaments","floor":7.0,"key":"SMITH"},{"data":"Carnage","floor":10.0,"key":"SMITH"},{"data":"Inflame","floor":15.0,"key":"SMITH"},{"floor":23.0,"key":"REST"},{"floor":28.0,"key":"REST"}],"neow_cost":"NONE","seed_source_timestamp":73174416753327,"circlet_count":0,"master_deck":["AscendersBane","Strike_R","Strike_R","Strike_R","Strike_R","Defend_R","Defend_R","Defend_R","Defend_R","Bash","Armaments+1","Shrug It Off","Carnage+1","Inflame+1","Sword Boomerang","Limit Break","True Grit","Feed","Power Through+1","Demon Form","Decay"],"special_seed":0,"relics":["Burning Blood","NeowsBlessing","Orichalcum","Mummified Hand","Pen Nib","Champion Belt","Calling Bell","Lantern","Singing Bowl","Old Coin","Strawberry","Matryoshka"],"potions_floor_usage":[29,29],"damage_taken":[{"damage":0.0,"enemies":"Cultist","floor":1.0,"turns":1.0},{"damage":0.0,"enemies":"Small Slimes","floor":2.0,"turns":1.0},{"damage":0.0,"enemies":"Jaw Worm","floor":3.0,"turns":1.0},{"damage":14.0,"enemies":"Large Slime","floor":5.0,"turns":10.0},{"damage":42.0,"enemies":"3 Sentries","floor":6.0,"turns":9.0},{"damage":22.0,"enemies":"Lagavulin","floor":12.0,"turns":6.0},{"damage":0.0,"enemies":"Lots of Slimes","floor":14.0,"turns":2.0},{"damage":18.0,"enemies":"The Guardian","floor":16.0,"turns":9.0},{"damage":25.0,"enemies":"Chosen","floor":18.0,"turns":5.0},{"damage":24.0,"enemies":"Spheric Guardian","floor":19.0,"turns":5.0},{"damage":28.0,"enemies":"Centurion and Healer","floor":21.0,"turns":9.0},{"damage":7.0,"enemies":"Colosseum Slavers","floor":22.0,"turns":4.0},{"damage":18.0,"enemies":"Snake Plant","floor":24.0,"turns":4.0},{"damage":26.0,"enemies":"Shelled Parasite and Fungi","floor":25.0,"turns":4.0},{"damage":42,"enemies":"Book of Stabbing","floor":29,"turns":5}],"seed_played":"2990231811365987162","potions_obtained":[{"floor":2.0,"key":"Explosive Potion"},{"floor":6.0,"key":"PowerPotion"},{"floor":14.0,"key":"FearPotion"},{"floor":21.0,"key":"LiquidBronze"},{"floor":24.0,"key":"SteroidPotion"}],"is_trial":false,"path_per_floor":["M","M","M","$","M","E","R","T","T","R","$","E","?","M","R","B",null,"M","M","?","M","?","R","M","M","T","?","R","E"],"character_chosen":"IRONCLAD","items_purchased":["Inflame","Sword Boomerang"],"campfire_rested":2,"item_purchase_floors":[11,11],"current_hp_per_floor":[74,75,75,75,67,31,31,31,31,31,31,15,15,21,21,9,59,42,30,37,19,21,50,40,23,23,23,53,11],"gold":539,"neow_bonus":"THREE_ENEMY_KILL","is_prod":false,"is_daily":false,"chose_seed":false,"campfire_upgraded":3,"win_rate":0,"timestamp":1558093584,"path_taken":["M","?","?","$","M","E","R","?","T","R","$","E","?","?","R","BOSS","M","M","?","?","?","R","M","M","T","?","R","E"],"build_version":"2019-01-23","purchased_purges":1,"victory":false,"max_hp_per_floor":[75,75,75,75,75,75,75,75,75,75,75,75,75,75,75,75,75,77,83,90,94,97,97,99,102,102,102,102,102],"card_choices":[{"not_picked":["Headbutt","True Grit"],"picked":"Armaments","floor":1.0},{"not_picked":["Thunderclap","Headbutt"],"picked":"Shrug It Off","floor":2.0},{"not_picked":["Sword Boomerang","Berserk","Thunderclap"],"picked":"SKIP","floor":3.0},{"not_picked":["Dual Wield","Warcry"],"picked":"Carnage","floor":5.0},{"not_picked":["Sentinel","Dropkick","Havoc"],"picked":"SKIP","floor":6.0},{"not_picked":["Clothesline","Disarm"],"picked":"Limit Break","floor":12.0},{"not_picked":["Pummel","Body Slam"],"picked":"True Grit","floor":14.0},{"not_picked":["Immolate","Exhume"],"picked":"Feed","floor":16.0},{"not_picked":["True Grit","Blood for Blood","Sword Boomerang+1"],"picked":"Singing Bowl","floor":18.0},{"not_picked":["Infernal Blade","Sever Soul","Thunderclap"],"picked":"Singing Bowl","floor":19.0},{"not_picked":["Evolve","Heavy Blade"],"picked":"Power Through+1","floor":21.0},{"not_picked":["Hemokinesis","Corruption","Headbutt"],"picked":"Singing Bowl","floor":24.0},{"not_picked":["Flex","Clothesline"],"picked":"Demon Form","floor":25.0}],"player_experience":858888,"relics_obtained":[{"floor":6.0,"key":"Orichalcum"},{"floor":8.0,"key":"Mummified Hand"},{"floor":9.0,"key":"Pen Nib"},{"floor":12.0,"key":"Champion Belt"},{"floor":17.0,"key":"Lantern"},{"floor":17.0,"key":"Singing Bowl"},{"floor":17.0,"key":"Old Coin"},{"floor":26.0,"key":"Matryoshka"}],"event_choices":[{"damage_healed":0.0,"max_hp_gain":0.0,"max_hp_loss":0.0,"gold_gain":0.0,"event_name":"Liars Game","player_choice":"Ignored","floor":13.0,"gold_loss":0.0,"damage_taken":0.0},{"damage_healed":0.0,"max_hp_gain":0.0,"max_hp_loss":0.0,"gold_gain":0.0,"event_name":"WeMeetAgain","player_choice":"Gave Potion","floor":20.0,"gold_loss":0.0,"damage_taken":0.0,"relics_obtained":["Strawberry"]},{"damage_healed":0.0,"max_hp_gain":0.0,"max_hp_loss":0.0,"gold_gain":0.0,"event_name":"Colosseum","player_choice":"Fight","floor":22.0,"gold_loss":0.0,"damage_taken":0.0},{"damage_healed":0.0,"max_hp_gain":0.0,"max_hp_loss":0.0,"gold_gain":0.0,"event_name":"Colosseum","player_choice":"Fled From Nobs","floor":22.0,"gold_loss":0.0,"damage_taken":0.0},{"damage_healed":0.0,"max_hp_gain":0.0,"max_hp_loss":0.0,"gold_gain":0.0,"event_name":"Forgotten Altar","player_choice":"Smashed Altar","floor":27.0,"gold_loss":0.0,"damage_taken":0.0,"cards_obtained":["Decay"]}],"is_beta":false,"boss_relics":[{"not_picked":["White Beast Statue","Runic Cube"],"picked":"Calling Bell"}],"items_purged_floors":[4],"is_endless":false,"potions_floor_spawned":[2,6,14,16,19,21,22,24],"killed_by":"Book of Stabbing","ascension_level":20}