{"gold_per_floor":[18,33,33,33,43,43,58,92,92,92,92],"floor_reached":11,"playtime":310,"items_purged":[],"score":146,"play_id":"fe2e70fd-d668-4809-b065-52ef40b4e63f","local_time":"20190520205711","is_ascension_mode":true,"campfire_choices":[{"data":"Pommel Strike","floor":6,"key":"SMITH"},{"floor":10,"key":"REST"}],"neow_cost":"NO_GOLD","seed_source_timestamp":337444006306704,"circlet_count":0,"master_deck":["AscendersBane","Strike_R","Strike_R","Strike_R","Strike_R","Strike_R","Defend_R","Defend_R","Defend_R","Defend_R","Bash","Cleave","Pommel Strike+1","Uppercut"],"relics":["Burning Blood","Bird Faced Urn","Mummified Hand","Kunai"],"potions_floor_usage":[8],"damage_taken":[{"damage":18,"enemies":"Cultist","floor":1,"turns":5},{"damage":10,"enemies":"2 Louse","floor":2,"turns":3},{"damage":8,"enemies":"Small Slimes","floor":5,"turns":4},{"damage":25,"enemies":"Exordium Thugs","floor":7,"turns":5},{"damage":42,"enemies":"Lagavulin","floor":8,"turns":8},{"damage":40,"enemies":"3 Sentries","floor":11,"turns":7}],"seed_played":"8392879369395812291","potions_obtained":[{"floor":2,"key":"Energy Potion"}],"is_trial":false,"path_per_floor":["M","M","?","$","M","R","M","E","T","R","E"],"character_chosen":"IRONCLAD","items_purchased":[],"campfire_rested":1,"item_purchase_floors":[],"current_hp_per_floor":[56,52,75,75,73,73,54,18,18,40,0],"gold":92,"neow_bonus":"ONE_RARE_RELIC","is_prod":false,"is_daily":false,"chose_seed":false,"campfire_upgraded":1,"win_rate":0,"timestamp":1558357031,"path_taken":["M","?","?","?","M","R","M","E","T","R","E"],"build_version":"2019-01-23","purchased_purges":0,"victory":false,"max_hp_per_floor":[75,75,75,75,75,75,75,75,75,75,75],"card_choices":[{"not_picked":["Cleave","Body Slam","Pummel"],"picked":"SKIP","floor":1},{"not_picked":["Havoc","Clothesline"],"picked":"Cleave","floor":2},{"not_picked":["Warcry","Shrug It Off"],"picked":"Pommel Strike","floor":5},{"not_picked":["Seeing Red","Iron Wave","Infernal Blade"],"picked":"SKIP","floor":7},{"not_picked":["Hemokinesis","Pummel"],"picked":"Uppercut","floor":8}],"player_experience":911252,"relics_obtained":[{"floor":8,"key":"Mummified Hand"},{"floor":9,"key":"Kunai"}],"event_choices":[{"damage_healed":23,"gold_gain":0,"player_choice":"Full Heal","damage_taken":0,"max_hp_gain":0,"max_hp_loss":0,"event_name":"Wheel of Change","floor":3,"gold_loss":0}],"is_beta":false,"boss_relics":[],"items_purged_floors":[],"is_endless":false,"potions_floor_spawned":[2],"killed_by":"3 Sentries","ascension_level":20}