{"gold_per_floor":[118,135,135,135,85,101,101,124,124,148,173,51,95,115,115,244,244,267,267,88,112,112,112,112],"floor_reached":24,"playtime":2063,"items_purged":["Strike_G"],"score":223,"play_id":"663c03ce-a3a6-4ad5-a808-a5a0a58f2376","local_time":"20181229002347","is_ascension_mode":false,"campfire_choices":[{"floor":7,"key":"REST"},{"floor":15,"key":"REST"},{"data":"After Image","floor":23,"key":"SMITH"}],"neow_cost":"NONE","seed_source_timestamp":2372907577099705,"circlet_count":0,"master_deck":["Defend_G","Defend_G","Defend_G","Defend_G","Defend_G","Strike_G","Strike_G","Strike_G","Survivor","Neutralize","Deflect","Well Laid Plans","Blade Dance","Blur","Poisoned Stab+1","Dagger Throw+1","Poisoned Stab+1","Footwork","Cloak And Dagger","Dash+1","After Image+1","Finisher+1","Ghostly","Ghostly","Ghostly","Ghostly","Ghostly","Tactician","Well Laid Plans","Quick Slash+1","Underhanded Strike+1"],"relics":["Ring of the Snake","Golden Idol","Molten Egg 2","Strawberry","HoveringKite"],"potions_floor_usage":[11,21,24],"damage_taken":[{"damage":1,"enemies":"Cultist","floor":1,"turns":5},{"damage":0,"enemies":"Jaw Worm","floor":2,"turns":4},{"damage":2,"enemies":"Small Slimes","floor":6,"turns":5},{"damage":1,"enemies":"Exordium Wildlife","floor":8,"turns":5},{"damage":12,"enemies":"Large Slime","floor":10,"turns":10},{"damage":0,"enemies":"Looter","floor":11,"turns":4},{"damage":16,"enemies":"3 Sentries","floor":13,"turns":10},{"damage":0,"enemies":"2 Fungi Beasts","floor":14,"turns":4},{"damage":5,"enemies":"The Guardian","floor":16,"turns":10},{"damage":23,"enemies":"Spheric Guardian","floor":18,"turns":9},{"damage":5,"enemies":"Shell Parasite","floor":21,"turns":6},{"damage":37,"enemies":"Gremlin Leader","floor":24,"turns":3}],"seed_played":"1108639796417765035","potions_obtained":[{"floor":10,"key":"EssenceOfSteel"},{"floor":13,"key":"SpeedPotion"},{"floor":16,"key":"FearPotion"},{"floor":18,"key":"EntropicBrew"}],"is_trial":false,"path_per_floor":["M","M","?","?","?","M","R","M","T","M","M","$","E","M","R","B",null,"M","?","$","M","?","R","E"],"character_chosen":"THE_SILENT","items_purchased":["Poisoned Stab+1","Footwork","Tactician","Well Laid Plans"],"campfire_rested":2,"item_purchase_floors":[12,12,20,20],"current_hp_per_floor":[76,76,57,45,45,43,66,65,65,53,53,53,44,44,69,64,84,61,42,42,37,37,37,0],"gold":112,"neow_bonus":"TEN_PERCENT_HP_BONUS","is_prod":false,"is_daily":false,"chose_seed":false,"campfire_upgraded":1,"win_rate":0,"timestamp":1546003427,"path_taken":["M","?","?","?","?","M","R","M","T","M","M","$","E","M","R","BOSS","M","?","$","M","?","R","E"],"build_version":"2018-12-20","purchased_purges":1,"victory":false,"max_hp_per_floor":[77,77,77,77,77,77,77,77,77,77,77,77,84,84,84,84,84,84,42,42,42,42,42,42],"card_choices":[{"not_picked":["Prepared","Blade Dance"],"picked":"Deflect","floor":1},{"not_picked":["Infinite Blades","Outmaneuver"],"picked":"Well Laid Plans","floor":2},{"not_picked":["Prepared","Setup"],"picked":"Blade Dance","floor":6},{"not_picked":["Backflip","Blade Dance"],"picked":"Blur","floor":8},{"not_picked":["Eviscerate+1","Dagger Throw+1"],"picked":"Poisoned Stab+1","floor":10},{"not_picked":["Tools of the Trade","Deflect"],"picked":"Dagger Throw+1","floor":11},{"not_picked":["Prepared","Choke+1"],"picked":"Cloak And Dagger","floor":13},{"not_picked":["Reflex","Quick Slash+1"],"picked":"Dash+1","floor":14},{"not_picked":["Burst","Malaise"],"picked":"After Image","floor":16},{"not_picked":["Skewer+1","PiercingWail"],"picked":"Finisher+1","floor":18},{"not_picked":["PiercingWail","Sucker Punch+1"],"picked":"Quick Slash+1","floor":21}],"player_experience":341893,"relics_obtained":[{"floor":13,"key":"Strawberry"}],"event_choices":[{"damage_healed":0,"gold_gain":0,"player_choice":"Take Damage","damage_taken":19,"relics_obtained":["Golden Idol"],"max_hp_gain":0,"max_hp_loss":0,"event_name":"Golden Idol","floor":3,"gold_loss":0},{"damage_healed":0,"gold_gain":0,"player_choice":"Success","damage_taken":12,"relics_obtained":["Molten Egg 2"],"max_hp_gain":0,"max_hp_loss":0,"event_name":"Scrap Ooze","floor":4,"gold_loss":0},{"cards_removed":["Strike_G"],"damage_healed":0,"gold_gain":0,"player_choice":"Card Removal","damage_taken":0,"max_hp_gain":0,"max_hp_loss":0,"event_name":"The Cleric","floor":5,"gold_loss":50},{"damage_healed":0,"gold_gain":0,"player_choice":"Became a Ghost","damage_taken":0,"max_hp_gain":0,"max_hp_loss":42,"event_name":"Ghosts","floor":19,"gold_loss":0,"cards_obtained":["Ghostly","Ghostly","Ghostly","Ghostly","Ghostly"]},{"damage_healed":0,"gold_gain":0,"player_choice":"Read","damage_taken":0,"max_hp_gain":0,"max_hp_loss":0,"event_name":"The Library","floor":22,"gold_loss":0,"cards_obtained":["Underhanded Strike"]}],"is_beta":false,"boss_relics":[{"not_picked":["Coffee Dripper","Runic Dome"],"picked":"HoveringKite"}],"items_purged_floors":[20],"is_endless":false,"potions_floor_spawned":[10,13,16,18],"killed_by":"Gremlin Leader","ascension_level":0}