{"gold_per_floor":[16,32,32,48,64,99,111,151,189,201,231,243,273,285,297,414,426,457,394,406,432,462,474,515,545,557,569,594,622,634,657,669,681],"floor_reached":33,"playtime":2256,"items_purged":[],"score":474,"play_id":"3c1bd4f0-80a3-490d-a691-b85551308da5","local_time":"20190725230850","is_ascension_mode":true,"campfire_choices":[{"data":"Dodge and Roll","floor":7.0,"key":"SMITH"},{"data":"Noxious Fumes","floor":10.0,"key":"SMITH"},{"data":"Caltrops","floor":12.0,"key":"SMITH"},{"floor":15.0,"key":"REST"},{"data":"Footwork","floor":23.0,"key":"SMITH"},{"floor":27,"key":"REST"},{"floor":30,"key":"REST"},{"floor":32,"key":"REST"}],"neow_cost":"NO_GOLD","seed_source_timestamp":0,"circlet_count":0,"master_deck":["AscendersBane","Survivor","Neutralize","Corpse Explosion","Dodge and Roll+1","Dagger Spray+1","Caltrops+1","Noxious Fumes+1","Caltrops","Dagger Spray","Distraction","Leg Sweep","Die Die Die","Glass Knife+1","Footwork+1","Expertise","Die Die Die","Deflect","Crippling Poison","Malaise","Backflip","Storm of Steel","Blur","Decay","PiercingWail","Backflip","Unload","Backflip","Prepared","Leg Sweep+1"],"special_seed":0,"relics":["Ring of the Snake","MawBank","Lantern","Pandora\u0027s Box","Whetstone","Question Card"],"potions_floor_usage":[24,28,28,33,33],"damage_taken":[{"damage":0.0,"enemies":"2 Louse","floor":1.0,"turns":3.0},{"damage":0.0,"enemies":"Jaw Worm","floor":2.0,"turns":6.0},{"damage":0.0,"enemies":"Cultist","floor":4.0,"turns":4.0},{"damage":0.0,"enemies":"3 Louse","floor":5.0,"turns":1.0},{"damage":14.0,"enemies":"Lagavulin","floor":6.0,"turns":7.0},{"damage":34.0,"enemies":"Gremlin Nob","floor":8.0,"turns":5.0},{"damage":0.0,"enemies":"Lots of Slimes","floor":11.0,"turns":1.0},{"damage":0.0,"enemies":"Exordium Wildlife","floor":13.0,"turns":4.0},{"damage":22.0,"enemies":"Hexaghost","floor":16.0,"turns":9.0},{"damage":0.0,"enemies":"3 Byrds","floor":18.0,"turns":2.0},{"damage":2.0,"enemies":"Chosen","floor":21.0,"turns":5.0},{"damage":15.0,"enemies":"Snake Plant","floor":22.0,"turns":5.0},{"damage":5,"enemies":"Gremlin Leader","floor":24,"turns":7},{"damage":30,"enemies":"Shelled Parasite and Fungi","floor":25,"turns":6},{"damage":18,"enemies":"Centurion and Healer","floor":28,"turns":6},{"damage":20,"enemies":"Sentry and Sphere","floor":29,"turns":6},{"damage":7,"enemies":"3 Cultists","floor":31,"turns":3},{"damage":52,"enemies":"Champ","floor":33,"turns":12}],"seed_played":"3117954253624237513","potions_obtained":[{"floor":2.0,"key":"GhostInAJar"},{"floor":4.0,"key":"Explosive Potion"},{"floor":5.0,"key":"Weak Potion"},{"floor":11.0,"key":"Swift Potion"},{"floor":13.0,"key":"AttackPotion"},{"floor":22.0,"key":"Fire Potion"},{"floor":24,"key":"Regen Potion"},{"floor":28,"key":"Energy Potion"},{"floor":29,"key":"GhostInAJar"},{"floor":31,"key":"Regen Potion"}],"is_trial":false,"path_per_floor":["M","M","?","M","M","E","R","E","T","R","M","R","M","$","R","B",null,"M","?","?","M","M","R","E","M","T","R","M","M","R","M","R","B"],"character_chosen":"THE_SILENT","items_purchased":[],"campfire_rested":4,"item_purchase_floors":[],"current_hp_per_floor":[63,63,63,63,63,49,49,15,15,15,15,15,15,15,36,14,56,56,56,56,54,39,39,34,4,4,25,22,2,23,16,37,0],"gold":681,"neow_bonus":"THREE_RARE_CARDS","is_prod":false,"is_daily":false,"chose_seed":false,"campfire_upgraded":4,"win_rate":0,"timestamp":1564110530,"path_taken":["M","M","?","M","M","E","R","E","T","R","M","R","M","$","R","BOSS","M","?","?","M","M","R","E","?","T","R","M","M","R","M","R","BOSS"],"build_version":"2019-07-17","purchased_purges":0,"victory":false,"max_hp_per_floor":[70,70,70,70,70,70,70,70,70,70,70,70,70,70,70,70,70,70,70,70,70,70,70,70,70,70,70,70,70,70,70,70,70],"card_choices":[{"not_picked":["Envenom","Storm of Steel"],"picked":"Corpse Explosion","floor":0.0},{"not_picked":["Blade Dance","Finisher"],"picked":"Dodge and Roll","floor":1.0},{"not_picked":["Dagger Throw","PiercingWail"],"picked":"Dagger Spray","floor":2.0},{"not_picked":["Accuracy","Backflip"],"picked":"Caltrops","floor":4.0},{"not_picked":["Backstab","Calculated Gamble"],"picked":"Noxious Fumes","floor":5.0},{"not_picked":["Leg Sweep","Outmaneuver"],"picked":"Caltrops","floor":6.0},{"not_picked":["Acrobatics","Flying Knee"],"picked":"Dagger Spray","floor":8.0},{"not_picked":["Reflex","Terror"],"picked":"Distraction","floor":11.0},{"not_picked":["Blade Dance","Bane"],"picked":"Leg Sweep","floor":13.0},{"not_picked":["A Thousand Cuts","Phantasmal Killer"],"picked":"Die Die Die","floor":16.0},{"not_picked":["Dagger Spray","Infinite Blades"],"picked":"Blur","floor":18.0},{"not_picked":["Finisher","Dagger Spray"],"picked":"PiercingWail","floor":21.0},{"not_picked":["Deflect","Choke"],"picked":"Backflip","floor":22.0},{"not_picked":["Outmaneuver","Choke"],"picked":"Unload","floor":24},{"not_picked":["Blade Dance","Endless Agony"],"picked":"Backflip","floor":25},{"not_picked":["Sucker Punch","Dagger Throw+1","Storm of Steel","Accuracy"],"picked":"SKIP","floor":28},{"not_picked":["Acrobatics+1","Masterful Stab","Quick Slash+1"],"picked":"Prepared","floor":29},{"not_picked":["Backflip","Accuracy","Flying Knee"],"picked":"Leg Sweep+1","floor":31}],"player_experience":422964,"relics_obtained":[{"floor":6.0,"key":"MawBank"},{"floor":8.0,"key":"Lantern"},{"floor":24,"key":"Whetstone"},{"floor":26,"key":"Question Card"}],"event_choices":[{"damage_healed":0.0,"max_hp_gain":0.0,"max_hp_loss":0.0,"gold_gain":0.0,"event_name":"Golden Idol","player_choice":"Ignored","floor":3.0,"gold_loss":0.0,"damage_taken":0.0},{"cards_removed":["Concentrate"],"damage_healed":0.0,"max_hp_gain":0.0,"max_hp_loss":0.0,"gold_gain":0.0,"event_name":"Beggar","player_choice":"Gave Gold","floor":19.0,"gold_loss":75.0,"damage_taken":0.0},{"damage_healed":0.0,"max_hp_gain":0.0,"max_hp_loss":0.0,"gold_gain":0.0,"event_name":"Wheel of Change","player_choice":"Cursed","floor":20.0,"gold_loss":0.0,"damage_taken":0.0,"cards_obtained":["Decay"]}],"is_beta":false,"boss_relics":[{"not_picked":["Runic Pyramid","Calling Bell"],"picked":"Pandora\u0027s Box"}],"items_purged_floors":[],"is_endless":false,"potions_floor_spawned":[2,4,5,11,13,22,24,28,29,31],"killed_by":"Champ","ascension_level":11}