{"gold_per_floor":[119,92,92,108,108,143,143,30,100,100,124,137,137,155,155,155],"floor_reached":16,"playtime":602,"items_purged":["Injury"],"score":155,"play_id":"03b2998c-f7e9-4f52-a1e1-33032102716b","local_time":"20190329092231","is_ascension_mode":true,"campfire_choices":[{"floor":10,"key":"REST"},{"data":"Storm","floor":13,"key":"SMITH"},{"floor":15,"key":"REST"}],"neow_cost":"NONE","seed_source_timestamp":31852582716672,"circlet_count":0,"master_deck":["AscendersBane","Strike_B","Strike_B","Strike_B","Defend_B","Defend_B","Defend_B","Defend_B","Zap","Dualcast","Gash","Cold Snap","FTL","Coolheaded","Storm+1","Beam Cell","Cold Snap","Gash"],"relics":["Cracked Core","Golden Idol","Blood Vial","Lantern","Mummified Hand"],"potions_floor_usage":[6,6,14],"damage_taken":[{"damage":7,"enemies":"Small Slimes","floor":1,"turns":3},{"damage":2,"enemies":"Jaw Worm","floor":4,"turns":3},{"damage":25,"enemies":"Gremlin Nob","floor":6,"turns":4},{"damage":0,"enemies":"Cultist","floor":11,"turns":3},{"damage":0,"enemies":"2 Fungi Beasts","floor":12,"turns":3},{"damage":37,"enemies":"Gremlin Gang","floor":14,"turns":5},{"damage":54,"enemies":"Hexaghost","floor":16,"turns":11}],"seed_played":"3693658610398639847","potions_obtained":[{"floor":1,"key":"SteroidPotion"},{"floor":4,"key":"FocusPotion"},{"floor":11,"key":"Block Potion"}],"is_trial":false,"path_per_floor":["M","$","?","M","?","E","?","$","T","R","M","M","R","M","R","B"],"character_chosen":"DEFECT","items_purchased":["Cold Snap","Storm"],"campfire_rested":2,"item_purchase_floors":[2,8],"current_hp_per_floor":[61,61,61,59,52,29,34,34,34,58,60,62,62,27,51,0],"gold":155,"neow_bonus":"REMOVE_CARD","is_prod":false,"is_daily":false,"chose_seed":false,"campfire_upgraded":1,"win_rate":0,"timestamp":1553811751,"path_taken":["M","$","?","M","?","E","?","?","T","R","M","?","R","M","R","BOSS"],"build_version":"2019-01-23","purchased_purges":1,"victory":false,"max_hp_per_floor":[75,75,75,75,75,75,80,80,80,80,80,80,80,80,80,80],"card_choices":[{"not_picked":["Self Repair","Consume"],"picked":"Gash","floor":1},{"not_picked":["Fusion","Chaos"],"picked":"FTL","floor":4},{"not_picked":["Sweeping Beam","Self Repair"],"picked":"Coolheaded","floor":6},{"not_picked":["BootSequence","Compile Driver"],"picked":"Beam Cell","floor":11},{"not_picked":["Redo","Reprogram"],"picked":"Cold Snap","floor":12},{"not_picked":["Force Field","Machine Learning"],"picked":"Gash","floor":14}],"player_experience":892646,"relics_obtained":[{"floor":6,"key":"Lantern"},{"floor":9,"key":"Mummified Hand"}],"event_choices":[{"damage_healed":0,"gold_gain":0,"player_choice":"Take Wound","damage_taken":0,"relics_obtained":["Golden Idol"],"max_hp_gain":0,"max_hp_loss":0,"event_name":"Golden Idol","floor":3,"gold_loss":0,"cards_obtained":["Injury"]},{"damage_healed":0,"gold_gain":0,"player_choice":"Success","damage_taken":7,"relics_obtained":["Blood Vial"],"max_hp_gain":0,"max_hp_loss":0,"event_name":"Scrap Ooze","floor":5,"gold_loss":0},{"damage_healed":0,"gold_gain":0,"player_choice":"Donut","damage_taken":0,"max_hp_gain":5,"max_hp_loss":0,"event_name":"Big Fish","floor":7,"gold_loss":0}],"is_beta":false,"boss_relics":[],"items_purged_floors":[8],"is_endless":false,"potions_floor_spawned":[1,4,11],"killed_by":"Hexaghost","ascension_level":11}