{"gold_per_floor":[18,36,52,52,68,68,98,98,98,48,48,26,126,153,153,153],"floor_reached":16,"playtime":485,"items_purged":["Regret"],"score":220,"play_id":"57504350-44af-4afa-86e8-ab931bf08348","local_time":"20190504110120","is_ascension_mode":true,"campfire_choices":[{"data":"Armaments","floor":6.0,"key":"SMITH"},{"data":"Flex","floor":8,"key":"SMITH"},{"floor":15,"key":"REST"}],"neow_cost":"NO_GOLD","seed_source_timestamp":0,"circlet_count":0,"master_deck":["AscendersBane","Strike_R","Strike_R","Strike_R","Strike_R","Defend_R","Defend_R","Defend_R","Defend_R","Bash","Armaments+1","Flex+1","Offering"],"special_seed":0,"relics":["Burning Blood","Ginger","Smiling Mask","Darkstone Periapt","Omamori","Bronze Scales"],"potions_floor_usage":[14],"damage_taken":[{"damage":2.0,"enemies":"Cultist","floor":1.0,"turns":4.0},{"damage":1.0,"enemies":"Small Slimes","floor":2.0,"turns":4.0},{"damage":7.0,"enemies":"2 Louse","floor":3.0,"turns":3.0},{"damage":13.0,"enemies":"2 Fungi Beasts","floor":5.0,"turns":4.0},{"damage":42.0,"enemies":"Gremlin Nob","floor":7.0,"turns":4.0},{"damage":7,"enemies":"Exordium Thugs","floor":12,"turns":4},{"damage":21,"enemies":"Lagavulin","floor":14,"turns":8},{"damage":23,"enemies":"Slime Boss","floor":16,"turns":4}],"seed_played":"-8738555365466136834","potions_obtained":[{"floor":3.0,"key":"Energy Potion"},{"floor":5.0,"key":"Energy Potion"},{"floor":7,"key":"Energy Potion"}],"is_trial":false,"path_per_floor":["M","M","M","?","M","R","E","R","T","$","?","M","?","E","R","B"],"character_chosen":"IRONCLAD","items_purchased":[],"campfire_rested":1,"item_purchase_floors":[],"current_hp_per_floor":[72,75,74,74,67,67,31,31,31,31,24,23,23,8,30,7],"gold":153,"neow_bonus":"ONE_RARE_RELIC","is_prod":false,"is_daily":false,"chose_seed":false,"campfire_upgraded":2,"win_rate":0,"timestamp":1556938880,"path_taken":["M","M","M","?","M","R","E","R","T","$","?","M","?","E","R","BOSS"],"build_version":"2019-01-23","purchased_purges":1,"victory":false,"max_hp_per_floor":[75,75,75,75,75,75,75,75,75,75,75,75,75,75,75,75],"card_choices":[{"not_picked":["Shrug It Off","Clash"],"picked":"Armaments","floor":1.0},{"not_picked":["Sentinel","Clash","Body Slam"],"picked":"SKIP","floor":2.0},{"not_picked":["Armaments","Havoc","Anger"],"picked":"SKIP","floor":3.0},{"not_picked":["Pommel Strike","Whirlwind"],"picked":"Flex","floor":5.0},{"not_picked":["True Grit","Infernal Blade"],"picked":"Offering","floor":7},{"not_picked":["Combust","Flex","Rupture"],"picked":"SKIP","floor":12},{"not_picked":["Warcry","Wild Strike","Flex"],"picked":"SKIP","floor":14}],"player_experience":812360,"relics_obtained":[{"floor":7,"key":"Darkstone Periapt"},{"floor":9,"key":"Omamori"},{"floor":14,"key":"Bronze Scales"}],"event_choices":[{"damage_healed":0.0,"max_hp_gain":0.0,"max_hp_loss":0.0,"gold_gain":0.0,"event_name":"Big Fish","player_choice":"Box","floor":4.0,"gold_loss":0.0,"damage_taken":0.0,"relics_obtained":["Smiling Mask"],"cards_obtained":["Regret"]},{"cards_removed":["Strike_R"],"damage_healed":0,"gold_gain":0,"player_choice":"Card Removal","damage_taken":7,"max_hp_gain":0,"max_hp_loss":0,"event_name":"Golden Wing","floor":11,"gold_loss":0},{"damage_healed":0,"gold_gain":100,"player_choice":"Gold","damage_taken":0,"max_hp_gain":0,"max_hp_loss":0,"event_name":"Wheel of Change","floor":13,"gold_loss":0}],"is_beta":false,"boss_relics":[],"items_purged_floors":[10],"is_endless":false,"potions_floor_spawned":[3,5,7],"killed_by":"Slime Boss","ascension_level":20}