{"gold_per_floor":[115,115,290,307,2,2,17,17,73,148,54,69,69,69,69,168,168,179,199,214,85,102,102,102,102,102,117,143,158,4,19,19,115,115,129,29,29,44,64,64,113,113,113,17,33,45,6,6],"floor_reached":48,"playtime":3327,"items_purged":["Doubt","Regret"],"score":511,"play_id":"e33025f6-04d3-4571-87f1-b50d7563a2eb","local_time":"20190110165157","is_ascension_mode":true,"campfire_choices":[{"data":"Sunder","floor":6,"key":"SMITH"},{"floor":8,"key":"REST"},{"data":"Hello World","floor":13,"key":"SMITH"},{"floor":15,"key":"REST"},{"floor":23,"key":"REST"},{"data":"Creative AI","floor":25,"key":"SMITH"},{"floor":32,"key":"REST"},{"floor":40,"key":"REST"},{"floor":42,"key":"REST"}],"neow_cost":"PERCENT_DAMAGE","seed_source_timestamp":468261425065130,"circlet_count":0,"master_deck":["Strike_B","Strike_B","Defend_B","Defend_B","Defend_B","Defend_B","Zap","Dualcast","Sunder+1","Ball Lightning","Static Discharge","Auto Shields","Cold Snap","Hello World+1","Melter","Creative AI+1","Conserve Battery+1","Hologram","Stack","Turbo","Gash+1","Redo","Aggregate+1","Leap+1","Loop+1","Meteor Strike","Doubt","Parasite","White Noise+1","Steam+1","FTL","Cold Snap+1","Stack","Cold Snap","Capacitor+1","Creative AI+1","Glacier"],"relics":["Cracked Core","Mummified Hand","Tiny Chest","Shuriken","Eternal Feather","Frozen Egg 2","Unceasing Top","PreservedInsect","Calling Bell","Vajra","Darkstone Periapt","Nunchaku","CultistMask","Ice Cream","Lantern"],"potions_floor_usage":[19,29,33,35,41,41,48],"damage_taken":[{"damage":1,"enemies":"Cultist","floor":1,"turns":3},{"damage":2,"enemies":"2 Louse","floor":4,"turns":2},{"damage":7,"enemies":"Small Slimes","floor":7,"turns":2},{"damage":0,"enemies":"Gremlin Gang","floor":12,"turns":3},{"damage":34,"enemies":"Hexaghost","floor":16,"turns":9},{"damage":0,"enemies":"Spheric Guardian","floor":18,"turns":3},{"damage":26,"enemies":"3 Byrds","floor":19,"turns":5},{"damage":17,"enemies":"Centurion and Healer","floor":20,"turns":7},{"damage":29,"enemies":"Shelled Parasite and Fungi","floor":22,"turns":7},{"damage":0,"enemies":"Sentry and Sphere","floor":27,"turns":3},{"damage":32,"enemies":"Gremlin Leader","floor":28,"turns":9},{"damage":2,"enemies":"Cultist and Chosen","floor":29,"turns":7},{"damage":38,"enemies":"Snake Plant","floor":31,"turns":4},{"damage":51,"enemies":"Automaton","floor":33,"turns":10},{"damage":26,"enemies":"3 Shapes","floor":35,"turns":7},{"damage":26,"enemies":"3 Darklings","floor":38,"turns":5},{"damage":29,"enemies":"Jaw Worm Horde","floor":39,"turns":6},{"damage":48,"enemies":"2 Orb Walkers","floor":41,"turns":7},{"damage":38,"enemies":"Writhing Mass","floor":45,"turns":4},{"damage":28,"enemies":"Transient","floor":46,"turns":5},{"damage":9,"enemies":"4 Shapes","floor":48,"turns":2}],"seed_played":"-8628813340673569118","potions_obtained":[{"floor":1,"key":"Poison Potion"},{"floor":4,"key":"FairyPotion"},{"floor":19,"key":"FairyPotion"},{"floor":27,"key":"Dexterity Potion"},{"floor":31,"key":"Regen Potion"},{"floor":33,"key":"Weak Potion"},{"floor":35,"key":"Ancient Potion"},{"floor":39,"key":"FocusPotion"},{"floor":46,"key":"Dexterity Potion"}],"is_trial":false,"path_per_floor":["M","?","?","M","$","R","M","R","T","?","$","M","R","T","R","B",null,"M","M","M","$","M","R","?","R","T","M","E","M","$","M","R","B",null,"M","$","?","M","M","R","?","R","T","$","M","M","$","M"],"character_chosen":"DEFECT","items_purchased":["Mummified Hand","Static Discharge","Cold Snap","Hello World","Turbo","PreservedInsect","Stack","Cold Snap","Glacier"],"campfire_rested":6,"item_purchase_floors":[5,5,11,11,21,30,44,44,47],"current_hp_per_floor":[67,60,60,58,58,58,51,77,77,66,66,66,66,66,89,55,89,89,63,46,46,17,55,55,67,67,67,35,33,33,5,46,10,89,63,63,63,37,8,52,4,48,48,48,10,8,8,0],"gold":6,"neow_bonus":"TWENTY_PERCENT_HP_BONUS","is_prod":false,"is_daily":false,"chose_seed":false,"campfire_upgraded":3,"win_rate":0,"timestamp":1547099517,"path_taken":["M","?","?","M","$","R","M","R","T","?","$","M","R","?","R","BOSS","M","?","M","$","M","R","?","R","T","M","E","?","?","M","R","BOSS","M","$","?","?","M","R","?","R","T","?","M","M","?","M"],"build_version":"2019-01-03v4","purchased_purges":2,"victory":false,"max_hp_per_floor":[89,89,89,89,89,89,89,89,89,89,89,89,89,89,89,89,89,89,89,89,89,89,89,89,89,89,89,89,89,89,89,89,89,89,89,89,89,89,89,89,89,89,89,89,89,89,89,89],"card_choices":[{"not_picked":["BootSequence","Fusion"],"picked":"Sunder","floor":1},{"not_picked":["Gash","Melter"],"picked":"Ball Lightning","floor":4},{"not_picked":["Compile Driver","Conserve Battery"],"picked":"Auto Shields","floor":7},{"not_picked":["Fusion","Gash"],"picked":"Melter","floor":12},{"not_picked":["Reboot","Fission"],"picked":"Creative AI","floor":16},{"not_picked":["Sweeping Beam","Turbo"],"picked":"Conserve Battery+1","floor":18},{"not_picked":["Conserve Battery","Meteor Strike"],"picked":"Hologram","floor":19},{"not_picked":["Reinforced Body","Steam Power"],"picked":"Stack","floor":20},{"not_picked":["Force Field+1","Ball Lightning"],"picked":"Gash+1","floor":22},{"not_picked":["Hologram","Fission"],"picked":"Redo","floor":27},{"not_picked":["Fusion","Coolheaded"],"picked":"Aggregate+1","floor":28},{"not_picked":["Tempest","FTL"],"picked":"Leap+1","floor":29},{"not_picked":["Chaos","Sunder"],"picked":"Loop+1","floor":31},{"not_picked":["Biased Cognition+1","Thunder Strike"],"picked":"Meteor Strike","floor":33},{"not_picked":["Loop+1","Cold Snap+1"],"picked":"White Noise+1","floor":35},{"not_picked":["Sweeping Beam+1","Lockon"],"picked":"Steam+1","floor":38},{"not_picked":["Steam","Turbo"],"picked":"FTL","floor":39},{"not_picked":["Fusion","Ball Lightning"],"picked":"Cold Snap+1","floor":41},{"not_picked":["Consume+1","Gash+1"],"picked":"Capacitor+1","floor":45},{"not_picked":["Leap","Coolheaded+1"],"picked":"Creative AI+1","floor":46}],"player_experience":411904,"relics_obtained":[{"floor":9,"key":"Tiny Chest"},{"floor":14,"key":"Shuriken"},{"floor":26,"key":"Frozen Egg 2"},{"floor":28,"key":"Unceasing Top"},{"floor":34,"key":"Vajra"},{"floor":34,"key":"Darkstone Periapt"},{"floor":34,"key":"Nunchaku"},{"floor":41,"key":"Ice Cream"},{"floor":43,"key":"Lantern"}],"event_choices":[{"cards_removed":["Strike_B"],"damage_healed":0,"gold_gain":0,"player_choice":"Card Removal","damage_taken":7,"max_hp_gain":0,"max_hp_loss":0,"event_name":"Golden Wing","floor":2,"gold_loss":0},{"damage_healed":0,"gold_gain":175,"player_choice":"AGREE","damage_taken":0,"max_hp_gain":0,"max_hp_loss":0,"event_name":"Liars Game","floor":3,"gold_loss":0,"cards_obtained":["Doubt"]},{"damage_healed":0,"gold_gain":75,"player_choice":"Gather Gold","damage_taken":11,"max_hp_gain":0,"max_hp_loss":0,"event_name":"World of Goop","floor":10,"gold_loss":0},{"cards_removed":["Strike_B"],"damage_healed":0,"gold_gain":0,"player_choice":"Purged","damage_taken":0,"max_hp_gain":0,"max_hp_loss":0,"event_name":"Purifier","floor":24,"gold_loss":0},{"damage_healed":0,"gold_gain":0,"player_choice":"Trade","damage_taken":0,"relics_obtained":["CultistMask"],"max_hp_gain":0,"max_hp_loss":0,"event_name":"FaceTrader","floor":37,"gold_loss":0},{"damage_healed":0,"gold_gain":0,"player_choice":"Fight","damage_taken":0,"max_hp_gain":0,"max_hp_loss":0,"event_name":"Mysterious Sphere","floor":41,"gold_loss":0}],"is_beta":false,"boss_relics":[{"not_picked":["Lizard Tail","Orrery"],"picked":"Eternal Feather"},{"not_picked":["Fusion Hammer","Velvet Choker"],"picked":"Calling Bell"}],"items_purged_floors":[21,36],"is_endless":false,"potions_floor_spawned":[1,4,19,27,28,31,33,35,39,46],"killed_by":"4 Shapes","ascension_level":2}