{"gold_per_floor":[115,135,135,49,49,49,78,78,78,78,93,93,114,39,39,117,117,137,137,137,152,152,152,170,181,181,181,181,65,80,80,80,154,154,173,173,193,210,110,142,160,173,173,173,173,123,158,171,171,171,171,171,171,0,28,28],"floor_reached":57,"playtime":2982,"items_purged":["Strike_G","Strike_G","Defend_G","Defend_G"],"score":2691,"play_id":"84ea7146-bd06-4b30-8b77-391e2473a678","local_time":"20190709005850","is_ascension_mode":true,"campfire_choices":[{"data":"Catalyst","floor":6.0,"key":"SMITH"},{"data":"Neutralize","floor":8.0,"key":"SMITH"},{"floor":10.0,"key":"RECALL"},{"data":"Footwork","floor":12.0,"key":"SMITH"},{"floor":15.0,"key":"REST"},{"data":"Acrobatics","floor":23.0,"key":"SMITH"},{"data":"Ghostly","floor":28.0,"key":"SMITH"},{"data":"Ghostly","floor":32.0,"key":"SMITH"},{"data":"Ghostly","floor":44.0,"key":"SMITH"},{"floor":49.0,"key":"REST"},{"data":"Malaise","floor":53.0,"key":"SMITH"}],"neow_cost":"NONE","seed_source_timestamp":28746079441238,"circlet_count":0,"master_deck":["AscendersBane","Defend_G","Defend_G","Survivor","Neutralize+1","Deadly Poison+1","Catalyst+1","Footwork+1","Grand Finale","Ghostly+1","Ghostly+1","Ghostly+1","Acrobatics+1","Escape Plan","Noxious Fumes","Malaise+1","Catalyst+1","Calculated Gamble"],"special_seed":0,"relics":["Empty Cage","Darkstone Periapt","Odd Mushroom","Runic Pyramid","Nunchaku","Black Star","Smiling Mask","Bag of Preparation","Girya","Tingsha","Letter Opener","Dodecahedron"],"potions_floor_usage":[56],"damage_taken":[{"damage":3.0,"enemies":"Jaw Worm","floor":1.0,"turns":6.0},{"damage":5.0,"enemies":"Small Slimes","floor":2.0,"turns":5.0},{"damage":15.0,"enemies":"Lagavulin","floor":7.0,"turns":4.0},{"damage":0.0,"enemies":"2 Louse","floor":11.0,"turns":2.0},{"damage":19.0,"enemies":"The Mushroom Lair","floor":13.0,"turns":7.0},{"damage":11.0,"enemies":"The Guardian","floor":16.0,"turns":9.0},{"damage":1.0,"enemies":"Chosen","floor":18.0,"turns":4.0},{"damage":1.0,"enemies":"Spheric Guardian","floor":21.0,"turns":5.0},{"damage":6.0,"enemies":"Centurion and Healer","floor":24.0,"turns":5.0},{"damage":0.0,"enemies":"Snake Plant","floor":25.0,"turns":4.0},{"damage":5.0,"enemies":"Cultist and Chosen","floor":30.0,"turns":7.0},{"damage":0.0,"enemies":"Colosseum Slavers","floor":31.0,"turns":4.0},{"damage":0.0,"enemies":"Collector","floor":33.0,"turns":8.0},{"damage":2.0,"enemies":"3 Shapes","floor":35.0,"turns":5.0},{"damage":2.0,"enemies":"3 Darklings","floor":37.0,"turns":3.0},{"damage":2.0,"enemies":"Spire Growth","floor":38.0,"turns":5.0},{"damage":5.0,"enemies":"Reptomancer","floor":40.0,"turns":4.0},{"damage":0.0,"enemies":"Maw","floor":41.0,"turns":5.0},{"damage":1.0,"enemies":"Jaw Worm Horde","floor":42.0,"turns":3.0},{"damage":2.0,"enemies":"Giant Head","floor":47.0,"turns":6.0},{"damage":0.0,"enemies":"Transient","floor":48.0,"turns":6.0},{"damage":5.0,"enemies":"Time Eater","floor":50.0,"turns":8.0},{"damage":15.0,"enemies":"Donu and Deca","floor":51.0,"turns":10.0},{"damage":6.0,"enemies":"Shield and Spear","floor":55.0,"turns":6.0},{"damage":8,"enemies":"The Heart","floor":56,"turns":9}],"seed_played":"-574916384288252681","potions_obtained":[{"floor":11.0,"key":"SpeedPotion"},{"floor":13.0,"key":"Block Potion"},{"floor":16.0,"key":"Fire Potion"},{"floor":18.0,"key":"GhostInAJar"},{"floor":21.0,"key":"Swift Potion"}],"is_trial":false,"path_per_floor":["M","M","?","$","?","R","E","R","T","R","M","R","?","?","R","B",null,"M","?","?","M","T","R","M","M","T","?","R","$","M","?","R","B",null,"M","?","M","M","$","E","M","M","T","R","?","$","E","M","R","B","B",null,"R","$","E","B",null],"character_chosen":"THE_SILENT","items_purchased":["Catalyst","Noxious Fumes","GhostInAJar","Calculated Gamble"],"campfire_rested":2,"item_purchase_floors":[4,29,54,54],"current_hp_per_floor":[56,51,44,44,44,44,29,29,29,29,29,29,10,10,29,18,54,53,33,26,25,25,25,19,19,19,19,19,19,14,14,14,14,32,30,30,28,26,26,21,21,20,20,20,20,20,18,18,29,24,9,31,31,31,25,17],"gold":28,"neow_bonus":"BOSS_RELIC","is_prod":false,"is_daily":false,"chose_seed":false,"campfire_upgraded":8,"win_rate":0,"timestamp":1562605130,"path_taken":["M","M","?","$","?","R","E","R","T","R","M","R","?","?","R","BOSS","M","?","?","M","?","R","M","?","T","?","R","$","M","?","R","BOSS","M","?","M","M","$","E","M","M","T","R","?","?","E","?","R","BOSS","BOSS","R","$","E","BOSS"],"build_version":"2019-07-05","purchased_purges":4,"victory":true,"max_hp_per_floor":[66,66,66,66,66,66,66,66,66,66,66,66,66,66,66,66,66,66,33,38,38,38,38,38,38,38,38,38,38,38,38,38,38,38,38,38,38,38,38,38,38,38,38,38,38,38,38,38,38,38,38,38,38,38,38,38],"card_choices":[{"not_picked":["Escape Plan","PiercingWail"],"picked":"Deadly Poison","floor":1.0},{"not_picked":["Sucker Punch","Outmaneuver","Underhanded Strike"],"picked":"SKIP","floor":2.0},{"not_picked":["Bouncing Flask","Riddle With Holes","Accuracy"],"picked":"SKIP","floor":7.0},{"not_picked":["Poisoned Stab","Venomology"],"picked":"Footwork","floor":11.0},{"not_picked":["Envenom","Storm of Steel"],"picked":"Grand Finale","floor":16.0},{"not_picked":["Accuracy","Poisoned Stab","Dodge and Roll"],"picked":"SKIP","floor":18.0},{"not_picked":["Backstab","Blade Dance"],"picked":"Acrobatics","floor":21.0},{"not_picked":["Caltrops","Poisoned Stab","Masterful Stab"],"picked":"SKIP","floor":24.0},{"not_picked":["Bane","Deadly Poison+1","Poisoned Stab+1"],"picked":"SKIP","floor":25.0},{"not_picked":["Masterful Stab","Sucker Punch","Heel Hook"],"picked":"SKIP","floor":30.0},{"not_picked":["Unload","Glass Knife"],"picked":"Malaise","floor":33.0},{"not_picked":["Leg Sweep+1","Quick Slash"],"picked":"Catalyst+1","floor":35.0},{"not_picked":["Terror","Setup","Deadly Poison"],"picked":"SKIP","floor":37.0},{"not_picked":["Flechettes","Accuracy+1","Eviscerate"],"picked":"SKIP","floor":38.0},{"not_picked":["Quick Slash+1","Catalyst+1","Backflip"],"picked":"SKIP","floor":40.0},{"not_picked":["Heel Hook","Terror","Blur"],"picked":"SKIP","floor":41.0},{"not_picked":["Blade Dance","Reflex","Skewer+1"],"picked":"SKIP","floor":42.0},{"not_picked":["Accuracy","Flying Knee+1","Grand Finale"],"picked":"SKIP","floor":47.0},{"not_picked":["Outmaneuver","Dodge and Roll","Distraction"],"picked":"SKIP","floor":48.0},{"not_picked":["Outmaneuver","Dodge and Roll","Distraction"],"picked":"SKIP","floor":48.0},{"not_picked":["Outmaneuver","Dodge and Roll","Distraction"],"picked":"SKIP","floor":48.0},{"not_picked":["Envenom","Well Laid Plans+1","Quick Slash"],"picked":"SKIP","floor":55.0}],"player_experience":1067250,"relics_obtained":[{"floor":7.0,"key":"Darkstone Periapt"},{"floor":13.0,"key":"Odd Mushroom"},{"floor":22.0,"key":"Nunchaku"},{"floor":40.0,"key":"Smiling Mask"},{"floor":40.0,"key":"Bag of Preparation"},{"floor":47.0,"key":"Girya"},{"floor":47.0,"key":"Tingsha"},{"floor":55.0,"key":"Letter Opener"},{"floor":55.0,"key":"Dodecahedron"}],"event_choices":[{"cards_removed":["Strike_G"],"damage_healed":0.0,"max_hp_gain":0.0,"max_hp_loss":0.0,"gold_gain":0.0,"event_name":"Golden Wing","player_choice":"Card Removal","floor":3.0,"gold_loss":0.0,"damage_taken":7.0},{"damage_healed":0.0,"max_hp_gain":0.0,"max_hp_loss":0.0,"gold_gain":0.0,"event_name":"Living Wall","player_choice":"Grow","floor":5.0,"gold_loss":0.0,"damage_taken":0.0,"cards_upgraded":["Deadly Poison"]},{"damage_healed":0.0,"max_hp_gain":0.0,"max_hp_loss":0.0,"gold_gain":0.0,"event_name":"Mushrooms","player_choice":"Fought Mushrooms","floor":13.0,"gold_loss":0.0,"damage_taken":0.0},{"cards_removed":["Strike_G"],"damage_healed":0.0,"max_hp_gain":0.0,"max_hp_loss":0.0,"gold_gain":0.0,"event_name":"The Cleric","player_choice":"Card Removal","floor":14.0,"gold_loss":75.0,"damage_taken":0.0},{"damage_healed":0.0,"max_hp_gain":0.0,"max_hp_loss":33.0,"gold_gain":0.0,"event_name":"Ghosts","player_choice":"Became a Ghost","floor":19.0,"gold_loss":0.0,"damage_taken":0.0,"cards_obtained":["Ghostly","Ghostly","Ghostly"]},{"damage_healed":0.0,"max_hp_gain":5.0,"max_hp_loss":0.0,"gold_gain":0.0,"event_name":"Forgotten Altar","player_choice":"Shed Blood","floor":20.0,"gold_loss":0.0,"damage_taken":12.0},{"damage_healed":0.0,"max_hp_gain":0.0,"max_hp_loss":0.0,"gold_gain":0.0,"event_name":"The Library","player_choice":"Read","floor":27.0,"gold_loss":0.0,"damage_taken":0.0,"cards_obtained":["Escape Plan"]},{"damage_healed":0.0,"max_hp_gain":0.0,"max_hp_loss":0.0,"gold_gain":0.0,"event_name":"Colosseum","player_choice":"Fight","floor":31.0,"gold_loss":0.0,"damage_taken":0.0},{"damage_healed":0.0,"max_hp_gain":0.0,"max_hp_loss":0.0,"gold_gain":0.0,"event_name":"Colosseum","player_choice":"Fled From Nobs","floor":31.0,"gold_loss":0.0,"damage_taken":0.0},{"damage_healed":0.0,"max_hp_gain":0.0,"max_hp_loss":0.0,"gold_gain":0.0,"event_name":"Mysterious Sphere","player_choice":"Ignored","floor":36.0,"gold_loss":0.0,"damage_taken":0.0},{"damage_healed":0.0,"max_hp_gain":0.0,"max_hp_loss":0.0,"gold_gain":0.0,"event_name":"SensoryStone","player_choice":"Memory 1","floor":45.0,"gold_loss":0.0,"damage_taken":0.0}],"is_beta":false,"boss_relics":[{"not_picked":["Astrolabe","Runic Dome"],"picked":"Runic Pyramid"},{"not_picked":["Velvet Choker","Fusion Hammer"],"picked":"Black Star"}],"items_purged_floors":[29,39,46,54],"is_endless":false,"potions_floor_spawned":[11,13,16,18,21,33,37,41,47],"ascension_level":20}