{"gold_per_floor":[15,33,53,3,22,50,50,69,94,119,119,119,142,142,142,272,335,358,374,5,5,5,36,75,75,75,93,93,93,93,106,106,209,209,222,234,234,234,334,334],"floor_reached":40,"playtime":2479,"items_purged":["Strike_G"],"score":464,"play_id":"5eff536a-93ec-4f30-8a72-ebf09bea1165","local_time":"20181227003055","is_ascension_mode":false,"campfire_choices":[{"data":"Corpse Explosion","floor":7,"key":"SMITH"},{"floor":12,"key":"REST"},{"floor":15,"key":"RECALL"},{"floor":25,"key":"REST"},{"data":"Bullet Time","floor":28,"key":"SMITH"},{"floor":30,"key":"REST"},{"data":"Blur","floor":32,"key":"SMITH"}],"neow_cost":"NO_GOLD","seed_source_timestamp":2206187769800562,"circlet_count":0,"master_deck":["Defend_G","Defend_G","Defend_G","Defend_G","Defend_G","Strike_G","Strike_G","Strike_G","Strike_G","Survivor+1","Neutralize","Corpse Explosion+1","PiercingWail","Poisoned Stab","Backflip","Backflip","Bane","Poisoned Stab","Doppelganger","Flying Knee","Bane+1","Bullet Time+1","Poisoned Stab","Poisoned Stab","Blur+1","Acrobatics","Bullet Time","Backflip+1","Dodge and Roll+1","Bane","Flying Knee+1","Deflect","Cloak And Dagger","Acrobatics"],"relics":["Ring of the Snake","WingedGreaves","Smiling Mask","Happy Flower","Regal Pillow","Bloody Idol","Tiny House","PreservedInsect","Red Mask","Gambling Chip","Orrery","Turnip","Mango"],"potions_floor_usage":[6,10,10,23,33,40],"damage_taken":[{"damage":1,"enemies":"Cultist","floor":1,"turns":4},{"damage":1,"enemies":"Jaw Worm","floor":2,"turns":5},{"damage":0,"enemies":"2 Louse","floor":3,"turns":2},{"damage":4,"enemies":"Blue Slaver","floor":5,"turns":4},{"damage":34,"enemies":"Lagavulin","floor":6,"turns":7},{"damage":0,"enemies":"3 Louse","floor":8,"turns":3},{"damage":3,"enemies":"Gremlin Nob","floor":10,"turns":3},{"damage":0,"enemies":"2 Fungi Beasts","floor":13,"turns":2},{"damage":22,"enemies":"Hexaghost","floor":16,"turns":8},{"damage":15,"enemies":"2 Thieves","floor":18,"turns":3},{"damage":20,"enemies":"Chosen","floor":19,"turns":5},{"damage":10,"enemies":"Masked Bandits","floor":23,"turns":4},{"damage":30,"enemies":"Slavers","floor":24,"turns":4},{"damage":12,"enemies":"Snake Plant","floor":27,"turns":4},{"damage":7,"enemies":"3 Cultists","floor":31,"turns":4},{"damage":83,"enemies":"Automaton","floor":33,"turns":11},{"damage":24,"enemies":"Orb Walker","floor":35,"turns":6},{"damage":18,"enemies":"3 Darklings","floor":36,"turns":4},{"damage":8,"enemies":"Mind Bloom Boss Battle","floor":39,"turns":10},{"damage":59,"enemies":"Nemesis","floor":40,"turns":6}],"seed_played":"8112923936823581396","potions_obtained":[{"floor":2,"key":"GhostInAJar"},{"floor":3,"key":"FairyPotion"},{"floor":6,"key":"Fire Potion"},{"floor":8,"key":"Explosive Potion"},{"floor":16,"key":"SpeedPotion"},{"floor":17,"key":"Ancient Potion"},{"floor":31,"key":"Ancient Potion"},{"floor":33,"key":"Dexterity Potion"}],"is_trial":false,"path_per_floor":["M","M","M","?","M","E","R","M","T","E","?","R","M","?","R","B",null,"M","M","$","?","?","?","E","R","T","M","R","?","R","M","R","B",null,"M","M","?","T","?","E"],"character_chosen":"THE_SILENT","items_purchased":["Bullet Time","PreservedInsect","Poisoned Stab"],"campfire_rested":3,"item_purchase_floors":[20,20,20],"current_hp_per_floor":[69,68,68,68,64,30,30,30,30,27,10,46,46,46,46,24,75,60,40,40,40,65,55,25,62,62,50,50,50,75,73,73,12,75,56,43,43,43,54,0],"gold":334,"neow_bonus":"THREE_RARE_CARDS","is_prod":false,"is_daily":false,"chose_seed":false,"campfire_upgraded":3,"win_rate":0,"timestamp":1545831055,"path_taken":["M","M","M","?","?","E","R","M","T","E","?","R","M","?","R","BOSS","M","M","$","?","?","?","E","R","T","M","R","?","R","?","R","BOSS","M","M","?","?","?","E"],"build_version":"2018-12-20","purchased_purges":1,"victory":false,"max_hp_per_floor":[70,70,70,70,70,70,70,70,70,70,70,70,70,70,70,70,75,75,75,75,75,75,75,75,75,75,75,75,75,75,75,75,75,75,75,75,75,75,89,89],"card_choices":[{"not_picked":["A Thousand Cuts","Glass Knife"],"picked":"Corpse Explosion","floor":0},{"not_picked":["Sucker Punch","Endless Agony"],"picked":"PiercingWail","floor":1},{"not_picked":["Setup","PiercingWail","Sucker Punch"],"picked":"SKIP","floor":2},{"not_picked":["Escape Plan","Bouncing Flask"],"picked":"Poisoned Stab","floor":3},{"not_picked":["Slice","Reflex"],"picked":"Backflip","floor":5},{"not_picked":["Outmaneuver","Endless Agony"],"picked":"Backflip","floor":6},{"not_picked":["Slice","Sucker Punch"],"picked":"Bane","floor":8},{"not_picked":["Outmaneuver","Quick Slash"],"picked":"Poisoned Stab","floor":10},{"not_picked":["Dagger Throw","Heel Hook","Endless Agony"],"picked":"SKIP","floor":13},{"not_picked":["Corpse Explosion","Storm of Steel"],"picked":"Doppelganger","floor":16},{"not_picked":["Concentrate","Masterful Stab"],"picked":"Flying Knee","floor":17},{"not_picked":["Heel Hook","Expertise","Accuracy+1"],"picked":"SKIP","floor":18},{"not_picked":["Cloak And Dagger","Prepared"],"picked":"Bane+1","floor":19},{"not_picked":["Grand Finale","Endless Agony"],"picked":"Poisoned Stab","floor":23},{"not_picked":["Predator+1","Escape Plan+1"],"picked":"Blur","floor":24},{"not_picked":["Expertise","Cloak And Dagger+1"],"picked":"Bane","floor":27},{"not_picked":["Infinite Blades","Predator"],"picked":"Acrobatics","floor":31},{"not_picked":["Adrenaline","Die Die Die"],"picked":"Bullet Time","floor":33},{"not_picked":["Underhanded Strike","Prepared"],"picked":"Backflip+1","floor":34},{"not_picked":["PiercingWail+1","Cloak And Dagger"],"picked":"Dodge and Roll+1","floor":34},{"not_picked":["Dodge and Roll","Grand Finale"],"picked":"Bane","floor":34},{"not_picked":["Escape Plan","Dagger Throw"],"picked":"Flying Knee+1","floor":34},{"not_picked":["Infinite Blades","Dagger Spray"],"picked":"Deflect","floor":35},{"not_picked":["Endless Agony+1","Expertise"],"picked":"Cloak And Dagger","floor":36},{"not_picked":["Endless Agony+1","Reflex"],"picked":"Acrobatics","floor":39}],"player_experience":322579,"relics_obtained":[{"floor":6,"key":"Smiling Mask"},{"floor":9,"key":"Happy Flower"},{"floor":10,"key":"Regal Pillow"},{"floor":23,"key":"Red Mask"},{"floor":24,"key":"Gambling Chip"},{"floor":38,"key":"Turnip"},{"floor":39,"key":"Mango"}],"event_choices":[{"damage_healed":0,"gold_gain":0,"player_choice":"Paid Gold","damage_taken":0,"relics_obtained":["WingedGreaves"],"max_hp_gain":0,"max_hp_loss":0,"event_name":"WeMeetAgain","floor":4,"gold_loss":50},{"damage_healed":0,"gold_gain":0,"player_choice":"Take Damage","damage_taken":17,"relics_obtained":["Golden Idol"],"max_hp_gain":0,"max_hp_loss":0,"event_name":"Golden Idol","floor":11,"gold_loss":0},{"damage_healed":0,"gold_gain":0,"player_choice":"Ignored","damage_taken":0,"max_hp_gain":0,"max_hp_loss":0,"event_name":"Liars Game","floor":14,"gold_loss":0},{"damage_healed":0,"gold_gain":0,"player_choice":"Ignored","damage_taken":0,"max_hp_gain":0,"max_hp_loss":0,"event_name":"Ghosts","floor":21,"gold_loss":0},{"damage_healed":25,"gold_gain":0,"player_choice":"Heal","damage_taken":0,"max_hp_gain":0,"max_hp_loss":0,"event_name":"The Library","floor":22,"gold_loss":0},{"damage_healed":0,"gold_gain":0,"player_choice":"Fought Bandits","damage_taken":0,"max_hp_gain":0,"max_hp_loss":0,"event_name":"Masked Bandits","floor":23,"gold_loss":0},{"damage_healed":0,"gold_gain":0,"player_choice":"Gave Idol","damage_taken":0,"relics_obtained":["Bloody Idol"],"max_hp_gain":0,"max_hp_loss":0,"event_name":"Forgotten Altar","floor":29,"relics_lost":["Golden Idol"],"gold_loss":0},{"cards_removed":["Bane"],"damage_healed":0,"gold_gain":0,"player_choice":"Removed Attack","damage_taken":0,"max_hp_gain":0,"max_hp_loss":0,"event_name":"Falling","floor":37,"gold_loss":0},{"damage_healed":0,"gold_gain":0,"player_choice":"Fight","damage_taken":0,"max_hp_gain":0,"max_hp_loss":0,"event_name":"MindBloom","floor":39,"gold_loss":0}],"is_beta":false,"boss_relics":[{"not_picked":["Runic Dome","Sozu"],"picked":"Tiny House"},{"not_picked":["HoveringKite","WristBlade"],"picked":"Orrery"}],"items_purged_floors":[20],"is_endless":false,"potions_floor_spawned":[2,3,6,8,16,31,33],"killed_by":"Nemesis","ascension_level":0}