{"gold_per_floor":[366,385,385,16,36,36,69,69,69,113,113,192,205,225,225,356,356,381,381,55,74,164,164,208,208,235,235,40,54,54,5,5,5],"floor_reached":33,"playtime":10420,"items_purged":["Strike_R"],"score":285,"play_id":"4031ad0e-eec7-43a4-91ea-163eb6b91438","local_time":"20190326164146","is_ascension_mode":true,"campfire_choices":[{"floor":6,"key":"RECALL"},{"floor":8,"key":"REST"},{"floor":11,"key":"REST"},{"floor":15,"key":"REST"},{"floor":23,"key":"REST"},{"floor":25,"key":"REST"},{"floor":27,"key":"REST"},{"floor":32,"key":"REST"}],"neow_cost":"TEN_PERCENT_HP_LOSS","seed_source_timestamp":1056820791112900,"circlet_count":0,"master_deck":["Strike_R","Strike_R","Strike_R","Strike_R","Defend_R","Defend_R","Defend_R","Defend_R","Bash","Infernal Blade","Apotheosis","Spot Weakness","Metallicize","Iron Wave","Fire Breathing","Whirlwind","Demon Form","J.A.X.","All For One","Slice+1"],"relics":["Burning Blood","Golden Idol","Dream Catcher","Matryoshka","Bag of Marbles","Boot","WingedGreaves","Lizard Tail","PrismaticShard","Paper Frog","Oddly Smooth Stone","Smiling Mask","Lantern"],"potions_floor_usage":[7,7,16,16,24,24,24,33,33],"damage_taken":[{"damage":10,"enemies":"Jaw Worm","floor":1,"turns":6},{"damage":0,"enemies":"2 Louse","floor":2,"turns":3},{"damage":1,"enemies":"Cultist","floor":5,"turns":4},{"damage":3,"enemies":"3 Sentries","floor":7,"turns":8},{"damage":13,"enemies":"Lagavulin","floor":10,"turns":6},{"damage":31,"enemies":"Lagavulin Event","floor":12,"turns":8},{"damage":17,"enemies":"Large Slime","floor":13,"turns":5},{"damage":9,"enemies":"3 Louse","floor":14,"turns":4},{"damage":41,"enemies":"Hexaghost","floor":16,"turns":10},{"damage":5,"enemies":"3 Byrds","floor":18,"turns":4},{"damage":20,"enemies":"Spheric Guardian","floor":21,"turns":5},{"damage":91,"enemies":"Slavers","floor":24,"turns":7},{"damage":46,"enemies":"Shelled Parasite and Fungi","floor":29,"turns":6},{"damage":30,"enemies":"Colosseum Slavers","floor":30,"turns":6},{"damage":47,"enemies":"Champ","floor":33,"turns":5}],"seed_played":"-4187450410516472628","potions_obtained":[{"floor":1,"key":"EssenceOfSteel"},{"floor":2,"key":"Ancient Potion"},{"floor":10,"key":"Strength Potion"},{"floor":14,"key":"Ancient Potion"},{"floor":21,"key":"Weak Potion"},{"floor":24,"key":"SpeedPotion"}],"is_trial":false,"path_per_floor":["M","M","?","$","M","R","E","R","T","E","R","?","M","M","R","B",null,"M","?","$","M","?","R","E","R","T","R","$","M","?","$","R","B"],"character_chosen":"IRONCLAD","items_purchased":["Apotheosis","Spot Weakness","Dream Catcher","Regen Potion","PrismaticShard","Strength Potion","Lantern","AttackPotion"],"campfire_rested":7,"item_purchase_floors":[4,4,4,20,20,20,28,31],"current_hp_per_floor":[68,72,54,54,59,59,62,72,72,65,72,47,36,33,54,19,72,72,72,72,58,44,65,36,57,57,72,72,32,8,8,29,0],"gold":5,"neow_bonus":"TWO_FIFTY_GOLD","is_prod":false,"is_daily":false,"chose_seed":false,"campfire_upgraded":0,"win_rate":0,"timestamp":1553643706,"path_taken":["M","M","?","$","M","R","E","R","T","E","R","?","M","M","R","BOSS","M","?","$","M","?","R","E","R","T","R","$","?","?","$","R","BOSS"],"build_version":"2019-01-23","purchased_purges":1,"victory":false,"max_hp_per_floor":[72,72,72,72,72,72,72,72,72,72,72,72,72,72,72,72,72,72,72,72,72,72,72,72,72,72,72,72,72,72,72,72,72],"card_choices":[{"not_picked":["Rupture","Pommel Strike"],"picked":"Infernal Blade","floor":1},{"not_picked":["Twin Strike","Clothesline","Seeing Red"],"picked":"SKIP","floor":2},{"not_picked":["Armaments","Pommel Strike"],"picked":"Metallicize","floor":5},{"not_picked":["Disarm","Armaments","Twin Strike"],"picked":"SKIP","floor":7},{"not_picked":["Uppercut","Seeing Red"],"picked":"Iron Wave","floor":8},{"not_picked":["Carnage","Feel No Pain"],"picked":"Fire Breathing","floor":10},{"not_picked":["Feel No Pain","Reckless Charge","Rage"],"picked":"SKIP","floor":13},{"not_picked":["Pummel","Brutality","Battle Trance"],"picked":"SKIP","floor":14},{"not_picked":["Heavy Blade","Rage"],"picked":"Whirlwind","floor":15},{"not_picked":["Offering","Bludgeon"],"picked":"Demon Form","floor":16},{"not_picked":["Anger","Wild Strike+1","Perfected Strike+1"],"picked":"SKIP","floor":18},{"not_picked":["Pommel Strike","Reprogram","Warcry"],"picked":"SKIP","floor":21},{"not_picked":["Sucker Punch","Perfected Strike+1"],"picked":"All For One","floor":24},{"not_picked":["Bane","Sucker Punch"],"picked":"Slice+1","floor":27},{"not_picked":["Flash of Steel","Dagger Throw","Anger"],"picked":"SKIP","floor":29}],"player_experience":375739,"relics_obtained":[{"floor":7,"key":"Matryoshka"},{"floor":9,"key":"Bag of Marbles"},{"floor":10,"key":"Boot"},{"floor":24,"key":"Paper Frog"},{"floor":26,"key":"Oddly Smooth Stone"},{"floor":26,"key":"Smiling Mask"}],"event_choices":[{"damage_healed":0,"gold_gain":0,"player_choice":"Take Damage","damage_taken":18,"relics_obtained":["Golden Idol"],"max_hp_gain":0,"max_hp_loss":0,"event_name":"Golden Idol","floor":3,"gold_loss":0},{"damage_healed":0,"gold_gain":0,"player_choice":"Searched \u00272\u0027 times","damage_taken":0,"relics_obtained":["WingedGreaves"],"max_hp_gain":0,"max_hp_loss":0,"event_name":"Dead Adventurer","floor":12,"gold_loss":0},{"damage_healed":0,"gold_gain":0,"player_choice":"Obtain J.A.X.","damage_taken":0,"max_hp_gain":0,"max_hp_loss":0,"event_name":"Drug Dealer","floor":19,"gold_loss":0,"cards_obtained":["J.A.X."]},{"damage_healed":0,"gold_gain":90,"player_choice":"GOLD ","damage_taken":14,"max_hp_gain":0,"max_hp_loss":0,"event_name":"Knowing Skull","floor":22,"potions_obtained":[],"gold_loss":0,"cards_obtained":[]},{"damage_healed":0,"gold_gain":0,"player_choice":"Fight","damage_taken":0,"max_hp_gain":0,"max_hp_loss":0,"event_name":"Colosseum","floor":30,"gold_loss":0},{"damage_healed":0,"gold_gain":0,"player_choice":"Fled From Nobs","damage_taken":0,"max_hp_gain":0,"max_hp_loss":0,"event_name":"Colosseum","floor":30,"gold_loss":0}],"is_beta":false,"boss_relics":[{"not_picked":["Velvet Choker","Runic Pyramid"],"picked":"Lizard Tail"}],"items_purged_floors":[28],"is_endless":false,"potions_floor_spawned":[1,2,10,14,21,24],"killed_by":"Champ","ascension_level":1}