{"gold_per_floor":[109,121,121,121,132,165,90,90,90,120,89,103,103,115,115,217,217,235,97,115,125,125],"floor_reached":22,"playtime":3151,"items_purged":["Strike_R","Strike_R"],"score":211,"play_id":"0eee3727-5858-4619-af54-5a76791f512a","local_time":"20190807193154","is_ascension_mode":false,"campfire_choices":[{"floor":8,"key":"REST"},{"floor":15,"key":"REST"}],"neow_cost":"NONE","seed_source_timestamp":150966197692283,"circlet_count":0,"master_deck":["Strike_R","Strike_R","Defend_R","Defend_R","Defend_R","Defend_R","Bash","Armaments","Body Slam","Body Slam","True Grit","Feed","Entrench","Rampage","Carnage","Corruption"],"relics":["Mark of Pain","Mango","Letter Opener","Charon\u0027s Ashes","Sozu"],"potions_floor_usage":[6,14],"damage_taken":[{"damage":6,"enemies":"Jaw Worm","floor":1,"turns":4},{"damage":5,"enemies":"2 Louse","floor":2,"turns":3},{"damage":10,"enemies":"Small Slimes","floor":5,"turns":3},{"damage":46,"enemies":"Gremlin Nob","floor":6,"turns":6},{"damage":2,"enemies":"Exordium Wildlife","floor":12,"turns":6},{"damage":3,"enemies":"Gremlin Gang","floor":14,"turns":4},{"damage":38,"enemies":"The Guardian","floor":16,"turns":14},{"damage":38,"enemies":"Spheric Guardian","floor":18,"turns":6},{"damage":21,"enemies":"2 Thieves","floor":20,"turns":5},{"damage":33,"enemies":"Snake Plant","floor":21,"turns":5}],"seed_played":"-4202635962719478931","potions_obtained":[{"floor":2,"key":"SkillPotion"},{"floor":12,"key":"Explosive Potion"}],"is_trial":false,"path_per_floor":["M","M","?","?","M","E","$","R","T","?","?","M","T","M","R","B",null,"M","$","M","M","?"],"character_chosen":"IRONCLAD","items_purchased":["Rampage"],"campfire_rested":2,"item_purchase_floors":[19],"current_hp_per_floor":[74,69,69,58,48,2,2,30,30,30,30,28,28,25,53,15,94,56,56,38,5,0],"gold":125,"neow_bonus":"BOSS_RELIC","is_prod":false,"is_daily":false,"chose_seed":false,"campfire_upgraded":0,"win_rate":0,"timestamp":1565220714,"path_taken":["M","M","?","?","M","E","$","R","T","?","?","M","?","M","R","BOSS","M","$","M","M","?"],"build_version":"2019-07-17","purchased_purges":2,"victory":false,"max_hp_per_floor":[80,80,80,94,94,94,94,94,94,94,94,94,94,94,94,94,94,94,94,97,97,97],"card_choices":[{"not_picked":["Flex","Pommel Strike","Clothesline"],"picked":"SKIP","floor":1},{"not_picked":["Metallicize","Havoc","Clash"],"picked":"SKIP","floor":2},{"not_picked":["Pommel Strike","Sever Soul"],"picked":"Armaments","floor":5},{"not_picked":["Fire Breathing","Feel No Pain"],"picked":"Body Slam","floor":6},{"not_picked":["Fiend Fire","Havoc"],"picked":"Body Slam","floor":12},{"not_picked":["Rupture","Infernal Blade"],"picked":"True Grit","floor":14},{"not_picked":["Fiend Fire","Limit Break"],"picked":"Feed","floor":16},{"not_picked":["Perfected Strike+1","Anger+1"],"picked":"Entrench","floor":18},{"not_picked":["Cleave","Sword Boomerang"],"picked":"Carnage","floor":20},{"not_picked":["Offering","Havoc"],"picked":"Corruption","floor":21}],"player_experience":70281,"relics_obtained":[{"floor":6,"key":"Letter Opener"},{"floor":9,"key":"Charon\u0027s Ashes"}],"event_choices":[{"cards_removed":["Strike_R"],"damage_healed":0,"gold_gain":0,"player_choice":"Forget","damage_taken":0,"max_hp_gain":0,"max_hp_loss":0,"event_name":"Living Wall","floor":3,"gold_loss":0},{"damage_healed":0,"gold_gain":0,"player_choice":"Success","damage_taken":25,"relics_obtained":["Mango"],"max_hp_gain":0,"max_hp_loss":0,"event_name":"Scrap Ooze","floor":4,"gold_loss":0},{"damage_healed":0,"gold_gain":30,"player_choice":"Searched \u00271\u0027 times","damage_taken":0,"max_hp_gain":0,"max_hp_loss":0,"event_name":"Dead Adventurer","floor":10,"gold_loss":0},{"damage_healed":0,"gold_gain":0,"player_choice":"Left Gold","damage_taken":0,"max_hp_gain":0,"max_hp_loss":0,"event_name":"World of Goop","floor":11,"gold_loss":31}],"is_beta":false,"boss_relics":[{"not_picked":["Eternal Feather","Coffee Dripper"],"picked":"Sozu"}],"items_purged_floors":[7,19],"is_endless":false,"potions_floor_spawned":[2,12,18,21],"ascension_level":0}