{"gold_per_floor":[109,127,138,113,38,38,48,75,148,148,26,40,40,40,40,139,139,153,68,84,84,98,98,114,114,140,140],"floor_reached":27,"playtime":1395,"items_purged":["Defend_R","Strike_R"],"score":213,"play_id":"a370856a-8c15-4ef4-9abe-b9c4360449cf","local_time":"20181213164709","is_ascension_mode":false,"campfire_choices":[{"floor":6.0,"key":"REST"},{"floor":10.0,"key":"REST"},{"floor":15.0,"key":"RECALL"},{"data":"Juggernaut","floor":23,"key":"SMITH"}],"neow_cost":"PERCENT_DAMAGE","seed_source_timestamp":0,"circlet_count":0,"master_deck":["Strike_R","Strike_R","Defend_R","Defend_R","Defend_R","Bash","Dropkick","Seeing Red+1","Heavy Blade","Warcry","True Grit+1","Anger+1","Cleave+1","Juggernaut+1","Pommel Strike+1","Armaments","Blood for Blood+1"],"special_seed":0,"relics":["Burning Blood","Unceasing Top","Molten Egg 2","Black Star","War Paint"],"potions_floor_usage":[24],"damage_taken":[{"damage":1.0,"enemies":"Cultist","floor":1.0,"turns":3.0},{"damage":10.0,"enemies":"2 Louse","floor":2.0,"turns":3.0},{"damage":0.0,"enemies":"Small Slimes","floor":3.0,"turns":3.0},{"damage":10.0,"enemies":"Looter","floor":7.0,"turns":3.0},{"damage":29.0,"enemies":"Lagavulin","floor":8.0,"turns":5.0},{"damage":6.0,"enemies":"3 Louse","floor":12.0,"turns":3.0},{"damage":32.0,"enemies":"Slime Boss","floor":16.0,"turns":10.0},{"damage":11.0,"enemies":"Spheric Guardian","floor":18.0,"turns":4.0},{"damage":10.0,"enemies":"Chosen","floor":20.0,"turns":3.0},{"damage":3.0,"enemies":"Centurion and Healer","floor":22.0,"turns":6.0},{"damage":44,"enemies":"Sentry and Sphere","floor":24,"turns":6},{"damage":69,"enemies":"Book of Stabbing","floor":27,"turns":5}],"seed_played":"4537475403751220997","potions_obtained":[{"floor":1.0,"key":"PowerPotion"},{"floor":7.0,"key":"Fire Potion"},{"floor":16.0,"key":"Swift Potion"},{"floor":20.0,"key":"Weak Potion"}],"is_trial":false,"path_per_floor":["M","M","M","$","$","R","M","E","T","R","$","M","?","?","R","B",null,"M","?","M","$","M","R","M","?","T","E"],"character_chosen":"IRONCLAD","items_purchased":["Warcry","Anger+1"],"campfire_rested":2,"item_purchase_floors":[4,11],"current_hp_per_floor":[61,57,63,63,63,80,76,53,53,77,77,77,82,82,82,56,85,80,80,76,76,79,79,41,69,69,0],"gold":140,"neow_bonus":"REMOVE_TWO","is_prod":false,"is_daily":false,"chose_seed":false,"campfire_upgraded":1,"win_rate":0,"timestamp":1544680029,"path_taken":["M","M","M","?","$","R","M","E","T","R","$","M","?","?","R","BOSS","M","?","M","$","M","R","M","?","T","E"],"build_version":"2018-12-06","purchased_purges":2,"victory":false,"max_hp_per_floor":[80,80,80,80,80,80,80,80,80,80,80,80,85,85,85,85,85,85,85,85,85,85,85,85,85,85,85],"card_choices":[{"not_picked":["Combust","Twin Strike"],"picked":"Dropkick","floor":1.0},{"not_picked":["Twin Strike","Evolve"],"picked":"Seeing Red","floor":2.0},{"not_picked":["Shrug It Off","Thunderclap"],"picked":"Heavy Blade","floor":3.0},{"not_picked":["Heavy Blade","Feel No Pain"],"picked":"True Grit","floor":7.0},{"not_picked":["Clothesline","Corruption","Pummel"],"picked":"SKIP","floor":8.0},{"not_picked":["Shrug It Off","Twin Strike+1"],"picked":"Cleave+1","floor":12.0},{"not_picked":["Feed+1","Double Tap"],"picked":"Juggernaut","floor":16.0},{"not_picked":["Twin Strike+1","True Grit"],"picked":"Pommel Strike+1","floor":18.0},{"not_picked":["Perfected Strike+1","Rampage+1"],"picked":"Armaments","floor":20.0},{"not_picked":["Searing Blow+1","Hemokinesis+1","Warcry"],"picked":"SKIP","floor":22.0},{"not_picked":["Cleave+1","Perfected Strike+1"],"picked":"Blood for Blood+1","floor":24}],"player_experience":221307,"relics_obtained":[{"floor":8.0,"key":"Unceasing Top"},{"floor":9.0,"key":"Molten Egg 2"}],"event_choices":[{"damage_healed":0.0,"max_hp_gain":5.0,"max_hp_loss":0.0,"gold_gain":0.0,"event_name":"Big Fish","player_choice":"Donut","floor":13.0,"gold_loss":0.0,"damage_taken":0.0},{"damage_healed":0.0,"max_hp_gain":0.0,"max_hp_loss":0.0,"gold_gain":0.0,"event_name":"Liars Game","player_choice":"Ignored","floor":14.0,"gold_loss":0.0,"damage_taken":0.0},{"damage_healed":0.0,"max_hp_gain":0.0,"max_hp_loss":0.0,"gold_gain":0.0,"event_name":"Addict","player_choice":"Obtained Relic","floor":19.0,"gold_loss":85.0,"damage_taken":0.0,"relics_obtained":["War Paint"]},{"damage_healed":28,"gold_gain":0,"player_choice":"Heal","damage_taken":0,"max_hp_gain":0,"max_hp_loss":0,"event_name":"The Library","floor":25,"gold_loss":0}],"is_beta":false,"boss_relics":[{"not_picked":["Calling Bell","Tiny House"],"picked":"Black Star"}],"items_purged_floors":[5,11],"is_endless":false,"potions_floor_spawned":[1,7,16,20],"killed_by":"Book of Stabbing","ascension_level":0}