{"gold_per_floor":[117,127,202,222,232,232,267,148,148,73,89,116,116,151,151,151],"floor_reached":16,"playtime":499,"items_purged":["Strike_R"],"score":240,"play_id":"fbf6e5f3-3809-4d73-986b-d254befee548","local_time":"20190519174334","is_ascension_mode":true,"campfire_choices":[{"data":"Carnage","floor":6.0,"key":"SMITH"},{"floor":13.0,"key":"REST"},{"data":"Flex","floor":15.0,"key":"SMITH"}],"neow_cost":"NONE","seed_source_timestamp":239149944490081,"circlet_count":0,"master_deck":["AscendersBane","Strike_R","Strike_R","Strike_R","Defend_R","Defend_R","Defend_R","Defend_R","Bash","Carnage+1","Battle Trance","Evolve","Feel No Pain","Shrug It Off","Flex+1"],"special_seed":0,"relics":["Burning Blood","NeowsBlessing","Bronze Scales","Potion Belt","Kunai","Red Skull"],"potions_floor_usage":[16],"damage_taken":[{"damage":0.0,"enemies":"2 Louse","floor":1.0,"turns":1.0},{"damage":0.0,"enemies":"Jaw Worm","floor":2.0,"turns":1.0},{"damage":0.0,"enemies":"Small Slimes","floor":4.0,"turns":1.0},{"damage":4.0,"enemies":"Red Slaver","floor":5.0,"turns":5.0},{"damage":35.0,"enemies":"3 Sentries","floor":7.0,"turns":9.0},{"damage":5.0,"enemies":"2 Fungi Beasts","floor":11.0,"turns":4.0},{"damage":32.0,"enemies":"Gremlin Nob","floor":12.0,"turns":4.0},{"damage":27.0,"enemies":"Lagavulin","floor":14.0,"turns":6.0},{"damage":16,"enemies":"Hexaghost","floor":16,"turns":9}],"seed_played":"-5996503582062182360","potions_obtained":[{"floor":1.0,"key":"FearPotion"},{"floor":4.0,"key":"SkillPotion"},{"floor":5.0,"key":"Swift Potion"},{"floor":7.0,"key":"PowerPotion"},{"floor":12.0,"key":"SmokeBomb"}],"is_trial":false,"path_per_floor":["M","M","?","M","M","R","E","$","T","?","M","E","R","E","R","B"],"character_chosen":"IRONCLAD","items_purchased":["Feel No Pain"],"campfire_rested":1,"item_purchase_floors":[8],"current_hp_per_floor":[74,75,64,70,72,72,43,43,43,43,44,18,40,19,19,3],"gold":151,"neow_bonus":"THREE_ENEMY_KILL","is_prod":false,"is_daily":false,"chose_seed":false,"campfire_upgraded":2,"win_rate":0,"timestamp":1558259014,"path_taken":["M","M","?","M","M","R","E","$","T","?","M","E","R","E","R","BOSS"],"build_version":"2019-01-23","purchased_purges":1,"victory":false,"max_hp_per_floor":[75,75,75,75,75,75,75,75,75,75,75,75,75,75,75,75],"card_choices":[{"not_picked":["Twin Strike","Warcry"],"picked":"Carnage","floor":1.0},{"not_picked":["Flex","Thunderclap"],"picked":"Battle Trance","floor":2.0},{"not_picked":["Blood for Blood","Intimidate","Spot Weakness"],"picked":"SKIP","floor":4.0},{"not_picked":["Clothesline","Iron Wave","Body Slam"],"picked":"SKIP","floor":5.0},{"not_picked":["Clothesline","Havoc"],"picked":"Evolve","floor":7.0},{"not_picked":["Thunderclap","Clash","Corruption"],"picked":"SKIP","floor":11.0},{"not_picked":["Thunderclap","Havoc"],"picked":"Shrug It Off","floor":12.0},{"not_picked":["Heavy Blade","Anger"],"picked":"Flex","floor":14.0}],"player_experience":882682,"relics_obtained":[{"floor":7.0,"key":"Bronze Scales"},{"floor":9.0,"key":"Potion Belt"},{"floor":12.0,"key":"Kunai"},{"floor":14.0,"key":"Red Skull"}],"event_choices":[{"damage_healed":0.0,"max_hp_gain":0.0,"max_hp_loss":0.0,"gold_gain":75.0,"event_name":"World of Goop","player_choice":"Gather Gold","floor":3.0,"gold_loss":0.0,"damage_taken":11.0},{"cards_removed":["Strike_R"],"damage_healed":0.0,"max_hp_gain":0.0,"max_hp_loss":0.0,"gold_gain":0.0,"event_name":"The Cleric","player_choice":"Card Removal","floor":10.0,"gold_loss":75.0,"damage_taken":0.0}],"is_beta":false,"boss_relics":[],"items_purged_floors":[8],"is_endless":false,"potions_floor_spawned":[1,4,5,7,12],"killed_by":"Hexaghost","ascension_level":20}