{"gold_per_floor":[110,123,70,70,70,70,87,112,112,112,129,144,144,165,165,268,268,284,250,250],"floor_reached":20,"playtime":3004,"items_purged":[],"score":209,"play_id":"e14933df-661f-4f39-bc04-e44cd081d6b0","local_time":"20190716132044","is_ascension_mode":true,"campfire_choices":[{"data":"Neutralize","floor":6,"key":"SMITH"},{"floor":10,"key":"REST"},{"data":"Well Laid Plans","floor":13,"key":"SMITH"},{"data":"Blur","floor":15,"key":"SMITH"}],"neow_cost":"NONE","seed_source_timestamp":2651642307912900,"circlet_count":0,"master_deck":["Strike_G","Strike_G","Strike_G","Strike_G","Strike_G","Defend_G","Defend_G","Defend_G","Defend_G","Defend_G","Survivor","Neutralize+1","Crippling Poison","Cloak And Dagger","Dagger Spray","Quick Slash","Noxious Fumes","Backflip","Well Laid Plans+1","Blur+1","Burst","Flying Knee","Heel Hook+1"],"relics":["Ring of the Serpent","Blood Vial","Ornamental Fan","Bottled Lightning","Odd Mushroom"],"potions_floor_usage":[8,16,18],"damage_taken":[{"damage":2,"enemies":"Cultist","floor":1,"turns":4},{"damage":0,"enemies":"Small Slimes","floor":2,"turns":3},{"damage":0,"enemies":"2 Louse","floor":7,"turns":2},{"damage":27,"enemies":"Gremlin Nob","floor":8,"turns":4},{"damage":0,"enemies":"Looter","floor":11,"turns":4},{"damage":0,"enemies":"Blue Slaver","floor":12,"turns":4},{"damage":8,"enemies":"The Mushroom Lair","floor":14,"turns":3},{"damage":7,"enemies":"The Guardian","floor":16,"turns":14},{"damage":9,"enemies":"Shell Parasite","floor":18,"turns":9},{"damage":26,"enemies":"2 Thieves","floor":19,"turns":5},{"damage":55,"enemies":"Masked Bandits","floor":20,"turns":3}],"seed_played":"-7327149215895399324","potions_obtained":[{"floor":2,"key":"Energy Potion"},{"floor":8,"key":"AttackPotion"},{"floor":16,"key":"SteroidPotion"}],"is_trial":false,"path_per_floor":["M","M","$","?","?","R","M","E","T","R","M","M","R","?","R","B",null,"M","M","?"],"character_chosen":"THE_SILENT","items_purchased":["Dagger Spray"],"campfire_rested":1,"item_purchase_floors":[3],"current_hp_per_floor":[75,75,75,63,63,63,65,40,40,63,65,67,67,61,61,56,77,68,44,0],"gold":250,"neow_bonus":"TEN_PERCENT_HP_BONUS","is_prod":false,"is_daily":false,"chose_seed":false,"campfire_upgraded":3,"win_rate":0,"timestamp":1563308444,"path_taken":["M","M","$","?","?","R","M","E","T","R","M","M","R","?","R","BOSS","M","M","?"],"build_version":"2019-07-05","purchased_purges":0,"victory":false,"max_hp_per_floor":[77,77,77,77,77,77,77,77,77,77,77,77,77,77,77,77,77,77,77,77],"card_choices":[{"not_picked":["Sucker Punch","Flying Knee"],"picked":"Crippling Poison","floor":1},{"not_picked":["Accuracy","Expertise"],"picked":"Cloak And Dagger","floor":2},{"not_picked":["Bane","Dagger Spray"],"picked":"Quick Slash","floor":7},{"not_picked":["Backflip","Acrobatics"],"picked":"Noxious Fumes","floor":8},{"not_picked":["Reflex","Deflect"],"picked":"Backflip","floor":11},{"not_picked":["Acrobatics","Deflect"],"picked":"Well Laid Plans","floor":12},{"not_picked":["Slice","Backflip"],"picked":"Blur","floor":14},{"not_picked":["Glass Knife","A Thousand Cuts"],"picked":"Burst","floor":16},{"not_picked":["Prepared","Deadly Poison"],"picked":"Flying Knee","floor":18},{"not_picked":["Underhanded Strike+1","Backflip+1"],"picked":"Heel Hook+1","floor":19}],"player_experience":669177,"relics_obtained":[{"floor":8,"key":"Ornamental Fan"},{"floor":9,"key":"Bottled Lightning"},{"floor":14,"key":"Odd Mushroom"}],"event_choices":[{"damage_healed":0,"gold_gain":0,"player_choice":"Success","damage_taken":12,"relics_obtained":["Blood Vial"],"max_hp_gain":0,"max_hp_loss":0,"event_name":"Scrap Ooze","floor":4,"gold_loss":0},{"damage_healed":0,"gold_gain":0,"player_choice":"Ignored","damage_taken":0,"max_hp_gain":0,"max_hp_loss":0,"event_name":"Liars Game","floor":5,"gold_loss":0},{"damage_healed":0,"gold_gain":0,"player_choice":"Fought Mushrooms","damage_taken":0,"max_hp_gain":0,"max_hp_loss":0,"event_name":"Mushrooms","floor":14,"gold_loss":0},{"damage_healed":0,"gold_gain":0,"player_choice":"Fought Bandits","damage_taken":0,"max_hp_gain":0,"max_hp_loss":0,"event_name":"Masked Bandits","floor":20,"gold_loss":0}],"is_beta":false,"boss_relics":[{"not_picked":["Tiny House","Lizard Tail"],"picked":"Ring of the Serpent"}],"items_purged_floors":[],"is_endless":false,"potions_floor_spawned":[2,8,16],"killed_by":"Masked Bandits","ascension_level":4}