{"gold_per_floor":[112,112,123,133,308,308,340,352,377,395,24,24,50,80,80,185,185,196,196,15,15,15,15,40,40,40,66,82,82,82,108,108,212,262,273,285,83,98,8,8,22,40,40,60,60,87,100,65,65,65],"floor_reached":51,"playtime":3329,"items_purged":["Strike_B","Strike_B","Strike_B"],"score":1035,"play_id":"19d22374-dbad-425d-9353-6e03cce3ae99","local_time":"20190809201430","is_ascension_mode":true,"campfire_choices":[{"data":"Chaos","floor":6.0,"key":"SMITH"},{"data":"Biased Cognition","floor":12.0,"key":"SMITH"},{"floor":15.0,"key":"REST"},{"data":"Loop","floor":23.0,"key":"SMITH"},{"data":"Seek","floor":25.0,"key":"SMITH"},{"data":"Electrodynamics","floor":29.0,"key":"SMITH"},{"data":"Multi-Cast","floor":32.0,"key":"SMITH"},{"data":"Defragment","floor":40.0,"key":"SMITH"},{"data":"Leap","floor":45.0,"key":"SMITH"},{"data":"Loop","floor":49.0,"key":"SMITH"}],"neow_cost":"NONE","seed_source_timestamp":534746497660317,"circlet_count":0,"master_deck":["AscendersBane","Defend_B","Defend_B+1","Defend_B","Defend_B+1","Zap","Dualcast+1","Go for the Eyes+1","Chaos+1","Multi-Cast+1","Leap+1","Seek+1","Biased Cognition+1","Gash","Gash","Cold Snap+1","Self Repair","Undo","Electrodynamics+1","Loop+1","Hologram+1","Auto Shields","Melter+1","Rainbow","Leap+1","FTL+1","Leap+1","Defragment+1","Coolheaded+1","Hologram+1","Coolheaded+1","Consume+1","Core Surge","Loop+1"],"special_seed":0,"relics":["Cracked Core","Omamori","Anchor","Dream Catcher","Bag of Preparation","Lantern","Odd Mushroom","War Paint","Inserter","Mummified Hand","Vajra","Bottled Tornado","Letter Opener","Orichalcum","Tiny House","Whetstone","Regal Pillow"],"potions_floor_usage":[50],"damage_taken":[{"damage":0.0,"enemies":"Small Slimes","floor":1.0,"turns":3.0},{"damage":0.0,"enemies":"Cultist","floor":3.0,"turns":4.0},{"damage":0.0,"enemies":"2 Louse","floor":4.0,"turns":2.0},{"damage":27.0,"enemies":"Gremlin Nob","floor":7.0,"turns":5.0},{"damage":0.0,"enemies":"Exordium Thugs","floor":8.0,"turns":4.0},{"damage":0.0,"enemies":"2 Fungi Beasts","floor":10.0,"turns":3.0},{"damage":0.0,"enemies":"The Mushroom Lair","floor":13.0,"turns":4.0},{"damage":25.0,"enemies":"3 Sentries","floor":14.0,"turns":7.0},{"damage":11.0,"enemies":"Slime Boss","floor":16.0,"turns":6.0},{"damage":0.0,"enemies":"Chosen","floor":18.0,"turns":6.0},{"damage":13.0,"enemies":"Slavers","floor":24.0,"turns":4.0},{"damage":2.0,"enemies":"Book of Stabbing","floor":27.0,"turns":3.0},{"damage":0.0,"enemies":"3 Byrds","floor":28.0,"turns":1.0},{"damage":38.0,"enemies":"Champ","floor":33.0,"turns":13.0},{"damage":1.0,"enemies":"Orb Walker","floor":35.0,"turns":2.0},{"damage":0.0,"enemies":"3 Shapes","floor":36.0,"turns":2.0},{"damage":4.0,"enemies":"Writhing Mass","floor":38.0,"turns":5.0},{"damage":0.0,"enemies":"4 Shapes","floor":41.0,"turns":2.0},{"damage":0.0,"enemies":"Maw","floor":42.0,"turns":7.0},{"damage":0.0,"enemies":"3 Darklings","floor":44.0,"turns":3.0},{"damage":16.0,"enemies":"Giant Head","floor":46.0,"turns":12.0},{"damage":24.0,"enemies":"Spire Growth","floor":47.0,"turns":6.0},{"damage":17,"enemies":"Time Eater","floor":50,"turns":13}],"seed_played":"-2122229758515012028","potions_obtained":[{"floor":4.0,"key":"Swift Potion"},{"floor":8.0,"key":"LiquidBronze"},{"floor":13.0,"key":"Poison Potion"},{"floor":16.0,"key":"EntropicBrew"},{"floor":24.0,"key":"Explosive Potion"},{"floor":41.0,"key":"Fire Potion"},{"floor":47.0,"key":"SkillPotion"}],"is_trial":false,"path_per_floor":["M","?","M","M","?","R","E","M","T","M","$","R","?","E","R","B",null,"M","?","$","?","?","R","E","R","T","E","M","R","?","T","R","B",null,"M","M","$","M","?","R","M","M","T","M","R","E","M","$","R","B",null],"character_chosen":"DEFECT","items_purchased":["Bag of Preparation","Lantern","Loop","Defragment","Loop"],"campfire_rested":1,"item_purchase_floors":[11,11,20,37,48],"current_hp_per_floor":[68,68,68,68,68,68,41,41,41,41,41,41,41,16,38,34,65,72,72,72,72,58,58,52,52,52,50,50,50,50,50,50,19,70,69,69,69,65,65,65,65,72,72,72,72,63,46,46,46,36],"gold":65,"neow_bonus":"RANDOM_COMMON_RELIC","is_prod":false,"is_daily":false,"chose_seed":false,"campfire_upgraded":9,"win_rate":0,"timestamp":1565399670,"path_taken":["M","?","?","M","?","R","E","M","T","M","?","R","?","E","R","BOSS","M","?","$","?","?","R","E","R","T","E","M","R","?","?","R","BOSS","M","M","$","M","?","R","M","M","T","?","R","E","?","$","R","BOSS"],"build_version":"2019-07-17","purchased_purges":3,"victory":true,"max_hp_per_floor":[75,75,75,75,75,75,75,75,75,75,75,75,75,75,75,75,75,75,75,75,75,80,80,80,80,80,80,80,80,80,80,80,80,85,85,85,85,85,85,85,85,85,85,85,85,85,85,85,85,85],"card_choices":[{"not_picked":["Rebound","Sweeping Beam"],"picked":"Go for the Eyes","floor":1.0},{"not_picked":["Steam","Fusion"],"picked":"Leap","floor":3.0},{"not_picked":["Static Discharge","Tempest"],"picked":"Seek","floor":4.0},{"not_picked":["Sweeping Beam","Aggregate"],"picked":"Biased Cognition","floor":7.0},{"not_picked":["Double Energy","Beam Cell"],"picked":"Gash","floor":8.0},{"not_picked":["Redo","Reprogram"],"picked":"Gash","floor":10.0},{"not_picked":["Lockon","Ball Lightning"],"picked":"Cold Snap","floor":13.0},{"not_picked":["Tempest","Scrape"],"picked":"Self Repair","floor":14.0},{"not_picked":["Rebound","Go for the Eyes"],"picked":"Undo","floor":15.0},{"not_picked":["Hyperbeam","Multi-Cast"],"picked":"Electrodynamics","floor":16.0},{"not_picked":["Go for the Eyes","Tempest","Streamline+1"],"picked":"SKIP","floor":18.0},{"not_picked":["Compile Driver+1","Aggregate"],"picked":"Hologram+1","floor":24.0},{"not_picked":["Hologram+1","Go for the Eyes"],"picked":"Auto Shields","floor":27.0},{"not_picked":["Lockon","Compile Driver+1"],"picked":"Melter+1","floor":28.0},{"not_picked":["Hyperbeam","Buffer"],"picked":"Rainbow","floor":33.0},{"not_picked":["BootSequence","Self Repair"],"picked":"Leap","floor":34.0},{"not_picked":["Reprogram+1","Ball Lightning"],"picked":"FTL+1","floor":35.0},{"not_picked":["Steam+1","Scrape+1"],"picked":"Leap+1","floor":36.0},{"not_picked":["Compile Driver+1","Sunder"],"picked":"Coolheaded+1","floor":38.0},{"not_picked":["Compile Driver+1","Melter+1","Steam"],"picked":"SKIP","floor":41.0},{"not_picked":["Barrage+1","Skim"],"picked":"Hologram+1","floor":42.0},{"not_picked":["Reinforced Body+1","Streamline"],"picked":"Coolheaded+1","floor":44.0},{"not_picked":["Compile Driver+1","Hologram"],"picked":"Consume+1","floor":46.0},{"not_picked":["Redo","Melter"],"picked":"Core Surge","floor":47.0}],"player_experience":256208,"relics_obtained":[{"floor":7.0,"key":"Anchor"},{"floor":9.0,"key":"Dream Catcher"},{"floor":13.0,"key":"Odd Mushroom"},{"floor":14.0,"key":"War Paint"},{"floor":24.0,"key":"Vajra"},{"floor":26.0,"key":"Bottled Tornado"},{"floor":27.0,"key":"Letter Opener"},{"floor":31.0,"key":"Orichalcum"},{"floor":43.0,"key":"Whetstone"},{"floor":46.0,"key":"Regal Pillow"}],"event_choices":[{"damage_healed":0.0,"max_hp_gain":0.0,"max_hp_loss":0.0,"gold_gain":0.0,"event_name":"Match and Keep!","player_choice":"2 cards matched","floor":2.0,"gold_loss":0.0,"damage_taken":0.0,"cards_obtained":["Chaos","Multi-Cast"]},{"damage_healed":0.0,"max_hp_gain":0.0,"max_hp_loss":0.0,"gold_gain":175.0,"event_name":"Liars Game","player_choice":"AGREE","floor":5.0,"gold_loss":0.0,"damage_taken":0.0,"cards_obtained":["Doubt"]},{"damage_healed":0.0,"max_hp_gain":0.0,"max_hp_loss":0.0,"gold_gain":0.0,"event_name":"Mushrooms","player_choice":"Fought Mushrooms","floor":13.0,"gold_loss":0.0,"damage_taken":0.0},{"damage_healed":0.0,"max_hp_gain":0.0,"max_hp_loss":0.0,"gold_gain":0.0,"event_name":"The Mausoleum","player_choice":"Opened","floor":19.0,"gold_loss":0.0,"damage_taken":0.0,"relics_obtained":["Mummified Hand"]},{"damage_healed":0.0,"max_hp_gain":0.0,"max_hp_loss":0.0,"gold_gain":0.0,"event_name":"Vampires","player_choice":"Ignored","floor":21.0,"gold_loss":0.0,"damage_taken":0.0},{"damage_healed":0.0,"max_hp_gain":5.0,"max_hp_loss":0.0,"gold_gain":0.0,"event_name":"Forgotten Altar","player_choice":"Shed Blood","floor":22.0,"gold_loss":0.0,"damage_taken":19.0},{"damage_healed":0.0,"max_hp_gain":0.0,"max_hp_loss":0.0,"gold_gain":0.0,"event_name":"Ghosts","player_choice":"Ignored","floor":30.0,"gold_loss":0.0,"damage_taken":0.0},{"cards_removed":["Strike_B"],"damage_healed":0.0,"max_hp_gain":0.0,"max_hp_loss":0.0,"gold_gain":0.0,"event_name":"Designer","player_choice":"Upgrade and Remove","floor":39.0,"gold_loss":90.0,"damage_taken":0.0,"cards_upgraded":["Leap"]}],"is_beta":false,"boss_relics":[{"not_picked":["Ectoplasm","Coffee Dripper"],"picked":"Inserter"},{"not_picked":["Orrery","Busted Crown"],"picked":"Tiny House"}],"items_purged_floors":[11,20,37],"is_endless":false,"potions_floor_spawned":[4,8,13,16,24,28,36,38,41,47],"ascension_level":10}