{"gold_per_floor":[116,116,127,127,127,127,139,159,159,159],"floor_reached":10,"playtime":130,"items_purged":[],"score":58,"play_id":"56cd7206-2e92-4e37-aae3-4594ca19c43e","local_time":"20190520134401","is_ascension_mode":false,"campfire_choices":[{"data":"Battle Trance","floor":6,"key":"SMITH"}],"neow_cost":"NONE","seed_source_timestamp":311634234325400,"circlet_count":0,"master_deck":["Strike_R","Strike_R","Strike_R","Strike_R","Defend_R","Defend_R","Defend_R","Defend_R","Bash","Battle Trance+1"],"relics":["Burning Blood","NeowsBlessing","Shuriken","Champion Belt"],"potions_floor_usage":[5],"damage_taken":[{"damage":0,"enemies":"Small Slimes","floor":1,"turns":1},{"damage":0,"enemies":"Jaw Worm","floor":3,"turns":1},{"damage":0,"enemies":"Cultist","floor":7,"turns":1},{"damage":8,"enemies":"Large Slime","floor":8,"turns":7},{"damage":0,"enemies":"Blue Slaver","floor":10,"turns":1}],"seed_played":"1396933460265443369","potions_obtained":[{"floor":3,"key":"EssenceOfSteel"},{"floor":5,"key":"Regen Potion"},{"floor":5,"key":"Fruit Juice"},{"floor":5,"key":"Weak Potion"}],"is_trial":false,"path_per_floor":["M","?","M","?","?","R","M","M","T","M"],"character_chosen":"IRONCLAD","items_purchased":[],"campfire_rested":0,"item_purchase_floors":[],"current_hp_per_floor":[80,80,80,68,73,73,79,77,77,77],"gold":159,"neow_bonus":"THREE_ENEMY_KILL","is_prod":false,"is_daily":false,"chose_seed":false,"campfire_upgraded":1,"win_rate":0,"timestamp":1558331041,"path_taken":["M","?","M","?","?","R","?","M","T","M"],"build_version":"2019-01-23","purchased_purges":0,"victory":false,"max_hp_per_floor":[80,80,80,80,85,85,85,85,85,85],"card_choices":[{"not_picked":["Perfected Strike","True Grit","Anger"],"picked":"SKIP","floor":1},{"not_picked":["Sentinel","Wild Strike"],"picked":"Battle Trance","floor":3},{"not_picked":["Cleave","Rupture","Heavy Blade"],"picked":"SKIP","floor":7},{"not_picked":["Body Slam","Thunderclap","Dual Wield"],"picked":"SKIP","floor":8}],"player_experience":891932,"relics_obtained":[{"floor":9,"key":"Champion Belt"}],"event_choices":[{"cards_removed":["Strike_R"],"damage_healed":0,"gold_gain":0,"player_choice":"Forget","damage_taken":0,"max_hp_gain":0,"max_hp_loss":0,"event_name":"Living Wall","floor":2,"gold_loss":0},{"damage_healed":0,"gold_gain":0,"player_choice":"Success","damage_taken":12,"relics_obtained":["Shuriken"],"max_hp_gain":0,"max_hp_loss":0,"event_name":"Scrap Ooze","floor":4,"gold_loss":0},{"damage_healed":0,"gold_gain":0,"player_choice":"Got Potions","damage_taken":0,"max_hp_gain":0,"max_hp_loss":0,"event_name":"Lab","floor":5,"gold_loss":0}],"is_beta":false,"boss_relics":[],"items_purged_floors":[],"is_endless":false,"potions_floor_spawned":[3,7,8],"killed_by":"Blue Slaver","ascension_level":0}