{"gold_per_floor":[111,122,137,212,229,254,254,29,29,29,29,48,48,77,77,175,225,225],"floor_reached":18,"playtime":786,"items_purged":[],"score":238,"play_id":"8599fd6c-11b7-465a-b868-d30f55f2759b","local_time":"20190209090552","is_ascension_mode":true,"campfire_choices":[{"floor":7.0,"key":"REST"},{"data":"Sadistic Nature","floor":10.0,"key":"SMITH"},{"data":"Deadly Poison","floor":13.0,"key":"SMITH"},{"floor":15.0,"key":"REST"}],"neow_cost":"NONE","seed_source_timestamp":339388189218481,"circlet_count":0,"master_deck":["Defend_G","Defend_G","Defend_G","Defend_G","Defend_G","Strike_G","Strike_G+1","Strike_G","Strike_G","Strike_G","Survivor","Neutralize","Dagger Throw","Backflip","Poisoned Stab","Blur","Deadly Poison+1","Infinite Blades","Sadistic Nature+1","Acrobatics","Deadly Poison","After Image","Acrobatics"],"special_seed":0,"relics":["Ring of the Snake","Strawberry","Blue Candle","Girya","Darkstone Periapt","Tiny House"],"potions_floor_usage":[18],"damage_taken":[{"damage":1.0,"enemies":"Cultist","floor":1.0,"turns":4.0},{"damage":0.0,"enemies":"2 Louse","floor":2.0,"turns":2.0},{"damage":0.0,"enemies":"Small Slimes","floor":3.0,"turns":3.0},{"damage":1.0,"enemies":"Exordium Wildlife","floor":5.0,"turns":3.0},{"damage":18.0,"enemies":"Gremlin Nob","floor":6.0,"turns":5.0},{"damage":3.0,"enemies":"Blue Slaver","floor":12.0,"turns":4.0},{"damage":24.0,"enemies":"3 Sentries","floor":14.0,"turns":6.0},{"damage":40.0,"enemies":"Hexaghost","floor":16.0,"turns":9.0},{"damage":44,"enemies":"3 Byrds","floor":18,"turns":4}],"seed_played":"2282920850223427731","potions_obtained":[{"floor":2.0,"key":"AttackPotion"},{"floor":12.0,"key":"PowerPotion"},{"floor":17,"key":"EntropicBrew"}],"is_trial":false,"path_per_floor":["M","M","M","?","M","E","R","$","T","R","?","M","R","E","R","B",null,"M"],"character_chosen":"THE_SILENT","items_purchased":["Infinite Blades","Sadistic Nature"],"campfire_rested":2,"item_purchase_floors":[8,8],"current_hp_per_floor":[76,76,76,65,64,53,78,78,78,78,71,68,68,44,69,29,75,31],"gold":225,"neow_bonus":"TEN_PERCENT_HP_BONUS","is_prod":false,"is_daily":false,"chose_seed":false,"campfire_upgraded":2,"win_rate":0,"timestamp":1549674352,"path_taken":["M","?","M","?","M","E","R","$","T","R","?","M","R","E","R","BOSS","M"],"build_version":"2019-01-23","purchased_purges":0,"victory":false,"max_hp_per_floor":[77,77,77,77,77,84,84,84,84,84,84,84,84,84,84,84,89,89],"card_choices":[{"not_picked":["Sucker Punch","Slice"],"picked":"Dagger Throw","floor":1.0},{"not_picked":["Flying Knee","Infinite Blades"],"picked":"Backflip","floor":2.0},{"not_picked":["Dagger Throw","Concentrate"],"picked":"Poisoned Stab","floor":3.0},{"not_picked":["Venomology","Deflect"],"picked":"Blur","floor":5.0},{"not_picked":["Cloak And Dagger","Deflect"],"picked":"Deadly Poison","floor":6.0},{"not_picked":["Concentrate","Caltrops"],"picked":"Acrobatics","floor":12.0},{"not_picked":["Glass Knife","Well Laid Plans"],"picked":"Deadly Poison","floor":14.0},{"not_picked":["Tools of the Trade","Phantasmal Killer"],"picked":"After Image","floor":16.0},{"not_picked":["Flying Knee","Skewer"],"picked":"Acrobatics","floor":17}],"player_experience":687206,"relics_obtained":[{"floor":6.0,"key":"Strawberry"},{"floor":9.0,"key":"Blue Candle"},{"floor":14.0,"key":"Darkstone Periapt"}],"event_choices":[{"damage_healed":0.0,"max_hp_gain":0.0,"max_hp_loss":0.0,"gold_gain":75.0,"event_name":"World of Goop","player_choice":"Gather Gold","floor":4.0,"gold_loss":0.0,"damage_taken":11.0},{"damage_healed":0.0,"max_hp_gain":0.0,"max_hp_loss":0.0,"gold_gain":0.0,"event_name":"Scrap Ooze","player_choice":"Success","floor":11.0,"gold_loss":0.0,"damage_taken":7.0,"relics_obtained":["Girya"]}],"is_beta":false,"boss_relics":[{"not_picked":["Coffee Dripper","HoveringKite"],"picked":"Tiny House"}],"items_purged_floors":[],"is_endless":false,"potions_floor_spawned":[2,12],"killed_by":"3 Byrds","ascension_level":5}