{"gold_per_floor":[18,18,39,58,133,133,156,156,205,226,249,264,278,203,203,203],"floor_reached":16,"playtime":570,"items_purged":[],"score":192,"play_id":"951fe0f3-f791-4dc2-8710-2a562894c3ea","local_time":"20190711160113","is_ascension_mode":true,"campfire_choices":[{"data":"Loop","floor":6.0,"key":"SMITH"},{"data":"Dualcast","floor":8.0,"key":"SMITH"},{"data":"Defragment","floor":15.0,"key":"SMITH"}],"neow_cost":"NO_GOLD","seed_source_timestamp":11489254057172,"circlet_count":0,"master_deck":["AscendersBane","Strike_B","Strike_B","Strike_B","Defend_B","Defend_B","Defend_B","Defend_B","Zap","Dualcast+1","Loop+1","Coolheaded","Reinforced Body","Turbo","Capacitor","Chill","Consume","Defragment+1","Skim","Reboot","Ball Lightning"],"special_seed":0,"relics":["Cracked Core","Prayer Wheel","Golden Idol","Pen Nib"],"potions_floor_usage":[],"damage_taken":[{"damage":4.0,"enemies":"Jaw Worm","floor":1.0,"turns":4.0},{"damage":0.0,"enemies":"Small Slimes","floor":3.0,"turns":2.0},{"damage":6.0,"enemies":"2 Louse","floor":4.0,"turns":3.0},{"damage":12.0,"enemies":"Gremlin Gang","floor":7.0,"turns":5.0},{"damage":12.0,"enemies":"Lots of Slimes","floor":10.0,"turns":4.0},{"damage":11.0,"enemies":"Blue Slaver","floor":11.0,"turns":8.0},{"damage":0.0,"enemies":"2 Fungi Beasts","floor":12.0,"turns":5.0},{"damage":0.0,"enemies":"Large Slime","floor":13.0,"turns":12.0},{"damage":0,"enemies":"The Guardian","floor":16,"turns":2}],"seed_played":"-1267207045730067602","potions_obtained":[{"floor":1.0,"key":"FairyPotion"},{"floor":3.0,"key":"EntropicBrew"},{"floor":10.0,"key":"SpeedPotion"}],"is_trial":false,"path_per_floor":["M","?","M","M","?","R","M","R","T","M","M","M","M","?","R","B"],"character_chosen":"DEFECT","items_purchased":[],"campfire_rested":0,"item_purchase_floors":[],"current_hp_per_floor":[60,60,60,54,43,43,31,31,31,19,8,8,8,8,8,8],"gold":203,"neow_bonus":"ONE_RARE_RELIC","is_prod":false,"is_daily":false,"chose_seed":false,"campfire_upgraded":3,"win_rate":0,"timestamp":1562832073,"path_taken":["M","?","M","M","?","R","M","R","T","M","M","M","M","?","R","BOSS"],"build_version":"2019-07-05","purchased_purges":0,"victory":false,"max_hp_per_floor":[71,64,64,64,64,64,64,64,64,64,64,64,64,64,64,64],"card_choices":[{"not_picked":["Consume","Sweeping Beam"],"picked":"Loop","floor":1.0},{"not_picked":["Double Energy","Hologram"],"picked":"Coolheaded","floor":1.0},{"not_picked":["Go for the Eyes","Conserve Battery"],"picked":"Reinforced Body","floor":3.0},{"not_picked":["Beam Cell","Reprogram","Redo"],"picked":"SKIP","floor":3.0},{"not_picked":["Conserve Battery","Barrage"],"picked":"Turbo","floor":4.0},{"not_picked":["Lockon","Cold Snap"],"picked":"Capacitor","floor":4.0},{"not_picked":["Redo","Rebound"],"picked":"Chill","floor":7.0},{"not_picked":["Hologram","Darkness","Capacitor"],"picked":"SKIP","floor":7.0},{"not_picked":["Hologram","Darkness","Capacitor"],"picked":"SKIP","floor":7.0},{"not_picked":["Buffer","Reprogram"],"picked":"Consume","floor":10.0},{"not_picked":["Cold Snap","Tempest","Static Discharge"],"picked":"SKIP","floor":10.0},{"not_picked":["Genetic Algorithm","Steam"],"picked":"Defragment","floor":11.0},{"not_picked":["Auto Shields","Beam Cell","Stack"],"picked":"SKIP","floor":11.0},{"not_picked":["Rebound","Coolheaded"],"picked":"Skim","floor":12.0},{"not_picked":["Rebound","Stack","Double Energy"],"picked":"SKIP","floor":12.0},{"not_picked":["Scrape","Conserve Battery"],"picked":"Reboot","floor":13.0},{"not_picked":["BootSequence","Rip and Tear"],"picked":"Ball Lightning","floor":13.0}],"player_experience":1103727,"relics_obtained":[{"floor":9.0,"key":"Pen Nib"}],"event_choices":[{"damage_healed":0.0,"max_hp_gain":0.0,"max_hp_loss":7.0,"gold_gain":0.0,"event_name":"Golden Idol","player_choice":"Lose Max HP","floor":2.0,"gold_loss":0.0,"damage_taken":0.0,"relics_obtained":["Golden Idol"]},{"damage_healed":0.0,"max_hp_gain":0.0,"max_hp_loss":0.0,"gold_gain":75.0,"event_name":"World of Goop","player_choice":"Gather Gold","floor":5.0,"gold_loss":0.0,"damage_taken":11.0},{"cards_removed":["Strike_B"],"damage_healed":0.0,"max_hp_gain":0.0,"max_hp_loss":0.0,"gold_gain":0.0,"event_name":"The Cleric","player_choice":"Card Removal","floor":14.0,"gold_loss":75.0,"damage_taken":0.0}],"is_beta":false,"boss_relics":[],"items_purged_floors":[],"is_endless":false,"potions_floor_spawned":[1,3,10],"killed_by":"The Guardian","ascension_level":20}