{"gold_per_floor":[112,112,187,187,137,162,162,175,175,175,187,137,137,163,163,258,258,268,254,254,135,147,176,176,176,176,210,18,18,36,0,0,0],"floor_reached":33,"playtime":1919,"items_purged":["Strike_R"],"score":361,"play_id":"adef6c70-e52c-4ddf-a1de-0247bdd2bdbe","local_time":"20190114002046","is_ascension_mode":true,"campfire_choices":[{"data":"True Grit","floor":7,"key":"SMITH"},{"data":"Bash","floor":10,"key":"SMITH"},{"data":"True Grit","floor":13,"key":"SMITH"},{"data":"Uppercut","floor":15,"key":"SMITH"},{"floor":25,"key":"REST"},{"floor":29,"key":"REST"},{"floor":32,"key":"REST"}],"neow_cost":"NONE","seed_source_timestamp":618229108412589,"circlet_count":0,"master_deck":["Strike_R","Strike_R","Defend_R","Defend_R","Defend_R","Defend_R","Bash+1","Evolve","True Grit+1","Iron Wave","Uppercut+1","True Grit+1","Entrench","Juggernaut","Heavy Blade","Headbutt","Metallicize","Anger","Disarm+1","Feel No Pain+1","Double Tap","Searing Blow","Burning Pact","Shrug It Off"],"relics":["Burning Blood","NeowsBlessing","Boot","Blue Candle","Mercury Hourglass","Mark of Pain","Oddly Smooth Stone","Bag of Preparation","Happy Flower"],"potions_floor_usage":[11,14,27,27],"damage_taken":[{"damage":0,"enemies":"2 Louse","floor":1,"turns":1},{"damage":0,"enemies":"Lagavulin","floor":6,"turns":1},{"damage":0,"enemies":"Small Slimes","floor":8,"turns":1},{"damage":0,"enemies":"Jaw Worm","floor":11,"turns":4},{"damage":15,"enemies":"3 Sentries","floor":14,"turns":9},{"damage":51,"enemies":"The Guardian","floor":16,"turns":17},{"damage":8,"enemies":"Shell Parasite","floor":18,"turns":7},{"damage":15,"enemies":"2 Thieves","floor":19,"turns":4},{"damage":35,"enemies":"Cultist and Chosen","floor":22,"turns":6},{"damage":24,"enemies":"Book of Stabbing","floor":23,"turns":7},{"damage":40,"enemies":"Slavers","floor":27,"turns":6},{"damage":16,"enemies":"Snake Plant","floor":30,"turns":5},{"damage":58,"enemies":"Collector","floor":33,"turns":7}],"seed_played":"-1463849986702654175","potions_obtained":[{"floor":8,"key":"SkillPotion"},{"floor":11,"key":"Fire Potion"},{"floor":14,"key":"BloodPotion"},{"floor":23,"key":"Fire Potion"}],"is_trial":false,"path_per_floor":["M","?","?","?","?","E","R","M","T","R","M","$","R","E","R","B",null,"M","M","?","$","M","E","?","R","T","E","$","R","M","?","R","B"],"character_chosen":"IRONCLAD","items_purchased":["True Grit","Metallicize","Anger","Searing Blow","Burning Pact"],"campfire_rested":3,"item_purchase_floors":[12,21,21,28,28],"current_hp_per_floor":[80,85,74,67,67,73,73,79,79,79,85,85,85,76,76,31,85,83,74,74,74,45,27,19,44,44,18,18,43,33,33,58,0],"gold":0,"neow_bonus":"THREE_ENEMY_KILL","is_prod":false,"is_daily":false,"chose_seed":false,"campfire_upgraded":4,"win_rate":0,"timestamp":1547385646,"path_taken":["M","?","?","?","?","E","R","M","T","R","M","$","R","E","R","BOSS","M","M","?","$","M","E","?","R","T","E","$","R","?","?","R","BOSS"],"build_version":"2019-01-10","purchased_purges":1,"victory":false,"max_hp_per_floor":[80,85,85,85,85,85,85,85,85,85,85,85,85,85,85,85,85,85,85,85,85,85,85,85,85,85,85,85,85,85,85,85,85],"card_choices":[{"not_picked":["Flex","Clash"],"picked":"Evolve","floor":1},{"not_picked":["Spot Weakness","Shockwave"],"picked":"True Grit","floor":6},{"not_picked":["Havoc","Evolve","Iron Wave"],"picked":"SKIP","floor":8},{"not_picked":["Havoc","Evolve"],"picked":"Iron Wave","floor":8},{"not_picked":["Rupture","Seeing Red"],"picked":"Uppercut","floor":11},{"not_picked":["True Grit","Clash"],"picked":"Entrench","floor":14},{"not_picked":["Feed","Reaper"],"picked":"Juggernaut","floor":16},{"not_picked":["Sword Boomerang","Combust"],"picked":"Heavy Blade","floor":18},{"not_picked":["Cleave","Dropkick"],"picked":"Headbutt","floor":19},{"not_picked":["Headbutt","Battle Trance"],"picked":"Disarm+1","floor":22},{"not_picked":["True Grit","Corruption"],"picked":"Feel No Pain+1","floor":23},{"not_picked":["Evolve+1","Havoc+1"],"picked":"Double Tap","floor":27},{"not_picked":["Thunderclap+1","Wild Strike"],"picked":"Shrug It Off","floor":30}],"player_experience":436597,"relics_obtained":[{"floor":6,"key":"Boot"},{"floor":9,"key":"Blue Candle"},{"floor":14,"key":"Mercury Hourglass"},{"floor":23,"key":"Oddly Smooth Stone"},{"floor":26,"key":"Bag of Preparation"},{"floor":27,"key":"Happy Flower"}],"event_choices":[{"damage_healed":0,"gold_gain":0,"player_choice":"Donut","damage_taken":0,"max_hp_gain":5,"max_hp_loss":0,"event_name":"Big Fish","floor":2,"gold_loss":0},{"damage_healed":0,"gold_gain":75,"player_choice":"Gather Gold","damage_taken":11,"max_hp_gain":0,"max_hp_loss":0,"event_name":"World of Goop","floor":3,"gold_loss":0},{"cards_removed":["Strike_R"],"damage_healed":0,"gold_gain":0,"player_choice":"Card Removal","damage_taken":7,"max_hp_gain":0,"max_hp_loss":0,"event_name":"Golden Wing","floor":4,"gold_loss":0},{"cards_removed":["Strike_R"],"damage_healed":0,"gold_gain":0,"player_choice":"Card Removal","damage_taken":0,"max_hp_gain":0,"max_hp_loss":0,"event_name":"The Cleric","floor":5,"gold_loss":50},{"damage_healed":0,"gold_gain":0,"player_choice":"Ignored","damage_taken":0,"max_hp_gain":0,"max_hp_loss":0,"event_name":"Ghosts","floor":20,"gold_loss":0},{"damage_healed":0,"gold_gain":0,"player_choice":"Damaged","damage_taken":8,"max_hp_gain":0,"max_hp_loss":0,"event_name":"Wheel of Change","floor":24,"gold_loss":0},{"damage_healed":0,"gold_gain":0,"player_choice":"Paid Fearfully","damage_taken":0,"max_hp_gain":0,"max_hp_loss":0,"event_name":"Masked Bandits","floor":31,"gold_loss":36}],"is_beta":false,"boss_relics":[{"not_picked":["Philosopher\u0027s Stone","Lizard Tail"],"picked":"Mark of Pain"}],"items_purged_floors":[28],"is_endless":false,"potions_floor_spawned":[8,11,14,23],"killed_by":"Collector","ascension_level":3}