{"gold_per_floor":[209,209,209,209,97,97,97,112,158,158,187,187,56,71,71,148,198,171,171,32,32,42,42,42,42,42,42,16,30,30],"floor_reached":30,"playtime":972,"items_purged":["Strike_R","Strike_R"],"score":422,"play_id":"c75d0bba-344d-4b7c-8a34-f47dcda3b0c2","local_time":"20190306152920","is_ascension_mode":true,"campfire_choices":[{"data":"Rampage","floor":6.0,"key":"SMITH"},{"floor":10.0,"key":"REST"},{"floor":12.0,"key":"REST"},{"data":"Uppercut","floor":15.0,"key":"SMITH"},{"data":"Entrench","floor":23,"key":"SMITH"},{"data":"Shrug It Off","floor":25,"key":"SMITH"},{"floor":27,"key":"REST"}],"neow_cost":"NONE","seed_source_timestamp":39502134400399,"circlet_count":0,"master_deck":["AscendersBane","Strike_R","Strike_R","Defend_R+1","Defend_R","Defend_R","Defend_R","Bash","Flex","Rampage+1","Metallicize","Bash","Uppercut+1","Anger","Shrug It Off+1","Feel No Pain","Reaper","Flame Barrier","Thunderclap","Necronomicurse","Entrench+1","True Grit+1","Writhe","Armaments","Heavy Blade+1"],"special_seed":0,"relics":["Burning Blood","Strawberry","Juzu Bracelet","Art of War","Tiny Chest","Tiny House","Necronomicon","Sundial","Question Card"],"potions_floor_usage":[22,30,30],"damage_taken":[{"damage":10.0,"enemies":"Small Slimes","floor":1.0,"turns":5.0},{"damage":9.0,"enemies":"Cultist","floor":8.0,"turns":4.0},{"damage":36.0,"enemies":"Gremlin Nob","floor":11.0,"turns":5.0},{"damage":0.0,"enemies":"2 Louse","floor":14.0,"turns":2.0},{"damage":26.0,"enemies":"The Guardian","floor":16.0,"turns":11.0},{"damage":19.0,"enemies":"2 Thieves","floor":18.0,"turns":4.0},{"damage":3,"enemies":"Spheric Guardian","floor":22,"turns":3},{"damage":21,"enemies":"Cultist and Chosen","floor":29,"turns":10},{"damage":82,"enemies":"Book of Stabbing","floor":30,"turns":7}],"seed_played":"-5386008707876347832","potions_obtained":[{"floor":11.0,"key":"SteroidPotion"},{"floor":14.0,"key":"Swift Potion"},{"floor":16.0,"key":"Energy Potion"},{"floor":17.0,"key":"Explosive Potion"},{"floor":18.0,"key":"Swift Potion"},{"floor":29,"key":"Block Potion"}],"is_trial":false,"path_per_floor":["M","?","?","?","$","R","?","M","T","R","E","R","$","M","R","B",null,"M","?","$","?","M","R","?","R","T","R","$","M","E"],"character_chosen":"IRONCLAD","items_purchased":["Metallicize","Tiny Chest","Entrench","Armaments"],"campfire_rested":3,"item_purchase_floors":[5,13,20,28],"current_hp_per_floor":[64,64,53,53,53,53,53,50,50,74,44,68,68,74,74,54,80,71,50,50,50,53,53,53,53,53,79,79,77,0],"gold":30,"neow_bonus":"HUNDRED_GOLD","is_prod":false,"is_daily":false,"chose_seed":false,"campfire_upgraded":4,"win_rate":0,"timestamp":1551846560,"path_taken":["M","?","?","?","$","R","?","?","T","R","E","R","?","M","R","BOSS","M","?","$","?","M","R","?","R","T","R","$","M","E"],"build_version":"2019-01-23","purchased_purges":2,"victory":false,"max_hp_per_floor":[75,75,82,82,82,82,82,82,82,82,82,82,82,82,82,82,87,87,87,87,87,87,87,87,87,87,87,87,87,87],"card_choices":[{"not_picked":["Thunderclap","Wild Strike"],"picked":"Flex","floor":1.0},{"not_picked":["Rupture","Intimidate"],"picked":"Anger","floor":8.0},{"not_picked":["Thunderclap","Body Slam"],"picked":"Shrug It Off","floor":11.0},{"not_picked":["Twin Strike","Wild Strike"],"picked":"Feel No Pain","floor":14.0},{"not_picked":["Exhume","Immolate"],"picked":"Reaper","floor":16.0},{"not_picked":["Thunderclap","Pommel Strike"],"picked":"Flame Barrier","floor":17.0},{"not_picked":["Twin Strike","Perfected Strike"],"picked":"Thunderclap","floor":18.0},{"not_picked":["Second Wind","Anger"],"picked":"True Grit+1","floor":22},{"not_picked":["Ghostly Armor+1","Combust","Havoc"],"picked":"Heavy Blade+1","floor":29}],"player_experience":807123,"relics_obtained":[{"floor":9.0,"key":"Juzu Bracelet"},{"floor":11.0,"key":"Art of War"},{"floor":19.0,"key":"Necronomicon"},{"floor":26,"key":"Question Card"}],"event_choices":[{"damage_healed":0.0,"max_hp_gain":0.0,"max_hp_loss":0.0,"gold_gain":0.0,"event_name":"Shining Light","player_choice":"Ignored","floor":2.0,"gold_loss":0.0,"damage_taken":0.0},{"damage_healed":0.0,"max_hp_gain":0.0,"max_hp_loss":0.0,"gold_gain":0.0,"event_name":"Scrap Ooze","player_choice":"Success","floor":3.0,"gold_loss":0.0,"damage_taken":18.0,"relics_obtained":["Strawberry"]},{"damage_healed":0.0,"max_hp_gain":0.0,"max_hp_loss":0.0,"gold_gain":0.0,"cards_transformed":["Strike_R"],"event_name":"Living Wall","player_choice":"Change","floor":4.0,"gold_loss":0.0,"damage_taken":0.0,"cards_obtained":["Rampage"]},{"damage_healed":0.0,"max_hp_gain":0.0,"max_hp_loss":0.0,"gold_gain":0.0,"event_name":"Match and Keep!","player_choice":"2 cards matched","floor":7.0,"gold_loss":0.0,"damage_taken":0.0,"cards_obtained":["Bash","Uppercut"]},{"damage_healed":0.0,"max_hp_gain":0.0,"max_hp_loss":0.0,"gold_gain":0.0,"event_name":"Cursed Tome","player_choice":"Obtained Book","floor":19.0,"gold_loss":0.0,"damage_taken":21.0},{"damage_healed":0,"gold_gain":0,"player_choice":"Ignored","damage_taken":0,"max_hp_gain":0,"max_hp_loss":0,"event_name":"Beggar","floor":21,"gold_loss":0},{"damage_healed":0,"gold_gain":0,"player_choice":"Opened","damage_taken":0,"relics_obtained":["Sundial"],"max_hp_gain":0,"max_hp_loss":0,"event_name":"The Mausoleum","floor":24,"gold_loss":0,"cards_obtained":["Writhe"]}],"is_beta":false,"boss_relics":[{"not_picked":["Eternal Feather","Calling Bell"],"picked":"Tiny House"}],"items_purged_floors":[5,20],"is_endless":false,"potions_floor_spawned":[11,14,16,18,29],"killed_by":"Book of Stabbing","ascension_level":18}