{"gold_per_floor":[109,109,127,127,141,141,141,170,170,182,239,239,271,44,44,139,139,152,162,77,77,77,77,77,112,112,14,14,31,31,31,31,133,133,148,223,29,46,64,64],"floor_reached":40,"playtime":2206,"items_purged":["Strike_R","Strike_R","Strike_R"],"score":456,"play_id":"67f44fc9-7b83-4d24-a436-95998c5d7fdc","local_time":"20181215214440","is_ascension_mode":true,"campfire_choices":[{"data":"Bash","floor":6,"key":"SMITH"},{"floor":12,"key":"REST"},{"floor":15,"key":"REST"},{"floor":23,"key":"REST"},{"floor":28,"key":"REST"},{"floor":32,"key":"RECALL"}],"neow_cost":"NONE","seed_source_timestamp":1762670154834293,"circlet_count":0,"master_deck":["Strike_R","Defend_R","Defend_R","Defend_R","Defend_R","Bash+1","True Grit","Spot Weakness","Shrug It Off","Havoc","Heavy Blade","Brutality+1","Uppercut","Rupture+1","Limit Break","Warcry","Sentinel","Barricade+1","Anger","Flame Barrier","Cleave","Fire Breathing+1","Impervious","Sentinel"],"relics":["Burning Blood","NeowsBlessing","Pantograph","Frozen Egg 2","Mummified Hand","WingedGreaves","Smiling Mask","Orrery","Blood Vial","Thread and Needle","Omamori","Fusion Hammer","Bag of Preparation"],"potions_floor_usage":[14,18,33,39,40],"damage_taken":[{"damage":0,"enemies":"2 Louse","floor":1,"turns":1},{"damage":0,"enemies":"Cultist","floor":3,"turns":1},{"damage":0,"enemies":"Jaw Worm","floor":5,"turns":1},{"damage":31,"enemies":"3 Sentries","floor":8,"turns":10},{"damage":7,"enemies":"Blue Slaver","floor":10,"turns":3},{"damage":46,"enemies":"Lagavulin Event","floor":11,"turns":8},{"damage":29,"enemies":"Gremlin Nob","floor":13,"turns":5},{"damage":45,"enemies":"Hexaghost","floor":16,"turns":8},{"damage":56,"enemies":"3 Byrds","floor":18,"turns":7},{"damage":13,"enemies":"Chosen","floor":19,"turns":6},{"damage":33,"enemies":"Book of Stabbing","floor":25,"turns":7},{"damage":22,"enemies":"Snake Plant","floor":29,"turns":4},{"damage":32,"enemies":"Automaton","floor":33,"turns":9},{"damage":9,"enemies":"Orb Walker","floor":35,"turns":5},{"damage":8,"enemies":"3 Shapes","floor":38,"turns":4},{"damage":5,"enemies":"3 Darklings","floor":39,"turns":6},{"damage":79,"enemies":"Reptomancer","floor":40,"turns":5}],"seed_played":"-878468018427933770","potions_obtained":[{"floor":3,"key":"SteroidPotion"},{"floor":13,"key":"Block Potion"},{"floor":29,"key":"FearPotion"},{"floor":33,"key":"Poison Potion"},{"floor":38,"key":"Fire Potion"}],"is_trial":false,"path_per_floor":["M","?","M","?","M","R","?","E","T","M","?","R","E","$","R","B",null,"M","M","?","?","?","R","?","E","T","$","R","M","?","?","R","B",null,"M","?","$","M","M","E"],"character_chosen":"IRONCLAD","items_purchased":["Rupture+1","Fruit Juice","SkillPotion","Bag of Preparation"],"campfire_rested":4,"item_purchase_floors":[14,14,27,37],"current_hp_per_floor":[80,80,80,80,80,80,73,48,48,47,7,31,8,13,38,24,85,35,28,28,28,28,53,81,56,56,56,81,67,67,67,67,59,85,82,74,74,74,77,0],"gold":64,"neow_bonus":"THREE_ENEMY_KILL","is_prod":false,"is_daily":false,"chose_seed":false,"campfire_upgraded":1,"win_rate":0,"timestamp":1544870680,"path_taken":["M","?","M","?","?","R","?","E","T","M","?","R","E","$","R","BOSS","M","M","?","?","?","R","?","E","T","$","R","?","?","?","R","BOSS","M","?","?","?","M","E"],"build_version":"2018-12-13","purchased_purges":3,"victory":false,"max_hp_per_floor":[80,80,80,80,80,80,80,80,80,80,80,80,80,85,85,85,85,85,85,85,85,85,85,85,85,85,85,85,85,85,85,85,85,85,85,85,85,85,85,85],"card_choices":[{"not_picked":["Warcry","Havoc"],"picked":"True Grit","floor":1},{"not_picked":["Pummel","Clothesline"],"picked":"Spot Weakness","floor":3},{"not_picked":["Havoc","Infernal Blade"],"picked":"Shrug It Off","floor":5},{"not_picked":["Sword Boomerang","Iron Wave"],"picked":"Havoc","floor":8},{"not_picked":["Iron Wave","Wild Strike"],"picked":"Heavy Blade","floor":10},{"not_picked":["Iron Wave","Ghostly Armor"],"picked":"Brutality+1","floor":11},{"not_picked":["Power Through","Thunderclap"],"picked":"Uppercut","floor":13},{"not_picked":["Bludgeon","Demon Form+1"],"picked":"Limit Break","floor":16},{"not_picked":["Headbutt","Sword Boomerang"],"picked":"Warcry","floor":17},{"not_picked":["Ghostly Armor","Armaments"],"picked":"Sentinel","floor":17},{"not_picked":["Body Slam","Flex"],"picked":"Barricade+1","floor":17},{"not_picked":["Searing Blow","Dual Wield"],"picked":"Anger","floor":17},{"not_picked":["Searing Blow","Heavy Blade+1"],"picked":"Flame Barrier","floor":18},{"not_picked":["Heavy Blade+1","Flex+1"],"picked":"Cleave","floor":19},{"not_picked":["Perfected Strike","Thunderclap"],"picked":"Fire Breathing+1","floor":25},{"not_picked":["Flex","Dropkick","Intimidate"],"picked":"SKIP","floor":29},{"not_picked":["Reaper","Bludgeon"],"picked":"Impervious","floor":33},{"not_picked":["Flex","Headbutt","Uppercut+1"],"picked":"SKIP","floor":35},{"not_picked":["Sword Boomerang","Sever Soul+1","Clothesline+1"],"picked":"SKIP","floor":38},{"not_picked":["Pummel","Cleave+1"],"picked":"Sentinel","floor":39}],"player_experience":240346,"relics_obtained":[{"floor":8,"key":"Frozen Egg 2"},{"floor":9,"key":"Mummified Hand"},{"floor":11,"key":"WingedGreaves"},{"floor":13,"key":"Smiling Mask"},{"floor":25,"key":"Omamori"}],"event_choices":[{"damage_healed":0,"gold_gain":0,"player_choice":"Ignored","damage_taken":0,"max_hp_gain":0,"max_hp_loss":0,"event_name":"Shining Light","floor":2,"gold_loss":0},{"damage_healed":0,"gold_gain":0,"player_choice":"Gave Potion","damage_taken":0,"relics_obtained":["Pantograph"],"max_hp_gain":0,"max_hp_loss":0,"event_name":"WeMeetAgain","floor":4,"gold_loss":0},{"cards_removed":["Strike_R"],"damage_healed":0,"gold_gain":0,"player_choice":"Card Removal","damage_taken":7,"max_hp_gain":0,"max_hp_loss":0,"event_name":"Golden Wing","floor":7,"gold_loss":0},{"damage_healed":0,"gold_gain":30,"player_choice":"Searched \u00272\u0027 times","damage_taken":0,"max_hp_gain":0,"max_hp_loss":0,"event_name":"Dead Adventurer","floor":11,"gold_loss":0},{"damage_healed":0,"gold_gain":0,"player_choice":"Obtained Relic","damage_taken":0,"relics_obtained":["Blood Vial"],"max_hp_gain":0,"max_hp_loss":0,"event_name":"Addict","floor":20,"gold_loss":85},{"damage_healed":0,"gold_gain":0,"player_choice":"Opened","damage_taken":0,"relics_obtained":["Thread and Needle"],"max_hp_gain":0,"max_hp_loss":0,"event_name":"The Mausoleum","floor":21,"gold_loss":0,"cards_obtained":["Writhe"]},{"cards_removed":["Writhe"],"damage_healed":0,"gold_gain":0,"player_choice":"Elegance","damage_taken":0,"max_hp_gain":0,"max_hp_loss":0,"event_name":"Back to Basics","floor":22,"gold_loss":0},{"damage_healed":28,"gold_gain":0,"player_choice":"Heal","damage_taken":0,"max_hp_gain":0,"max_hp_loss":0,"event_name":"The Library","floor":24,"gold_loss":0},{"damage_healed":0,"gold_gain":0,"player_choice":"Ignored","damage_taken":0,"max_hp_gain":0,"max_hp_loss":0,"event_name":"Beggar","floor":30,"gold_loss":0},{"damage_healed":0,"gold_gain":0,"player_choice":"Ignored","damage_taken":0,"max_hp_gain":0,"max_hp_loss":0,"event_name":"Ghosts","floor":31,"gold_loss":0},{"damage_healed":0,"gold_gain":75,"player_choice":"Touch","damage_taken":8,"max_hp_gain":0,"max_hp_loss":0,"event_name":"FaceTrader","floor":36,"gold_loss":0}],"is_beta":false,"boss_relics":[{"not_picked":["Cursed Key","Velvet Choker"],"picked":"Orrery"},{"not_picked":["Lizard Tail","White Beast Statue"],"picked":"Fusion Hammer"}],"items_purged_floors":[14,27,37],"is_endless":false,"potions_floor_spawned":[3,13,29,33,38],"killed_by":"Reptomancer","ascension_level":1}