{"gold_per_floor":[110,126,142,142,142,158,193,268,268,268,283,283,283,328,328,424,424,436,464,464,479,496,527,527,541,541,541,541,557,587,212,212,310,310,321,339,17,34,49,49,49,49,49,64,84,119,132,532,532,532,532,532,37,62,62],"floor_reached":56,"playtime":5512,"items_purged":[],"score":1274,"play_id":"f2eb4472-0e01-433d-b1a0-5fda5a77bafd","local_time":"20190101021319","is_ascension_mode":false,"campfire_choices":[{"floor":10,"key":"REST"},{"data":"Defragment","floor":13,"key":"SMITH"},{"floor":15,"key":"RECALL"},{"floor":24,"key":"REST"},{"floor":27,"key":"REST"},{"floor":32,"key":"REST"},{"data":"Apotheosis","floor":40,"key":"SMITH"},{"data":"Turbo","floor":42,"key":"SMITH"},{"floor":49,"key":"REST"},{"data":"Creative AI","floor":52,"key":"SMITH"}],"neow_cost":"NONE","seed_source_timestamp":124820346556167,"circlet_count":0,"master_deck":["Zap","Dualcast","Rebound","Chill","Defragment+1","Lockon","Conserve Battery","Core Surge","Genetic Algorithm","Stack","Rainbow","Tempest","Steam+1","Turbo+1","Beam Cell","Defragment","Recycle+1","Redo+1","Hologram+1","Doom and Gloom+1","Gash+1","Defragment","Glacier","Coolheaded","Creative AI+1","Redo+1","Double Energy","Apotheosis+1","Go for the Eyes+1","Go for the Eyes","White Noise+1","Capacitor","Skim+1","Sunder","Skim"],"relics":["Cracked Core","Gremlin Horn","Pear","Blood Vial","Singing Bowl","Pandora\u0027s Box","Red Mask","Dodecahedron","Mango","DataDisk","War Paint","Nuclear Battery","Bag of Preparation","Letter Opener","Shuriken","Old Coin","Mummified Hand","Happy Flower","Lantern"],"potions_floor_usage":[16,22,23,30,39,46,50,54,55],"damage_taken":[{"damage":2,"enemies":"Small Slimes","floor":1,"turns":3},{"damage":6,"enemies":"2 Louse","floor":2,"turns":3},{"damage":0,"enemies":"Cultist","floor":3,"turns":2},{"damage":7,"enemies":"Exordium Wildlife","floor":6,"turns":3},{"damage":34,"enemies":"Gremlin Nob","floor":7,"turns":4},{"damage":0,"enemies":"3 Louse","floor":11,"turns":4},{"damage":40,"enemies":"The Guardian","floor":16,"turns":11},{"damage":10,"enemies":"2 Thieves","floor":18,"turns":4},{"damage":32,"enemies":"Masked Bandits","floor":19,"turns":5},{"damage":5,"enemies":"Spheric Guardian","floor":21,"turns":4},{"damage":30,"enemies":"Snecko","floor":22,"turns":4},{"damage":31,"enemies":"Slavers","floor":23,"turns":6},{"damage":12,"enemies":"Snake Plant","floor":25,"turns":3},{"damage":15,"enemies":"Centurion and Healer","floor":29,"turns":9},{"damage":20,"enemies":"Gremlin Leader","floor":30,"turns":6},{"damage":37,"enemies":"Automaton","floor":33,"turns":10},{"damage":0,"enemies":"3 Shapes","floor":35,"turns":6},{"damage":8,"enemies":"Orb Walker","floor":36,"turns":4},{"damage":6,"enemies":"Writhing Mass","floor":38,"turns":4},{"damage":0,"enemies":"Maw","floor":39,"turns":7},{"damage":0,"enemies":"Sphere and 2 Shapes","floor":44,"turns":6},{"damage":7,"enemies":"4 Shapes","floor":45,"turns":5},{"damage":50,"enemies":"Nemesis","floor":46,"turns":11},{"damage":22,"enemies":"Transient","floor":47,"turns":5},{"damage":8,"enemies":"Mind Bloom Boss Battle","floor":48,"turns":7},{"damage":61,"enemies":"Time Eater","floor":50,"turns":15},{"damage":34,"enemies":"Shield and Spear","floor":54,"turns":4},{"damage":55,"enemies":"The Heart","floor":55,"turns":13}],"seed_played":"-5094842874185304575","potions_obtained":[{"floor":2,"key":"FearPotion"},{"floor":11,"key":"Swift Potion"},{"floor":16,"key":"Energy Potion"},{"floor":21,"key":"Fire Potion"},{"floor":23,"key":"Strength Potion"},{"floor":29,"key":"Swift Potion"},{"floor":33,"key":"FairyPotion"},{"floor":35,"key":"Explosive Potion"},{"floor":44,"key":"Swift Potion"},{"floor":46,"key":"Dexterity Potion"},{"floor":48,"key":"EssenceOfSteel"}],"is_trial":false,"path_per_floor":["M","M","M","?","?","M","E","?","T","R","M","?","R","T","R","B",null,"M","?","?","M","M","E","R","M","T","R","?","M","E","$","R","B",null,"M","M","$","M","M","R","$","R","T","M","M","E","M","?","R","B",null,"R","$","E","B",null],"character_chosen":"DEFECT","items_purchased":["War Paint","Defragment","Regen Potion","Glacier","Coolheaded","Apotheosis","Bag of Preparation","Mummified Hand","Happy Flower","PowerPotion","Sunder"],"campfire_rested":5,"item_purchase_floors":[31,31,31,31,31,37,37,53,53,53,53],"current_hp_per_floor":[80,74,74,67,77,70,36,25,25,52,56,61,61,61,61,25,101,93,63,63,62,34,5,36,26,40,75,75,62,44,44,79,44,119,119,111,111,107,111,111,111,111,111,113,108,62,42,36,72,13,123,123,123,89,36],"gold":62,"neow_bonus":"TEN_PERCENT_HP_BONUS","is_prod":false,"is_daily":false,"chose_seed":false,"campfire_upgraded":4,"win_rate":0,"timestamp":1546269199,"path_taken":["M","M","M","?","?","?","E","?","T","R","M","?","R","?","R","BOSS","M","?","?","M","M","E","R","M","T","R","?","M","E","$","R","BOSS","M","?","$","M","?","R","$","R","T","M","M","E","M","?","R","BOSS","R","$","E","BOSS"],"build_version":"2018-12-20","purchased_purges":0,"victory":true,"max_hp_per_floor":[82,82,82,82,92,92,92,92,92,92,94,99,99,99,99,101,101,103,103,103,105,105,105,105,105,119,119,119,119,119,119,119,119,119,119,119,119,119,121,121,121,121,121,121,121,123,123,123,123,123,123,123,123,123,123],"card_choices":[{"not_picked":["Barrage","Static Discharge"],"picked":"Rebound","floor":1},{"not_picked":["Reprogram","Conserve Battery"],"picked":"Chill","floor":2},{"not_picked":["Streamline","Aggregate"],"picked":"Defragment","floor":3},{"not_picked":["Heatsinks","Rebound"],"picked":"Lockon","floor":6},{"not_picked":["Chill","Turbo"],"picked":"Conserve Battery","floor":7},{"not_picked":["Turbo","Steam Power","Sweeping Beam"],"picked":"Singing Bowl","floor":11},{"not_picked":["Fission","Thunder Strike","Reboot"],"picked":"Singing Bowl","floor":16},{"not_picked":["Static Discharge","Turbo","Steam"],"picked":"Singing Bowl","floor":18},{"not_picked":["Redo","Sweeping Beam"],"picked":"Beam Cell","floor":19},{"not_picked":["Undo","Barrage","Sweeping Beam"],"picked":"Singing Bowl","floor":21},{"not_picked":["Genetic Algorithm+1","Turbo"],"picked":"Recycle+1","floor":22},{"not_picked":["Barrage","Beam Cell+1"],"picked":"Redo","floor":23},{"not_picked":["Beam Cell","Sweeping Beam+1"],"picked":"Hologram+1","floor":25},{"not_picked":["Amplify","Leap+1"],"picked":"Doom and Gloom+1","floor":29},{"not_picked":["Hologram+1","Leap"],"picked":"Gash+1","floor":30},{"not_picked":["Hyperbeam","Seek"],"picked":"Creative AI","floor":33},{"not_picked":["Genetic Algorithm+1","Leap+1"],"picked":"Redo+1","floor":35},{"not_picked":["BootSequence+1","Turbo"],"picked":"Double Energy","floor":36},{"not_picked":["Conserve Battery","Hologram+1"],"picked":"Go for the Eyes+1","floor":38},{"not_picked":["Consume","Stack","Skim+1"],"picked":"Singing Bowl","floor":39},{"not_picked":["Beam Cell","Genetic Algorithm+1"],"picked":"Go for the Eyes","floor":44},{"not_picked":["Redo","Reprogram"],"picked":"White Noise+1","floor":45},{"not_picked":["Stack","Recycle+1","Sweeping Beam+1"],"picked":"Singing Bowl","floor":46},{"not_picked":["Stack","Go for the Eyes"],"picked":"Capacitor","floor":47},{"not_picked":["Double Energy","Leap"],"picked":"Skim+1","floor":48},{"not_picked":["Chaos","Thunder Strike"],"picked":"Skim","floor":54}],"player_experience":372621,"relics_obtained":[{"floor":7,"key":"Blood Vial"},{"floor":9,"key":"Singing Bowl"},{"floor":19,"key":"Red Mask"},{"floor":23,"key":"Dodecahedron"},{"floor":26,"key":"Mango"},{"floor":30,"key":"DataDisk"},{"floor":43,"key":"Letter Opener"},{"floor":46,"key":"Shuriken"},{"floor":48,"key":"Old Coin"},{"floor":54,"key":"Lantern"}],"event_choices":[{"damage_healed":0,"gold_gain":0,"player_choice":"Success","damage_taken":7,"relics_obtained":["Gremlin Horn"],"max_hp_gain":0,"max_hp_loss":0,"event_name":"Scrap Ooze","floor":4,"gold_loss":0},{"damage_healed":0,"gold_gain":0,"player_choice":"Gave Potion","damage_taken":0,"relics_obtained":["Pear"],"max_hp_gain":0,"max_hp_loss":0,"event_name":"WeMeetAgain","floor":5,"gold_loss":0},{"damage_healed":0,"gold_gain":75,"player_choice":"Gather Gold","damage_taken":11,"max_hp_gain":0,"max_hp_loss":0,"event_name":"World of Goop","floor":8,"gold_loss":0},{"damage_healed":0,"gold_gain":0,"player_choice":"Donut","damage_taken":0,"max_hp_gain":5,"max_hp_loss":0,"event_name":"Big Fish","floor":12,"gold_loss":0},{"damage_healed":0,"gold_gain":0,"player_choice":"Fought Bandits","damage_taken":0,"max_hp_gain":0,"max_hp_loss":0,"event_name":"Masked Bandits","floor":19,"gold_loss":0},{"damage_healed":0,"gold_gain":0,"player_choice":"Read","damage_taken":0,"max_hp_gain":0,"max_hp_loss":0,"event_name":"The Library","floor":20,"gold_loss":0,"cards_obtained":["Defragment"]},{"cards_removed":["Static Discharge"],"damage_healed":0,"gold_gain":0,"player_choice":"Purged","damage_taken":0,"max_hp_gain":0,"max_hp_loss":0,"event_name":"Purifier","floor":28,"gold_loss":0},{"damage_healed":0,"gold_gain":0,"player_choice":"Fight","damage_taken":0,"max_hp_gain":0,"max_hp_loss":0,"event_name":"MindBloom","floor":48,"gold_loss":0}],"is_beta":false,"boss_relics":[{"not_picked":["Black Star","Lizard Tail"],"picked":"Pandora\u0027s Box"},{"not_picked":["Velvet Choker","Coffee Dripper"],"picked":"Nuclear Battery"}],"items_purged_floors":[],"is_endless":false,"potions_floor_spawned":[2,11,16,21,23,29,33,35,44,45,46,48],"ascension_level":0}