{"gold_per_floor":[110,110,185,110,121,151,162,176,203,153,165,165,185,202,202,297,297,317,232,232,246,1,1,17,17,70,70,70,88,100,110,110,110],"floor_reached":33,"playtime":5530,"items_purged":["Defend_G","Defend_G"],"score":264,"play_id":"e5f2bee7-1636-400e-b0a4-d7da4f96d304","local_time":"20190729173009","is_ascension_mode":true,"campfire_choices":[{"floor":12,"key":"REST"},{"floor":15,"key":"REST"},{"floor":23,"key":"REST"},{"floor":28,"key":"REST"},{"floor":32,"key":"REST"}],"neow_cost":"NONE","seed_source_timestamp":198434899399337,"circlet_count":0,"master_deck":["Strike_G","Strike_G","Strike_G+1","Strike_G+1","Strike_G","Defend_G","Survivor","Neutralize","Backflip","Dagger Throw","Backflip","Noxious Fumes","Bullet Time","Dagger Spray","Endless Agony","Terror","Dagger Throw","Prepared","Slice+1"],"relics":["Ring of the Snake","Strawberry","Bronze Scales","Whetstone","Fusion Hammer","Anchor","Nilry\u0027s Codex","Vajra","Juzu Bracelet"],"potions_floor_usage":[11,16,16,24,31,33,33],"damage_taken":[{"damage":4,"enemies":"Jaw Worm","floor":1,"turns":9},{"damage":1,"enemies":"2 Louse","floor":5,"turns":3},{"damage":37,"enemies":"3 Sentries","floor":6,"turns":12},{"damage":0,"enemies":"Small Slimes","floor":7,"turns":2},{"damage":13,"enemies":"3 Louse","floor":8,"turns":3},{"damage":2,"enemies":"Looter","floor":11,"turns":2},{"damage":6,"enemies":"Exordium Wildlife","floor":13,"turns":4},{"damage":5,"enemies":"2 Fungi Beasts","floor":14,"turns":3},{"damage":35,"enemies":"The Guardian","floor":16,"turns":13},{"damage":5,"enemies":"Spheric Guardian","floor":18,"turns":4},{"damage":8,"enemies":"2 Thieves","floor":21,"turns":4},{"damage":14,"enemies":"Shelled Parasite and Fungi","floor":24,"turns":5},{"damage":18,"enemies":"Sentry and Sphere","floor":29,"turns":4},{"damage":15,"enemies":"Snecko","floor":30,"turns":3},{"damage":3,"enemies":"Centurion and Healer","floor":31,"turns":4},{"damage":98,"enemies":"Automaton","floor":33,"turns":6}],"seed_played":"-1952936702870827874","potions_obtained":[{"floor":7,"key":"Dexterity Potion"},{"floor":8,"key":"Fire Potion"},{"floor":13,"key":"SpeedPotion"},{"floor":14,"key":"Fire Potion"},{"floor":16,"key":"EssenceOfSteel"},{"floor":29,"key":"Strength Potion"},{"floor":30,"key":"Energy Potion"},{"floor":31,"key":"FearPotion"}],"is_trial":false,"path_per_floor":["M","?","?","$","M","E","M","M","T","?","M","R","M","M","R","B",null,"M","?","?","M","$","R","M","$","T","$","R","M","M","M","R","B"],"character_chosen":"THE_SILENT","items_purchased":["Vajra"],"campfire_rested":5,"item_purchase_floors":[22],"current_hp_per_floor":[73,73,62,62,61,24,24,11,11,11,9,32,26,21,44,9,77,72,72,56,48,48,71,57,57,57,57,77,59,44,41,64,0],"gold":110,"neow_bonus":"RANDOM_COMMON_RELIC","is_prod":false,"is_daily":false,"chose_seed":false,"campfire_upgraded":0,"win_rate":0,"timestamp":1564414209,"path_taken":["M","?","?","$","M","E","M","M","T","?","M","R","M","M","R","BOSS","M","?","?","M","$","R","M","$","T","?","R","M","M","M","R","BOSS"],"build_version":"2019-07-17","purchased_purges":2,"victory":false,"max_hp_per_floor":[77,77,77,77,77,77,77,77,77,77,77,77,77,77,77,77,77,77,77,77,77,77,77,77,77,77,77,77,77,77,77,77,77],"card_choices":[{"not_picked":["Bane","Crippling Poison"],"picked":"Backflip","floor":1},{"not_picked":["Blade Dance","Cloak And Dagger","Infinite Blades"],"picked":"SKIP","floor":5},{"not_picked":["Leg Sweep","Poisoned Stab"],"picked":"Dagger Throw","floor":6},{"not_picked":["Expertise","Outmaneuver"],"picked":"Backflip","floor":7},{"not_picked":["PiercingWail","Blade Dance","Crippling Poison"],"picked":"SKIP","floor":8},{"not_picked":["Accuracy","Cloak And Dagger","Heel Hook"],"picked":"SKIP","floor":11},{"not_picked":["Prepared","Deflect"],"picked":"Noxious Fumes","floor":13},{"not_picked":["Blur","Dagger Spray"],"picked":"Bullet Time","floor":14},{"not_picked":["Acrobatics","Outmaneuver"],"picked":"Dagger Spray","floor":18},{"not_picked":["Footwork+1","Poisoned Stab+1"],"picked":"Endless Agony","floor":21},{"not_picked":["Outmaneuver","Dagger Throw"],"picked":"Terror","floor":24},{"not_picked":["Finisher","Masterful Stab"],"picked":"Dagger Throw","floor":29},{"not_picked":["PiercingWail","Skewer"],"picked":"Prepared","floor":30},{"not_picked":["Infinite Blades","Deflect"],"picked":"Slice+1","floor":31}],"player_experience":86257,"relics_obtained":[{"floor":6,"key":"Bronze Scales"},{"floor":9,"key":"Whetstone"},{"floor":20,"key":"Nilry\u0027s Codex"},{"floor":26,"key":"Juzu Bracelet"}],"event_choices":[{"cards_removed":["Defend_G"],"damage_healed":0,"gold_gain":0,"player_choice":"Forget","damage_taken":0,"max_hp_gain":0,"max_hp_loss":0,"event_name":"Living Wall","floor":2,"gold_loss":0},{"damage_healed":0,"gold_gain":75,"player_choice":"Gather Gold","damage_taken":11,"max_hp_gain":0,"max_hp_loss":0,"event_name":"World of Goop","floor":3,"gold_loss":0},{"cards_removed":["Defend_G"],"damage_healed":0,"gold_gain":0,"player_choice":"Card Removal","damage_taken":0,"max_hp_gain":0,"max_hp_loss":0,"event_name":"The Cleric","floor":10,"gold_loss":50},{"damage_healed":0,"gold_gain":0,"player_choice":"Obtained Relic","damage_taken":0,"relics_obtained":["Anchor"],"max_hp_gain":0,"max_hp_loss":0,"event_name":"Addict","floor":19,"gold_loss":85},{"damage_healed":0,"gold_gain":0,"player_choice":"Obtained Book","damage_taken":16,"max_hp_gain":0,"max_hp_loss":0,"event_name":"Cursed Tome","floor":20,"gold_loss":0}],"is_beta":false,"boss_relics":[{"not_picked":["Velvet Choker","Philosopher\u0027s Stone"],"picked":"Fusion Hammer"}],"items_purged_floors":[4,22],"is_endless":false,"potions_floor_spawned":[7,8,13,14,16,29,30,31],"killed_by":"Automaton","ascension_level":1}