{"gold_per_floor":[113,113,133,133,144,144,157,186,186,186,197,197,217,229,229,302,302,321,155,155,155],"floor_reached":21,"playtime":625,"items_purged":["Strike_R"],"score":362,"play_id":"f8dce6de-bebf-4aa8-8012-da9e7289beb1","local_time":"20190516150854","is_ascension_mode":true,"campfire_choices":[{"data":"Whirlwind","floor":6,"key":"SMITH"},{"floor":10,"key":"REST"},{"data":"Flame Barrier","floor":12,"key":"SMITH"},{"data":"Disarm","floor":15,"key":"SMITH"}],"neow_cost":"PERCENT_DAMAGE","seed_source_timestamp":2093788146108663,"circlet_count":0,"master_deck":["AscendersBane","Strike_R","Strike_R+1","Strike_R+1","Defend_R","Defend_R","Defend_R","Bash","Whirlwind+1","Disarm+1","Evolve","Flame Barrier+1","Shrug It Off","Battle Trance","Impervious","Burning Pact","Madness","Ghostly","Ghostly","Ghostly"],"relics":["Burning Blood","Runic Pyramid"],"potions_floor_usage":[8,16,16],"damage_taken":[{"damage":7,"enemies":"Jaw Worm","floor":1,"turns":3},{"damage":10,"enemies":"2 Louse","floor":3,"turns":2},{"damage":1,"enemies":"Cultist","floor":5,"turns":3},{"damage":0,"enemies":"Lots of Slimes","floor":7,"turns":1},{"damage":44,"enemies":"Lagavulin","floor":8,"turns":8},{"damage":12,"enemies":"Large Slime","floor":11,"turns":6},{"damage":0,"enemies":"Exordium Thugs","floor":13,"turns":3},{"damage":0,"enemies":"3 Louse","floor":14,"turns":1},{"damage":17,"enemies":"The Guardian","floor":16,"turns":13},{"damage":16,"enemies":"Shell Parasite","floor":18,"turns":15},{"damage":2,"enemies":"Colosseum Slavers","floor":21,"turns":3}],"seed_played":"6635803781038650476","potions_obtained":[{"floor":3,"key":"Weak Potion"},{"floor":5,"key":"FearPotion"},{"floor":11,"key":"Energy Potion"},{"floor":13,"key":"Fire Potion"},{"floor":16,"key":"Swift Potion"}],"is_trial":false,"path_per_floor":["M","?","M","?","M","R","M","E","T","R","M","R","M","M","R","B",null,"M","$","?","?"],"character_chosen":"IRONCLAD","items_purchased":["Madness"],"campfire_rested":1,"item_purchase_floors":[19],"current_hp_per_floor":[49,74,70,47,52,52,58,20,20,42,36,36,42,48,48,37,66,56,56,37,35],"gold":155,"neow_bonus":"REMOVE_TWO","is_prod":false,"is_daily":false,"chose_seed":false,"campfire_upgraded":3,"win_rate":0,"timestamp":1557990534,"path_taken":["M","?","M","?","M","R","M","E","T","R","M","R","M","M","R","BOSS","M","$","?","?"],"build_version":"2019-01-23","purchased_purges":1,"victory":false,"max_hp_per_floor":[75,75,75,75,75,75,75,75,75,75,75,75,75,75,75,75,75,75,75,37,37],"card_choices":[{"not_picked":["Anger","Headbutt","Dual Wield"],"picked":"SKIP","floor":1},{"not_picked":["Flex","Body Slam"],"picked":"Whirlwind","floor":3},{"not_picked":["Thunderclap","Corruption"],"picked":"Disarm","floor":5},{"not_picked":["Cleave","Sword Boomerang"],"picked":"Evolve","floor":7},{"not_picked":["Hemokinesis","Infernal Blade"],"picked":"Flame Barrier","floor":8},{"not_picked":["Intimidate","Thunderclap"],"picked":"Shrug It Off","floor":11},{"not_picked":["Perfected Strike","Flame Barrier","Shrug It Off"],"picked":"SKIP","floor":13},{"not_picked":["Wild Strike","Exhume"],"picked":"Battle Trance","floor":14},{"not_picked":["Berserk","Immolate"],"picked":"Impervious","floor":16},{"not_picked":["Shrug It Off","Infernal Blade"],"picked":"Burning Pact","floor":18}],"player_experience":849706,"relics_obtained":[],"event_choices":[{"damage_healed":25,"gold_gain":0,"player_choice":"Banana","damage_taken":0,"max_hp_gain":0,"max_hp_loss":0,"event_name":"Big Fish","floor":2,"gold_loss":0},{"damage_healed":0,"gold_gain":0,"player_choice":"Entered Light","damage_taken":23,"max_hp_gain":0,"max_hp_loss":0,"event_name":"Shining Light","floor":4,"gold_loss":0,"cards_upgraded":["Strike_R","Strike_R"]},{"damage_healed":0,"gold_gain":0,"player_choice":"Became a Ghost","damage_taken":0,"max_hp_gain":0,"max_hp_loss":38,"event_name":"Ghosts","floor":20,"gold_loss":0,"cards_obtained":["Ghostly","Ghostly","Ghostly"]},{"damage_healed":0,"gold_gain":0,"player_choice":"Fight","damage_taken":0,"max_hp_gain":0,"max_hp_loss":0,"event_name":"Colosseum","floor":21,"gold_loss":0}],"is_beta":false,"boss_relics":[{"not_picked":["Calling Bell","Eternal Feather"],"picked":"Runic Pyramid"}],"items_purged_floors":[19],"is_endless":false,"potions_floor_spawned":[3,5,11,13,16],"killed_by":"Colosseum Slavers","ascension_level":20}