{"gold_per_floor":[113,113,124,199,199,199,232,250,250,282,298,313,326,352,352,431,431,449,449,474,59,69,101,23,51,125,125,125,125],"floor_reached":29,"playtime":1594,"items_purged":[],"score":503,"play_id":"f5c36fc1-a564-4ac1-ae10-7620ec28d75a","local_time":"20190715224702","is_ascension_mode":true,"campfire_choices":[{"data":"Metallicize","floor":6.0,"key":"SMITH"},{"data":"Armaments","floor":15,"key":"SMITH"},{"data":"Havoc","floor":27,"key":"SMITH"}],"neow_cost":"NONE","seed_source_timestamp":0,"circlet_count":0,"master_deck":["AscendersBane","Strike_R","Strike_R+1","Defend_R","Defend_R","Defend_R+1","Defend_R","Bash","Pommel Strike","Metallicize+1","Metallicize","Wild Strike","Disarm","Warcry","Combust","Armaments+1","Uppercut","Immolate","Feel No Pain","Evolve","Limit Break","Twin Strike","Bludgeon","Burning Pact","Havoc+1"],"special_seed":0,"relics":["Burning Blood","NeowsBlessing","Nunchaku","Turnip","Strawberry","Odd Mushroom","Mark of Pain","Red Mask","Shuriken","Blood Vial","Anchor","Meat on the Bone","Matryoshka"],"potions_floor_usage":[14,20,23,25],"damage_taken":[{"damage":0.0,"enemies":"Small Slimes","floor":1.0,"turns":1.0},{"damage":0.0,"enemies":"2 Louse","floor":3.0,"turns":1.0},{"damage":0.0,"enemies":"3 Sentries","floor":7.0,"turns":2.0},{"damage":0.0,"enemies":"Jaw Worm","floor":8.0,"turns":5.0},{"damage":25.0,"enemies":"Lagavulin","floor":10.0,"turns":10.0},{"damage":4,"enemies":"Looter","floor":11,"turns":4},{"damage":16,"enemies":"Exordium Thugs","floor":12,"turns":6},{"damage":6,"enemies":"2 Fungi Beasts","floor":13,"turns":5},{"damage":10,"enemies":"The Mushroom Lair","floor":14,"turns":5},{"damage":19,"enemies":"Hexaghost","floor":16,"turns":11},{"damage":20,"enemies":"Spheric Guardian","floor":18,"turns":4},{"damage":1,"enemies":"Masked Bandits","floor":20,"turns":2},{"damage":4,"enemies":"Chosen","floor":22,"turns":4},{"damage":21,"enemies":"Gremlin Leader","floor":23,"turns":8},{"damage":16,"enemies":"Slavers","floor":25,"turns":6},{"damage":28,"enemies":"Gremlin Leader","floor":29,"turns":6}],"seed_played":"-1966501079607283508","potions_obtained":[{"floor":3.0,"key":"Weak Potion"},{"floor":10.0,"key":"Energy Potion"},{"floor":11,"key":"GamblersBrew"},{"floor":14,"key":"Explosive Potion"},{"floor":20,"key":"Block Potion"}],"is_trial":false,"path_per_floor":["M","?","M","?","?","R","E","M","T","E","M","M","M","?","R","B",null,"M","?","?","$","M","E","$","E","T","R","?","E"],"character_chosen":"IRONCLAD","items_purchased":["Shuriken","Blood Vial","Burning Pact"],"campfire_rested":0,"item_purchase_floors":[21,21,24],"current_hp_per_floor":[74,67,73,62,47,47,53,59,59,47,49,39,39,35,35,22,67,53,53,58,58,62,49,49,41,41,41,25,0],"gold":125,"neow_bonus":"THREE_ENEMY_KILL","is_prod":false,"is_daily":false,"chose_seed":false,"campfire_upgraded":3,"win_rate":0,"timestamp":1563245222,"path_taken":["M","?","M","?","?","R","E","M","T","E","M","M","M","?","R","BOSS","M","?","?","$","M","E","$","E","T","R","?","E"],"build_version":"2019-07-05","purchased_purges":0,"victory":false,"max_hp_per_floor":[75,75,75,75,75,75,75,75,75,82,82,82,82,82,82,82,82,82,82,82,82,82,82,82,82,82,82,87,87],"card_choices":[{"not_picked":["Clash","Entrench"],"picked":"Pommel Strike","floor":1.0},{"not_picked":["Fire Breathing","Flex"],"picked":"Metallicize","floor":3.0},{"not_picked":["Spot Weakness","Berserk"],"picked":"Metallicize","floor":7.0},{"not_picked":["Perfected Strike","Reckless Charge"],"picked":"Wild Strike","floor":8.0},{"not_picked":["Heavy Blade","True Grit"],"picked":"Disarm","floor":10.0},{"not_picked":["Heavy Blade","Body Slam"],"picked":"Warcry","floor":11},{"not_picked":["Iron Wave","Perfected Strike"],"picked":"Combust","floor":12},{"not_picked":["Barricade","Heavy Blade"],"picked":"Armaments","floor":13},{"not_picked":["Armaments","Wild Strike"],"picked":"Uppercut","floor":14},{"not_picked":["Demon Form","Fiend Fire"],"picked":"Immolate","floor":16},{"not_picked":["Rupture","Cleave"],"picked":"Feel No Pain","floor":18},{"not_picked":["Clash","Body Slam"],"picked":"Twin Strike","floor":22},{"not_picked":["Power Through","Hemokinesis+1"],"picked":"Bludgeon","floor":23},{"not_picked":["Wild Strike","Armaments"],"picked":"Havoc","floor":25}],"player_experience":383930,"relics_obtained":[{"floor":7.0,"key":"Nunchaku"},{"floor":9.0,"key":"Turnip"},{"floor":10.0,"key":"Strawberry"},{"floor":14,"key":"Odd Mushroom"},{"floor":20,"key":"Red Mask"},{"floor":23,"key":"Anchor"},{"floor":25,"key":"Meat on the Bone"},{"floor":26,"key":"Matryoshka"}],"event_choices":[{"cards_removed":["Strike_R"],"damage_healed":0.0,"max_hp_gain":0.0,"max_hp_loss":0.0,"gold_gain":0.0,"event_name":"Golden Wing","player_choice":"Card Removal","floor":2.0,"gold_loss":0.0,"damage_taken":7.0},{"damage_healed":0.0,"max_hp_gain":0.0,"max_hp_loss":0.0,"gold_gain":75.0,"event_name":"World of Goop","player_choice":"Gather Gold","floor":4.0,"gold_loss":0.0,"damage_taken":11.0},{"damage_healed":0.0,"max_hp_gain":0.0,"max_hp_loss":0.0,"gold_gain":0.0,"event_name":"Shining Light","player_choice":"Entered Light","floor":5.0,"gold_loss":0.0,"damage_taken":15.0,"cards_upgraded":["Defend_R","Strike_R"]},{"damage_healed":0,"gold_gain":0,"player_choice":"Fought Mushrooms","damage_taken":0,"max_hp_gain":0,"max_hp_loss":0,"event_name":"Mushrooms","floor":14,"gold_loss":0},{"damage_healed":0,"gold_gain":0,"cards_transformed":["Strike_R","Strike_R"],"player_choice":"Became Test Subject","damage_taken":0,"max_hp_gain":0,"max_hp_loss":0,"event_name":"Drug Dealer","floor":19,"gold_loss":0,"cards_obtained":["Evolve","Limit Break"]},{"damage_healed":0,"gold_gain":0,"player_choice":"Fought Bandits","damage_taken":0,"max_hp_gain":0,"max_hp_loss":0,"event_name":"Masked Bandits","floor":20,"gold_loss":0},{"damage_healed":0,"gold_gain":0,"player_choice":"Shed Blood","damage_taken":21,"max_hp_gain":5,"max_hp_loss":0,"event_name":"Forgotten Altar","floor":28,"gold_loss":0}],"is_beta":false,"boss_relics":[{"not_picked":["Eternal Feather","Runic Dome"],"picked":"Mark of Pain"}],"items_purged_floors":[],"is_endless":false,"potions_floor_spawned":[3,10,11,12,13,14,20],"killed_by":"Gremlin Leader","ascension_level":14}