{"gold_per_floor":[116,5,5,5,5,37,37,37,63,74,107,117,117,127,127,127],"floor_reached":16,"playtime":840,"items_purged":["Bash"],"score":133,"play_id":"584394f7-9218-4b1a-8a4d-970cb901c51d","local_time":"20190806201006","is_ascension_mode":false,"campfire_choices":[{"floor":7,"key":"RECALL"},{"data":"Rampage","floor":15,"key":"SMITH"}],"neow_cost":"NONE","seed_source_timestamp":69166454766279,"circlet_count":0,"master_deck":["Strike_R","Strike_R","Strike_R","Strike_R","Defend_R","Defend_R","Defend_R","Defend_R","Rupture","Blood for Blood","Rampage+1","Bludgeon"],"relics":["Burning Blood","NeowsBlessing","PreservedInsect","Ice Cream"],"potions_floor_usage":[11,16],"damage_taken":[{"damage":0,"enemies":"Jaw Worm","floor":1,"turns":1},{"damage":0,"enemies":"Lagavulin","floor":6,"turns":1},{"damage":0,"enemies":"Small Slimes","floor":10,"turns":1},{"damage":30,"enemies":"3 Sentries","floor":11,"turns":6},{"damage":0,"enemies":"Cultist","floor":12,"turns":3},{"damage":10,"enemies":"3 Louse","floor":14,"turns":4},{"damage":63,"enemies":"Hexaghost","floor":16,"turns":9}],"seed_played":"-7425248677241107956","potions_obtained":[{"floor":1,"key":"AttackPotion"},{"floor":10,"key":"EssenceOfSteel"},{"floor":14,"key":"Dexterity Potion"}],"is_trial":false,"path_per_floor":["M","$","?","$","?","E","R","$","T","M","E","M","?","M","R","B"],"character_chosen":"IRONCLAD","items_purchased":["Blood for Blood"],"campfire_rested":0,"item_purchase_floors":[2],"current_hp_per_floor":[80,80,85,85,78,84,84,84,84,85,61,67,67,63,63,0],"gold":127,"neow_bonus":"THREE_ENEMY_KILL","is_prod":false,"is_daily":false,"chose_seed":false,"campfire_upgraded":1,"win_rate":0,"timestamp":1565136606,"path_taken":["M","$","?","$","?","E","R","?","T","M","E","M","?","M","R","BOSS"],"build_version":"2019-07-17","purchased_purges":1,"victory":false,"max_hp_per_floor":[80,80,85,85,85,85,85,85,85,85,85,85,85,85,85,85],"card_choices":[{"not_picked":["Bloodletting","Pommel Strike"],"picked":"Rupture","floor":1},{"not_picked":["Spot Weakness","Perfected Strike","Uppercut"],"picked":"SKIP","floor":6},{"not_picked":["Twin Strike","Sword Boomerang"],"picked":"Rampage","floor":10},{"not_picked":["Double Tap","Heavy Blade"],"picked":"Bludgeon","floor":11},{"not_picked":["Rage","Intimidate","True Grit"],"picked":"SKIP","floor":12},{"not_picked":["Thunderclap","Body Slam","Sword Boomerang"],"picked":"SKIP","floor":14}],"player_experience":27096,"relics_obtained":[{"floor":6,"key":"PreservedInsect"},{"floor":11,"key":"Ice Cream"}],"event_choices":[{"damage_healed":0,"gold_gain":0,"player_choice":"Donut","damage_taken":0,"max_hp_gain":5,"max_hp_loss":0,"event_name":"Big Fish","floor":3,"gold_loss":0},{"cards_removed":["Strike_R"],"damage_healed":0,"gold_gain":0,"player_choice":"Card Removal","damage_taken":7,"max_hp_gain":0,"max_hp_loss":0,"event_name":"Golden Wing","floor":5,"gold_loss":0},{"damage_healed":0,"gold_gain":0,"player_choice":"Ignored","damage_taken":0,"max_hp_gain":0,"max_hp_loss":0,"event_name":"Liars Game","floor":13,"gold_loss":0}],"is_beta":false,"boss_relics":[],"items_purged_floors":[2],"is_endless":false,"potions_floor_spawned":[1,10,14],"killed_by":"Hexaghost","ascension_level":0}