{"gold_per_floor":[111,111,111,124,124,124,165,178,178,203,219,56,70,85,85,85],"floor_reached":16,"playtime":444,"items_purged":[],"score":208,"play_id":"8084f5f7-8b9f-4c1c-b776-5378d0d5ed78","local_time":"20190516144254","is_ascension_mode":true,"campfire_choices":[{"data":"Perfected Strike","floor":6.0,"key":"SMITH"},{"data":"True Grit","floor":15,"key":"SMITH"}],"neow_cost":"TEN_PERCENT_HP_LOSS","seed_source_timestamp":2092373356836754,"circlet_count":0,"master_deck":["AscendersBane","Strike_R","Strike_R","Strike_R","Defend_R","Defend_R","Defend_R","Defend_R","Bash+1","Sentinel","Perfected Strike+1","Pommel Strike","Shrug It Off+1","True Grit+1","Second Wind","Feel No Pain","Thunderclap"],"special_seed":0,"relics":["Burning Blood","Golden Idol","Champion Belt"],"potions_floor_usage":[10,16,16],"damage_taken":[{"damage":10.0,"enemies":"Small Slimes","floor":1.0,"turns":4.0},{"damage":12.0,"enemies":"Cultist","floor":4.0,"turns":4.0},{"damage":8.0,"enemies":"Gremlin Nob","floor":7.0,"turns":3.0},{"damage":4.0,"enemies":"2 Louse","floor":8.0,"turns":4.0},{"damage":7,"enemies":"Exordium Wildlife","floor":10,"turns":6},{"damage":3,"enemies":"Blue Slaver","floor":11,"turns":4},{"damage":5,"enemies":"3 Louse","floor":13,"turns":4},{"damage":6,"enemies":"Looter","floor":14,"turns":4},{"damage":32,"enemies":"The Guardian","floor":16,"turns":7}],"seed_played":"-827497411119992614","potions_obtained":[{"floor":7.0,"key":"Energy Potion"},{"floor":8.0,"key":"SteroidPotion"},{"floor":14,"key":"SkillPotion"}],"is_trial":false,"path_per_floor":["M","?","?","M","?","R","E","M","T","M","M","$","M","M","R","B"],"character_chosen":"IRONCLAD","items_purchased":["Feel No Pain","GamblersBrew"],"campfire_rested":0,"item_purchase_floors":[12,12],"current_hp_per_floor":[64,62,58,52,33,33,31,33,33,32,35,35,36,36,36,4],"gold":85,"neow_bonus":"TRANSFORM_TWO_CARDS","is_prod":false,"is_daily":false,"chose_seed":false,"campfire_upgraded":2,"win_rate":0,"timestamp":1557988974,"path_taken":["M","?","?","?","?","R","E","M","T","M","M","$","M","M","R","BOSS"],"build_version":"2019-01-23","purchased_purges":0,"victory":false,"max_hp_per_floor":[68,62,62,62,62,62,62,62,62,62,62,62,62,62,62,62],"card_choices":[{"not_picked":["Twin Strike","Headbutt"],"picked":"Pommel Strike","floor":1.0},{"not_picked":["Anger","Hemokinesis"],"picked":"Shrug It Off","floor":4.0},{"not_picked":["Havoc","Iron Wave","Entrench"],"picked":"SKIP","floor":7.0},{"not_picked":["Metallicize","Sword Boomerang"],"picked":"True Grit","floor":8.0},{"not_picked":["Burning Pact","Flex"],"picked":"Second Wind","floor":10},{"not_picked":["Blood for Blood","Combust","Headbutt"],"picked":"SKIP","floor":11},{"not_picked":["Anger","Sever Soul"],"picked":"Thunderclap","floor":13},{"not_picked":["Fire Breathing","Metallicize","Cleave"],"picked":"SKIP","floor":14}],"player_experience":848473,"relics_obtained":[{"floor":7.0,"key":"Champion Belt"}],"event_choices":[{"damage_healed":0.0,"max_hp_gain":0.0,"max_hp_loss":6.0,"gold_gain":0.0,"event_name":"Golden Idol","player_choice":"Lose Max HP","floor":2.0,"gold_loss":0.0,"damage_taken":0.0,"relics_obtained":["Golden Idol"]},{"damage_healed":0.0,"max_hp_gain":0.0,"max_hp_loss":0.0,"gold_gain":0.0,"event_name":"The Woman in Blue","player_choice":"Bought 0 Potions","floor":3.0,"gold_loss":0.0,"damage_taken":0.0},{"damage_healed":0.0,"max_hp_gain":0.0,"max_hp_loss":0.0,"gold_gain":0.0,"event_name":"Shining Light","player_choice":"Entered Light","floor":5.0,"gold_loss":0.0,"damage_taken":19.0,"cards_upgraded":["Shrug It Off","Bash"]}],"is_beta":false,"boss_relics":[],"items_purged_floors":[],"is_endless":false,"potions_floor_spawned":[7,8,14],"killed_by":"The Guardian","ascension_level":20}