{"gold_per_floor":[110,110,129,25,41,69,84,84,84,114,126,126,143,143,143,240,240,257,24,24,41,41,41,54,70,70,70,70],"floor_reached":28,"playtime":1451,"items_purged":[],"score":230,"play_id":"ec3c55a7-73f9-4925-a5ed-bd6e8a878ae9","local_time":"20181229231754","is_ascension_mode":false,"campfire_choices":[{"data":"Redo","floor":8,"key":"SMITH"},{"floor":12,"key":"REST"},{"floor":15,"key":"REST"},{"floor":23,"key":"REST"}],"neow_cost":"NONE","seed_source_timestamp":33689438175490,"circlet_count":0,"master_deck":["Strike_B","Strike_B","Strike_B","Defend_B","Defend_B","Defend_B","Defend_B","Zap","Dualcast","Auto Shields","Gash","Static Discharge","Melter","Lockon","Redo+1","Genetic Algorithm","Skim","Gash","Loop","Electrodynamics","Cold Snap","Capacitor","Coolheaded","Leap","Swift Strike","Leap+1","Steam+1","Redo+1"],"relics":["Cracked Core","Shuriken","Happy Flower","Boot","Nloth\u0027s Gift","Emotion Chip"],"potions_floor_usage":[6,11,16,24,25,25],"damage_taken":[{"damage":1,"enemies":"Jaw Worm","floor":1,"turns":4},{"damage":1,"enemies":"Cultist","floor":3,"turns":3},{"damage":0,"enemies":"2 Louse","floor":5,"turns":2},{"damage":1,"enemies":"3 Sentries","floor":6,"turns":4},{"damage":20,"enemies":"Exordium Thugs","floor":7,"turns":4},{"damage":43,"enemies":"Lagavulin","floor":10,"turns":5},{"damage":2,"enemies":"2 Fungi Beasts","floor":11,"turns":3},{"damage":8,"enemies":"Gremlin Gang","floor":13,"turns":4},{"damage":24,"enemies":"Slime Boss","floor":16,"turns":5},{"damage":0,"enemies":"Spheric Guardian","floor":18,"turns":2},{"damage":31,"enemies":"2 Thieves","floor":21,"turns":3},{"damage":27,"enemies":"3 Cultists","floor":24,"turns":4},{"damage":8,"enemies":"Centurion and Healer","floor":25,"turns":6},{"damage":37,"enemies":"Slavers","floor":28,"turns":2}],"seed_played":"5692406661910587900","potions_obtained":[{"floor":1,"key":"Energy Potion"},{"floor":3,"key":"AttackPotion"},{"floor":6,"key":"EssenceOfSteel"},{"floor":13,"key":"LiquidBronze"},{"floor":21,"key":"Regen Potion"},{"floor":24,"key":"Swift Potion"},{"floor":25,"key":"SteroidPotion"}],"is_trial":false,"path_per_floor":["M","?","M","$","M","E","M","R","T","E","M","R","M","T","R","B",null,"M","$","?","M","?","R","M","M","T","?","E"],"character_chosen":"DEFECT","items_purchased":["Static Discharge","Melter","Capacitor","Boot","Coolheaded"],"campfire_rested":3,"item_purchase_floors":[4,4,19,19,19],"current_hp_per_floor":[81,81,80,80,80,79,59,59,59,16,14,38,30,30,54,30,82,82,82,82,51,35,59,44,36,36,36,0],"gold":70,"neow_bonus":"TEN_PERCENT_HP_BONUS","is_prod":false,"is_daily":false,"chose_seed":false,"campfire_upgraded":1,"win_rate":0,"timestamp":1546085874,"path_taken":["M","?","M","$","M","E","?","R","T","E","M","R","M","?","R","BOSS","M","$","?","?","?","R","M","?","T","?","E"],"build_version":"2018-12-20","purchased_purges":0,"victory":false,"max_hp_per_floor":[82,82,82,82,82,82,82,82,82,82,82,82,82,82,82,82,82,82,82,82,82,82,82,82,82,82,82,82],"card_choices":[{"not_picked":["Scrape","Go for the Eyes"],"picked":"Auto Shields","floor":1},{"not_picked":["Hologram","Streamline"],"picked":"Gash","floor":3},{"not_picked":["Steam","Doom and Gloom"],"picked":"Lockon","floor":5},{"not_picked":["Barrage","Multi-Cast"],"picked":"Redo","floor":6},{"not_picked":["Double Energy","Coolheaded"],"picked":"Genetic Algorithm","floor":7},{"not_picked":["Force Field","Leap"],"picked":"Skim","floor":10},{"not_picked":["White Noise","BootSequence"],"picked":"Gash","floor":11},{"not_picked":["Ball Lightning","Conserve Battery"],"picked":"Loop","floor":13},{"not_picked":["Thunder Strike","Multi-Cast"],"picked":"Electrodynamics","floor":16},{"not_picked":["Barrage","Streamline"],"picked":"Cold Snap","floor":18},{"not_picked":["Barrage+1","Compile Driver+1"],"picked":"Leap","floor":21},{"not_picked":["Cold Snap","Beam Cell"],"picked":"Leap+1","floor":24},{"not_picked":["Reinforced Body","Rebound"],"picked":"Steam+1","floor":25}],"player_experience":352034,"relics_obtained":[{"floor":6,"key":"Shuriken"},{"floor":10,"key":"Happy Flower"},{"floor":14,"key":"Bronze Scales"},{"floor":26,"key":"Emotion Chip"}],"event_choices":[{"cards_removed":["Strike_B"],"damage_healed":0,"gold_gain":0,"player_choice":"Purged","damage_taken":0,"max_hp_gain":0,"max_hp_loss":0,"event_name":"Purifier","floor":2,"gold_loss":0},{"damage_healed":0,"gold_gain":0,"player_choice":"Traded Relic","damage_taken":0,"relics_obtained":["Nloth\u0027s Gift"],"max_hp_gain":0,"max_hp_loss":0,"event_name":"N\u0027loth","floor":20,"relics_lost":["Bronze Scales"],"gold_loss":0},{"damage_healed":0,"gold_gain":0,"player_choice":"CARD ","damage_taken":16,"max_hp_gain":0,"max_hp_loss":0,"event_name":"Knowing Skull","floor":22,"potions_obtained":[],"gold_loss":0,"cards_obtained":["Swift Strike"]},{"damage_healed":0,"gold_gain":0,"player_choice":"Copied","damage_taken":0,"max_hp_gain":0,"max_hp_loss":0,"event_name":"Duplicator","floor":27,"gold_loss":0,"cards_obtained":["Redo"]}],"is_beta":false,"boss_relics":[{"not_picked":["Ectoplasm","Snecko Eye","Fusion Hammer"]}],"items_purged_floors":[],"is_endless":false,"potions_floor_spawned":[1,3,6,13,21,24,25],"killed_by":"Slavers","ascension_level":0}