{"gold_per_floor":[109,109,34,34,34,34,66,80,80,95,111,125,155,182,182,182],"floor_reached":16,"playtime":353,"items_purged":[],"score":270,"play_id":"59aa3be6-b45d-4278-a55c-9b488966c854","local_time":"20190516114442","is_ascension_mode":true,"campfire_choices":[{"data":"True Grit","floor":6.0,"key":"SMITH"},{"floor":15,"key":"REST"}],"neow_cost":"NONE","seed_source_timestamp":2081786360080554,"circlet_count":0,"master_deck":["AscendersBane","Strike_R","Strike_R","Strike_R","Strike_R","Defend_R","Defend_R","Defend_R","Defend_R","Bash+1","True Grit+1","Feel No Pain","Feel No Pain","Cleave","Carnage+1","Battle Trance"],"special_seed":0,"relics":["Burning Blood","NeowsBlessing","Ancient Tea Set","Blue Candle","Bottled Tornado","Whetstone","Smiling Mask"],"potions_floor_usage":[16],"damage_taken":[{"damage":0.0,"enemies":"Jaw Worm","floor":1.0,"turns":1.0},{"damage":0.0,"enemies":"Gremlin Nob","floor":7.0,"turns":1.0},{"damage":0.0,"enemies":"2 Louse","floor":8.0,"turns":1.0},{"damage":4.0,"enemies":"Small Slimes","floor":10.0,"turns":4.0},{"damage":18.0,"enemies":"Red Slaver","floor":11.0,"turns":6.0},{"damage":7.0,"enemies":"Exordium Wildlife","floor":12.0,"turns":5.0},{"damage":46,"enemies":"Lagavulin","floor":13,"turns":9},{"damage":21,"enemies":"Slime Boss","floor":16,"turns":6}],"seed_played":"-4147502628321622402","potions_obtained":[{"floor":5.0,"key":"BloodPotion"},{"floor":5.0,"key":"GamblersBrew"},{"floor":13,"key":"EssenceOfSteel"}],"is_trial":false,"path_per_floor":["M","?","?","$","?","R","E","M","T","M","M","M","E","T","R","B"],"character_chosen":"IRONCLAD","items_purchased":[],"campfire_rested":1,"item_purchase_floors":[],"current_hp_per_floor":[74,39,39,39,39,39,45,58,58,60,48,47,7,7,29,8],"gold":182,"neow_bonus":"THREE_ENEMY_KILL","is_prod":false,"is_daily":false,"chose_seed":false,"campfire_upgraded":1,"win_rate":0,"timestamp":1557978282,"path_taken":["M","?","?","$","?","R","E","M","T","M","M","?","E","?","R","BOSS"],"build_version":"2019-01-23","purchased_purges":0,"victory":false,"max_hp_per_floor":[75,75,75,75,75,75,75,75,75,75,75,75,75,75,75,75],"card_choices":[{"not_picked":["Ghostly Armor","Heavy Blade"],"picked":"True Grit","floor":1.0},{"not_picked":["Metallicize","Armaments"],"picked":"Feel No Pain","floor":7.0},{"not_picked":["Cleave","Headbutt"],"picked":"Feel No Pain","floor":8.0},{"not_picked":["Warcry","Thunderclap"],"picked":"Cleave","floor":10.0},{"not_picked":["Combust","Twin Strike"],"picked":"Carnage","floor":11.0},{"not_picked":["Clash","Searing Blow"],"picked":"Battle Trance","floor":12.0},{"not_picked":["Clash","True Grit","Intimidate"],"picked":"SKIP","floor":13}],"player_experience":840767,"relics_obtained":[{"floor":7.0,"key":"Blue Candle"},{"floor":9.0,"key":"Bottled Tornado"},{"floor":13,"key":"Whetstone"},{"floor":14,"key":"Smiling Mask"}],"event_choices":[{"damage_healed":0.0,"max_hp_gain":0.0,"max_hp_loss":0.0,"gold_gain":0.0,"event_name":"Scrap Ooze","player_choice":"Success","floor":2.0,"gold_loss":0.0,"damage_taken":35.0,"relics_obtained":["Ancient Tea Set"]},{"cards_removed":["Strike_R"],"damage_healed":0.0,"max_hp_gain":0.0,"max_hp_loss":0.0,"gold_gain":0.0,"event_name":"The Cleric","player_choice":"Card Removal","floor":3.0,"gold_loss":75.0,"damage_taken":0.0},{"damage_healed":0.0,"max_hp_gain":0.0,"max_hp_loss":0.0,"gold_gain":0.0,"event_name":"Lab","player_choice":"Got Potions","floor":5.0,"gold_loss":0.0,"damage_taken":0.0}],"is_beta":false,"boss_relics":[],"items_purged_floors":[],"is_endless":false,"potions_floor_spawned":[7,13],"killed_by":"Slime Boss","ascension_level":20}