{"gold_per_floor":[367,542,542,188,188,223,234,234,281,29,29,45,65,83,83,180,180,197,207,59,74,74,74,74],"floor_reached":24,"playtime":1381,"items_purged":["Doubt","Pain"],"score":246,"play_id":"21e8cddb-bcd5-4d74-a050-a10e42e782ab","local_time":"20181215005251","is_ascension_mode":false,"campfire_choices":[{"floor":11,"key":"REST"},{"floor":15,"key":"REST"},{"floor":23,"key":"REST"}],"neow_cost":"PERCENT_DAMAGE","seed_source_timestamp":1707996959287502,"circlet_count":0,"master_deck":["Strike_R","Strike_R","Strike_R","Defend_R","Defend_R","Defend_R","Defend_R","Bash","Flame Barrier","Wild Strike","Rampage","Strike_R","Armaments","Shrug It Off","True Grit","Barricade","Limit Break","Entrench+1","Body Slam"],"relics":["Burning Blood","HandDrill","Pantograph","WarpedTongs","Happy Flower","Runic Cube","Lantern"],"potions_floor_usage":[16,18],"damage_taken":[{"damage":5,"enemies":"Cultist","floor":1,"turns":4},{"damage":37,"enemies":"Lagavulin","floor":6,"turns":6},{"damage":6,"enemies":"Small Slimes","floor":7,"turns":3},{"damage":1,"enemies":"2 Louse","floor":12,"turns":3},{"damage":1,"enemies":"Red Slaver","floor":13,"turns":4},{"damage":7,"enemies":"Blue Slaver","floor":14,"turns":4},{"damage":0,"enemies":"The Guardian","floor":16,"turns":14},{"damage":41,"enemies":"2 Thieves","floor":18,"turns":4},{"damage":10,"enemies":"Chosen","floor":19,"turns":8},{"damage":15,"enemies":"Sentry and Sphere","floor":21,"turns":17},{"damage":62,"enemies":"Chosen and Byrds","floor":24,"turns":13}],"seed_played":"-273353669346884725","potions_obtained":[{"floor":12,"key":"SteroidPotion"},{"floor":13,"key":"Swift Potion"},{"floor":14,"key":"SpeedPotion"}],"is_trial":false,"path_per_floor":["M","?","?","$","?","E","M","?","T","$","R","M","M","M","R","B",null,"M","M","$","M","?","R","M"],"character_chosen":"IRONCLAD","items_purchased":["HandDrill","Rampage","Happy Flower","Lantern"],"campfire_rested":3,"item_purchase_floors":[4,4,10,20],"current_hp_per_floor":[57,57,57,57,57,26,26,26,26,26,50,55,60,59,80,80,80,45,41,41,32,32,56,0],"gold":74,"neow_bonus":"TWO_FIFTY_GOLD","is_prod":false,"is_daily":false,"chose_seed":false,"campfire_upgraded":0,"win_rate":0,"timestamp":1544795571,"path_taken":["M","?","?","$","?","E","?","?","T","$","R","?","M","M","R","BOSS","M","M","$","M","?","R","M"],"build_version":"2018-12-13","purchased_purges":2,"victory":false,"max_hp_per_floor":[80,80,80,80,80,80,80,80,80,80,80,80,80,80,80,80,80,80,80,80,80,80,80,80],"card_choices":[{"not_picked":["Heavy Blade","Ghostly Armor"],"picked":"Flame Barrier","floor":1},{"not_picked":["Rampage","Uppercut"],"picked":"Armaments","floor":6},{"not_picked":["Intimidate","Clash"],"picked":"Shrug It Off","floor":7},{"not_picked":["Warcry","Shrug It Off"],"picked":"True Grit","floor":12},{"not_picked":["Battle Trance","Spot Weakness"],"picked":"Barricade","floor":13},{"not_picked":["Blood for Blood","Shrug It Off","Pommel Strike"],"picked":"SKIP","floor":14},{"not_picked":["Immolate","Dark Embrace"],"picked":"Limit Break","floor":16},{"not_picked":["Rampage","Wild Strike"],"picked":"Entrench+1","floor":18},{"not_picked":["Pommel Strike+1","Clash","Headbutt"],"picked":"SKIP","floor":19},{"not_picked":["Power Through","Wild Strike"],"picked":"Body Slam","floor":21}],"player_experience":233210,"relics_obtained":[{"floor":6,"key":"Pantograph"}],"event_choices":[{"damage_healed":0,"gold_gain":175,"player_choice":"AGREE","damage_taken":0,"max_hp_gain":0,"max_hp_loss":0,"event_name":"Liars Game","floor":2,"gold_loss":0,"cards_obtained":["Doubt"]},{"damage_healed":0,"gold_gain":0,"cards_transformed":["Strike_R"],"player_choice":"Change","damage_taken":0,"max_hp_gain":0,"max_hp_loss":0,"event_name":"Living Wall","floor":3,"gold_loss":0,"cards_obtained":["Wild Strike"]},{"cards_removed":["Strike_R"],"damage_healed":0,"gold_gain":0,"player_choice":"Took Card","damage_taken":0,"max_hp_gain":0,"max_hp_loss":0,"event_name":"NoteForYourself","floor":5,"gold_loss":0,"cards_obtained":["Strike_R"]},{"damage_healed":0,"gold_gain":0,"player_choice":"Rummage","damage_taken":0,"relics_obtained":["WarpedTongs"],"max_hp_gain":0,"max_hp_loss":0,"event_name":"Accursed Blacksmith","floor":8,"gold_loss":0,"cards_obtained":["Pain"]},{"damage_healed":0,"gold_gain":0,"player_choice":"Ignored","damage_taken":0,"max_hp_gain":0,"max_hp_loss":0,"event_name":"Beggar","floor":22,"gold_loss":0}],"is_beta":false,"boss_relics":[{"not_picked":["Black Blood","Fusion Hammer"],"picked":"Runic Cube"}],"items_purged_floors":[4,10],"is_endless":false,"potions_floor_spawned":[12,13,14],"killed_by":"Chosen and Byrds","ascension_level":0}