{"gold_per_floor":[112,128,138,138,151,151,185,185,185,185,200,57,57,77,77,181,181,201,212,231,231],"floor_reached":21,"playtime":4661,"items_purged":["Defend_B"],"score":183,"play_id":"3f965554-9ff0-4c06-b4c5-f3e50eb7c772","local_time":"20190227141439","is_ascension_mode":false,"campfire_choices":[{"floor":6,"key":"REST"},{"floor":10,"key":"REST"},{"data":"Chill","floor":15,"key":"SMITH"}],"neow_cost":"NONE","seed_source_timestamp":248545825310800,"circlet_count":0,"master_deck":["Strike_B","Strike_B","Defend_B","Defend_B","Zap","Dualcast","Skim+1","Rebound+1","Streamline+1","Cold Snap","Storm","Rip and Tear","Multi-Cast","Chill+1","Defragment","Ball Lightning","Electrodynamics","White Noise","FTL","Gash","Gash","Sweeping Beam","Gash+1","Amplify","Scrape"],"relics":["Astrolabe","Oddly Smooth Stone","Sundial","Centennial Puzzle","Pen Nib","Orrery"],"potions_floor_usage":[16,16],"damage_taken":[{"damage":0,"enemies":"2 Louse","floor":1,"turns":2},{"damage":3,"enemies":"Small Slimes","floor":2,"turns":2},{"damage":0,"enemies":"Cultist","floor":3,"turns":3},{"damage":19,"enemies":"Lots of Slimes","floor":5,"turns":3},{"damage":17,"enemies":"Lagavulin","floor":7,"turns":6},{"damage":3,"enemies":"3 Louse","floor":11,"turns":3},{"damage":3,"enemies":"Exordium Thugs","floor":14,"turns":4},{"damage":39,"enemies":"The Guardian","floor":16,"turns":10},{"damage":17,"enemies":"Spheric Guardian","floor":18,"turns":4},{"damage":6,"enemies":"Chosen","floor":19,"turns":3},{"damage":38,"enemies":"Snake Plant","floor":20,"turns":5},{"damage":25,"enemies":"Cultist and Chosen","floor":21,"turns":4}],"seed_played":"8161700003960127848","potions_obtained":[{"floor":2,"key":"Ancient Potion"},{"floor":5,"key":"EssenceOfSteel"},{"floor":7,"key":"Fire Potion"},{"floor":18,"key":"SteroidPotion"}],"is_trial":false,"path_per_floor":["M","M","M","?","M","R","E","?","T","R","M","$","?","M","R","B",null,"M","M","M","M"],"character_chosen":"DEFECT","items_purchased":["Defragment"],"campfire_rested":2,"item_purchase_floors":[12],"current_hp_per_floor":[75,72,72,72,53,75,58,33,33,55,52,52,52,49,49,10,75,58,52,14,0],"gold":231,"neow_bonus":"BOSS_RELIC","is_prod":false,"is_daily":false,"chose_seed":false,"campfire_upgraded":1,"win_rate":0.0,"timestamp":1551302079,"path_taken":["M","M","M","?","M","R","E","?","T","R","M","$","?","M","R","BOSS","M","?","M","?"],"build_version":"2019-01-23","purchased_purges":1,"victory":false,"max_hp_per_floor":[75,75,75,75,75,75,75,75,75,75,75,75,75,75,75,75,75,75,75,75,75],"card_choices":[{"not_picked":["Stack","Hologram"],"picked":"Cold Snap","floor":1},{"not_picked":["Rebound","Steam Power"],"picked":"Storm","floor":2},{"not_picked":["Gash","Barrage"],"picked":"Rip and Tear","floor":3},{"not_picked":["Ball Lightning","Compile Driver"],"picked":"Multi-Cast","floor":5},{"not_picked":["Barrage","Cold Snap"],"picked":"Chill","floor":7},{"not_picked":["Turbo","Stack","Coolheaded"],"picked":"SKIP","floor":11},{"not_picked":["Glacier","Coolheaded"],"picked":"Ball Lightning","floor":14},{"not_picked":["Seek","Amplify"],"picked":"Electrodynamics","floor":16},{"not_picked":["Hologram","Barrage"],"picked":"White Noise","floor":17},{"not_picked":["Cold Snap","Skim"],"picked":"FTL","floor":17},{"not_picked":["Hologram","Coolheaded"],"picked":"Gash","floor":17},{"not_picked":["Streamline","Redo"],"picked":"Gash","floor":17},{"not_picked":["Rebound","Fusion"],"picked":"Sweeping Beam","floor":17},{"not_picked":["Redo","Darkness"],"picked":"Gash+1","floor":18},{"not_picked":["Steam Power","Turbo"],"picked":"Amplify","floor":19},{"not_picked":["Conserve Battery+1","Chill"],"picked":"Scrape","floor":20}],"player_experience":129591,"relics_obtained":[{"floor":7,"key":"Oddly Smooth Stone"},{"floor":9,"key":"Centennial Puzzle"}],"event_choices":[{"damage_healed":0,"gold_gain":0,"player_choice":"Ignored","damage_taken":0,"max_hp_gain":0,"max_hp_loss":0,"event_name":"Liars Game","floor":4,"gold_loss":0},{"damage_healed":0,"gold_gain":0,"player_choice":"Success","damage_taken":25,"relics_obtained":["Sundial"],"max_hp_gain":0,"max_hp_loss":0,"event_name":"Scrap Ooze","floor":8,"gold_loss":0},{"damage_healed":0,"gold_gain":0,"player_choice":"Gave Potion","damage_taken":0,"relics_obtained":["Pen Nib"],"max_hp_gain":0,"max_hp_loss":0,"event_name":"WeMeetAgain","floor":13,"gold_loss":0}],"is_beta":false,"boss_relics":[{"not_picked":["Empty Cage","Sozu"],"picked":"Orrery"}],"items_purged_floors":[12],"is_endless":false,"potions_floor_spawned":[2,5,7,11,18],"killed_by":"Cultist and Chosen","ascension_level":0}