{"gold_per_floor":[111,126,126,13,23,23,51,70,97,97,107,132,132,145,145,248,248,268,287,386,397,26,26,56,56,134,134,146,146,173,189,189,289,289,306,324,324,375,393,393,405,440,440,440,459,476,191,201,201,201],"floor_reached":50,"playtime":2902,"items_purged":["Strike_G","Strike_G+1"],"score":758,"play_id":"b18a5b00-37ff-40a3-bf77-e2d04ed5fd1a","local_time":"20190805143224","is_ascension_mode":true,"campfire_choices":[{"data":"Bane","floor":6.0,"key":"SMITH"},{"floor":10.0,"key":"REST"},{"data":"Bane","floor":13.0,"key":"SMITH"},{"data":"Footwork","floor":15.0,"key":"SMITH"},{"data":"Blade Dance","floor":23.0,"key":"SMITH"},{"data":"Bane","floor":29.0,"key":"SMITH"},{"floor":32.0,"key":"REST"},{"floor":40.0,"key":"REST"},{"floor":49.0,"key":"REST"}],"neow_cost":"NONE","seed_source_timestamp":2220454522909599,"circlet_count":0,"master_deck":["Strike_G+1","Strike_G+1","Strike_G+1","Defend_G+1","Defend_G+1","Defend_G+1","Defend_G+1","Defend_G+1","Survivor","Neutralize","Envenom","Quick Slash","Bane+1","Footwork+1","Riddle With Holes","Poisoned Stab","Leg Sweep","Envenom","Poisoned Stab","Bane+1","Well Laid Plans","Die Die Die","Blade Dance+1","Bane+1","Slice","Riddle With Holes","Quick Slash+1","Bane+1","Infinite Blades","Malaise","Crippling Poison+1","Backstab"],"special_seed":0,"relics":["Ring of the Snake","Happy Flower","Anchor","Strawberry","Bottled Tornado","Busted Crown","Lee\u0027s Waffle","Art of War","Paper Crane","Vajra","Sozu","Du-Vu Doll","Dodecahedron","Ninja Scroll","Bronze Scales"],"potions_floor_usage":[50],"damage_taken":[{"damage":0.0,"enemies":"Small Slimes","floor":1.0,"turns":4.0},{"damage":0.0,"enemies":"Cultist","floor":2.0,"turns":5.0},{"damage":3.0,"enemies":"Jaw Worm","floor":5.0,"turns":6.0},{"damage":35.0,"enemies":"Gremlin Nob","floor":7.0,"turns":5.0},{"damage":1.0,"enemies":"Exordium Thugs","floor":8.0,"turns":7.0},{"damage":2.0,"enemies":"2 Fungi Beasts","floor":11.0,"turns":3.0},{"damage":17.0,"enemies":"Lagavulin","floor":12.0,"turns":6.0},{"damage":0.0,"enemies":"3 Louse","floor":14.0,"turns":3.0},{"damage":14.0,"enemies":"Hexaghost","floor":16.0,"turns":8.0},{"damage":19.0,"enemies":"Spheric Guardian","floor":18.0,"turns":4.0},{"damage":18.0,"enemies":"2 Thieves","floor":19.0,"turns":4.0},{"damage":11.0,"enemies":"Snecko","floor":21.0,"turns":6.0},{"damage":31.0,"enemies":"Slavers","floor":24.0,"turns":5.0},{"damage":2.0,"enemies":"3 Cultists","floor":28.0,"turns":4.0},{"damage":6.0,"enemies":"Snake Plant","floor":31.0,"turns":3.0},{"damage":36.0,"enemies":"Automaton","floor":33.0,"turns":7.0},{"damage":0.0,"enemies":"Orb Walker","floor":35.0,"turns":2.0},{"damage":23.0,"enemies":"3 Shapes","floor":36.0,"turns":9.0},{"damage":7.0,"enemies":"2 Orb Walkers","floor":38.0,"turns":5.0},{"damage":7.0,"enemies":"Sphere and 2 Shapes","floor":39.0,"turns":9.0},{"damage":4.0,"enemies":"Writhing Mass","floor":41.0,"turns":8.0},{"damage":36.0,"enemies":"Giant Head","floor":42.0,"turns":7.0},{"damage":0.0,"enemies":"Transient","floor":45.0,"turns":5.0},{"damage":9.0,"enemies":"4 Shapes","floor":46.0,"turns":6.0},{"damage":8.0,"enemies":"Writhing Mass","floor":48.0,"turns":5.0},{"damage":31,"enemies":"Donu and Deca","floor":50,"turns":4}],"seed_played":"-4607639484135205435","potions_obtained":[{"floor":5.0,"key":"SmokeBomb"},{"floor":7.0,"key":"EssenceOfSteel"},{"floor":8.0,"key":"SteroidPotion"},{"floor":16.0,"key":"Regen Potion"},{"floor":33.0,"key":"FearPotion"}],"is_trial":false,"path_per_floor":["M","M","?","$","M","R","E","M","T","R","M","E","R","M","R","B",null,"M","M","?","M","$","R","E","?","T","?","M","R","T","M","R","B",null,"M","M","?","?","M","R","M","E","T","?","M","M","$","M","R","B"],"character_chosen":"THE_SILENT","items_purchased":["Footwork","Riddle With Holes","Lee\u0027s Waffle","Slice","Riddle With Holes","Backstab","Bronze Scales"],"campfire_rested":4,"item_purchase_floors":[4,4,22,22,22,47,47],"current_hp_per_floor":[63,63,63,63,60,60,25,24,31,54,52,35,35,35,35,21,63,44,26,26,15,84,84,53,53,53,37,35,35,35,29,55,34,75,75,52,52,45,38,63,59,23,23,23,23,14,14,6,31,0],"gold":201,"neow_bonus":"ONE_RANDOM_RARE_CARD","is_prod":false,"is_daily":false,"chose_seed":false,"campfire_upgraded":5,"win_rate":0,"timestamp":1565037144,"path_taken":["M","M","?","$","M","R","E","M","T","R","M","E","R","?","R","BOSS","M","M","?","M","$","R","E","?","T","?","?","R","?","M","R","BOSS","M","M","?","?","M","R","M","E","T","?","M","?","$","M","R","BOSS"],"build_version":"2019-07-18","purchased_purges":2,"victory":false,"max_hp_per_floor":[70,70,70,70,70,70,70,70,77,77,77,77,77,77,77,77,77,77,77,77,77,84,84,84,84,84,89,89,89,89,89,89,89,89,89,89,85,85,85,85,85,85,85,85,85,85,85,85,85,85],"card_choices":[{"not_picked":["Deadly Poison","Backflip"],"picked":"Quick Slash","floor":1.0},{"not_picked":["Quick Slash","Dagger Throw"],"picked":"Bane","floor":2.0},{"not_picked":["Dodge and Roll","Underhanded Strike"],"picked":"Poisoned Stab","floor":5.0},{"not_picked":["Skewer","Dodge and Roll"],"picked":"Leg Sweep","floor":7.0},{"not_picked":["Outmaneuver","Poisoned Stab"],"picked":"Envenom","floor":8.0},{"not_picked":["Blade Dance","Backflip"],"picked":"Poisoned Stab","floor":11.0},{"not_picked":["Expertise","Dodge and Roll"],"picked":"Bane","floor":12.0},{"not_picked":["Flying Knee","Prepared"],"picked":"Well Laid Plans","floor":14.0},{"not_picked":["Wraith Form v2","Night Terror"],"picked":"Die Die Die","floor":16.0},{"not_picked":["Prepared"],"picked":"SKIP","floor":18.0},{"not_picked":[],"picked":"Blade Dance","floor":19.0},{"not_picked":[],"picked":"Bane+1","floor":21.0},{"not_picked":[],"picked":"Quick Slash+1","floor":24.0},{"not_picked":[],"picked":"Bane","floor":28.0},{"not_picked":[],"picked":"Infinite Blades","floor":31.0},{"not_picked":[],"picked":"Malaise","floor":33.0},{"not_picked":["Outmaneuver+1"],"picked":"SKIP","floor":35.0},{"not_picked":["Outmaneuver+1"],"picked":"SKIP","floor":36.0},{"not_picked":["Masterful Stab+1"],"picked":"SKIP","floor":39.0},{"not_picked":["Distraction"],"picked":"SKIP","floor":41.0},{"not_picked":["Prepared"],"picked":"SKIP","floor":42.0},{"not_picked":[],"picked":"Crippling Poison+1","floor":45.0},{"not_picked":["Eviscerate+1"],"picked":"SKIP","floor":46.0},{"not_picked":["Finisher+1"],"picked":"SKIP","floor":48.0}],"player_experience":151095,"relics_obtained":[{"floor":3.0,"key":"Happy Flower"},{"floor":7.0,"key":"Anchor"},{"floor":9.0,"key":"Strawberry"},{"floor":12.0,"key":"Bottled Tornado"},{"floor":24.0,"key":"Art of War"},{"floor":26.0,"key":"Paper Crane"},{"floor":30.0,"key":"Vajra"},{"floor":38.0,"key":"Du-Vu Doll"},{"floor":42.0,"key":"Dodecahedron"},{"floor":43.0,"key":"Ninja Scroll"}],"event_choices":[{"damage_healed":0.0,"max_hp_gain":0.0,"max_hp_loss":0.0,"gold_gain":0.0,"event_name":"Wheel of Change","player_choice":"Relic","floor":3.0,"gold_loss":0.0,"damage_taken":0.0},{"damage_healed":0.0,"max_hp_gain":0.0,"max_hp_loss":0.0,"gold_gain":99.0,"event_name":"Nest","player_choice":"Stole From Cult","floor":20.0,"gold_loss":0.0,"damage_taken":0.0},{"damage_healed":0.0,"max_hp_gain":0.0,"max_hp_loss":0.0,"gold_gain":0.0,"event_name":"Back to Basics","player_choice":"Simplicity","floor":25.0,"gold_loss":0.0,"damage_taken":0.0,"cards_upgraded":["Strike_G","Strike_G","Strike_G","Strike_G","Defend_G","Defend_G","Defend_G","Defend_G","Defend_G"]},{"damage_healed":0.0,"max_hp_gain":5.0,"max_hp_loss":0.0,"gold_gain":0.0,"event_name":"Forgotten Altar","player_choice":"Shed Blood","floor":27.0,"gold_loss":0.0,"damage_taken":21.0},{"damage_healed":0.0,"max_hp_gain":0.0,"max_hp_loss":4.0,"gold_gain":0.0,"event_name":"Winding Halls","player_choice":"Max HP","floor":37.0,"gold_loss":0.0,"damage_taken":0.0},{"damage_healed":0.0,"max_hp_gain":0.0,"max_hp_loss":0.0,"gold_gain":0.0,"event_name":"Mysterious Sphere","player_choice":"Fight","floor":38.0,"gold_loss":0.0,"damage_taken":0.0},{"damage_healed":0.0,"max_hp_gain":0.0,"max_hp_loss":0.0,"gold_gain":0.0,"event_name":"Tomb of Lord Red Mask","player_choice":"Ignored","floor":44.0,"gold_loss":0.0,"damage_taken":0.0}],"is_beta":true,"boss_relics":[{"not_picked":["Coffee Dripper","Runic Dome"],"picked":"Busted Crown"},{"not_picked":["Orrery","Pandora\u0027s Box"],"picked":"Sozu"}],"items_purged_floors":[22,47],"is_endless":false,"potions_floor_spawned":[5,7,8,16,21,24,31,33,38,39,41,46],"killed_by":"Donu and Deca","ascension_level":8}