{"gold_per_floor":[214,233,158,177,452,452,207,221,293,310,343,313,313,345,345,447,447,460,360,372,372],"floor_reached":21,"playtime":1171,"items_purged":["Strike_R","Regret"],"score":189,"play_id":"55ebf93d-6e95-4812-8c08-6667953c2fbc","local_time":"20181214165648","is_ascension_mode":false,"campfire_choices":[{"floor":6,"key":"RECALL"},{"floor":13,"key":"REST"},{"floor":15,"key":"REST"}],"neow_cost":"NONE","seed_source_timestamp":1699548674270662,"circlet_count":0,"master_deck":["Strike_R","Strike_R","Strike_R","Strike_R","Defend_R","Defend_R","Defend_R","Defend_R","Bash","Warcry","Whirlwind","Shrug It Off","Cleave","Impervious","Headbutt","Double Tap","Thunderclap","Armaments","Spot Weakness"],"relics":["Burning Blood","PreservedInsect","Kunai","Oddly Smooth Stone","Question Card","Runic Pyramid"],"potions_floor_usage":[12,16,16,16,18],"damage_taken":[{"damage":1,"enemies":"Cultist","floor":1,"turns":3},{"damage":10,"enemies":"2 Louse","floor":2,"turns":3},{"damage":0,"enemies":"Small Slimes","floor":4,"turns":3},{"damage":10,"enemies":"2 Fungi Beasts","floor":8,"turns":5},{"damage":7,"enemies":"Exordium Wildlife","floor":10,"turns":4},{"damage":36,"enemies":"Lagavulin","floor":11,"turns":8},{"damage":16,"enemies":"Gremlin Nob","floor":14,"turns":5},{"damage":23,"enemies":"Slime Boss","floor":16,"turns":7},{"damage":36,"enemies":"Shell Parasite","floor":18,"turns":8},{"damage":8,"enemies":"Chosen","floor":20,"turns":6},{"damage":59,"enemies":"Shelled Parasite and Fungi","floor":21,"turns":5}],"seed_played":"-188221931468539035","potions_obtained":[{"floor":4,"key":"Fire Potion"},{"floor":8,"key":"BloodPotion"},{"floor":12,"key":"Energy Potion"},{"floor":12,"key":"Fruit Juice"},{"floor":14,"key":"Energy Potion"},{"floor":16,"key":"Energy Potion"}],"is_trial":false,"path_per_floor":["M","M","$","M","?","R","$","M","T","M","E","?","R","E","R","B",null,"M","$","M","M"],"character_chosen":"IRONCLAD","items_purchased":["PreservedInsect","Thunderclap","Armaments"],"campfire_rested":2,"item_purchase_floors":[7,19,19],"current_hp_per_floor":[80,76,76,80,80,80,80,76,76,75,45,50,75,65,85,68,85,55,55,53,0],"gold":372,"neow_bonus":"HUNDRED_GOLD","is_prod":false,"is_daily":false,"chose_seed":false,"campfire_upgraded":0,"win_rate":0,"timestamp":1544767008,"path_taken":["M","?","$","M","?","R","$","M","T","?","E","?","R","E","R","BOSS","M","$","?","M"],"build_version":"2018-12-13","purchased_purges":2,"victory":false,"max_hp_per_floor":[80,80,80,80,80,80,80,80,80,80,80,85,85,85,85,85,85,85,85,85,85],"card_choices":[{"not_picked":["Havoc","Pommel Strike"],"picked":"Warcry","floor":1},{"not_picked":["True Grit","Seeing Red"],"picked":"Whirlwind","floor":2},{"not_picked":["Clash","Body Slam"],"picked":"Shrug It Off","floor":4},{"not_picked":["Clothesline","Clash"],"picked":"Cleave","floor":8},{"not_picked":["Sentinel","Carnage"],"picked":"Impervious","floor":10},{"not_picked":["Impervious","Perfected Strike"],"picked":"Headbutt","floor":11},{"not_picked":["Perfected Strike","Intimidate","Warcry"],"picked":"SKIP","floor":14},{"not_picked":["Offering","Demon Form","Reaper"],"picked":"Double Tap","floor":16},{"not_picked":["Havoc","Pummel","Cleave","Carnage"],"picked":"SKIP","floor":18},{"not_picked":["Iron Wave","Clothesline","True Grit"],"picked":"Spot Weakness","floor":20}],"player_experience":225806,"relics_obtained":[{"floor":9,"key":"Kunai"},{"floor":11,"key":"Oddly Smooth Stone"},{"floor":14,"key":"Question Card"}],"event_choices":[{"damage_healed":0,"gold_gain":275,"player_choice":"Desecrate","damage_taken":0,"max_hp_gain":0,"max_hp_loss":0,"event_name":"Golden Shrine","floor":5,"gold_loss":0,"cards_obtained":["Regret"]},{"damage_healed":0,"gold_gain":0,"player_choice":"Bought 2 Potions","damage_taken":0,"max_hp_gain":0,"max_hp_loss":0,"event_name":"The Woman in Blue","floor":12,"gold_loss":0}],"is_beta":false,"boss_relics":[{"not_picked":["Ectoplasm","Mark of Pain"],"picked":"Runic Pyramid"}],"items_purged_floors":[3,7],"is_endless":false,"potions_floor_spawned":[4,8,14,16],"killed_by":"Shelled Parasite and Fungi","ascension_level":0}