{"gold_per_floor":[112,187,362,377,393,418,418,418,443,456,473,247,277,311,311,408,408,408],"floor_reached":18,"playtime":1039,"items_purged":["Strike_R"],"score":205,"play_id":"200d439b-035a-43a4-b07e-80fabdec7815","local_time":"20181217173837","is_ascension_mode":true,"campfire_choices":[{"floor":7,"key":"REST"},{"floor":15,"key":"REST"}],"neow_cost":"NONE","seed_source_timestamp":1887418820599922,"circlet_count":0,"master_deck":["Strike_R","Strike_R","Strike_R","Defend_R","Defend_R","Defend_R","Defend_R","Bash","Shrug It Off","Armaments","Warcry","Demon Form","Armaments","Rampage","Heavy Blade","Double Tap"],"relics":["Burning Blood","Omamori","Strawberry","Red Skull","Juzu Bracelet","Ancient Tea Set","Black Star"],"potions_floor_usage":[14,16],"damage_taken":[{"damage":7,"enemies":"2 Louse","floor":1,"turns":2},{"damage":0,"enemies":"Small Slimes","floor":4,"turns":4},{"damage":5,"enemies":"Jaw Worm","floor":5,"turns":3},{"damage":41,"enemies":"Lagavulin","floor":6,"turns":9},{"damage":26,"enemies":"Lots of Slimes","floor":10,"turns":9},{"damage":29,"enemies":"Gremlin Gang","floor":11,"turns":5},{"damage":24,"enemies":"3 Sentries","floor":14,"turns":9},{"damage":22,"enemies":"Hexaghost","floor":16,"turns":8},{"damage":88,"enemies":"3 Byrds","floor":18,"turns":7}],"seed_played":"4345583403055274311","potions_obtained":[{"floor":4,"key":"SpeedPotion"},{"floor":6,"key":"Ancient Potion"},{"floor":10,"key":"SteroidPotion"},{"floor":14,"key":"EssenceOfSteel"}],"is_trial":false,"path_per_floor":["M","?","?","M","M","E","R","?","T","M","M","$","?","E","R","B",null,"M"],"character_chosen":"IRONCLAD","items_purchased":["Juzu Bracelet"],"campfire_rested":2,"item_purchase_floors":[12],"current_hp_per_floor":[79,68,68,74,75,47,73,73,73,53,30,30,30,12,38,22,87,0],"gold":408,"neow_bonus":"RANDOM_COMMON_RELIC","is_prod":false,"is_daily":false,"chose_seed":false,"campfire_upgraded":0,"win_rate":0,"timestamp":1545028717,"path_taken":["M","?","?","M","M","E","R","?","T","?","?","$","?","E","R","BOSS","M"],"build_version":"2018-12-13","purchased_purges":1,"victory":false,"max_hp_per_floor":[80,80,80,80,80,87,87,87,87,87,87,87,87,87,87,87,87,87],"card_choices":[{"not_picked":["True Grit","Anger"],"picked":"Shrug It Off","floor":1},{"not_picked":["Seeing Red","Warcry"],"picked":"Armaments","floor":4},{"not_picked":["Havoc","Armaments"],"picked":"Warcry","floor":5},{"not_picked":["Flame Barrier","Sword Boomerang"],"picked":"Demon Form","floor":6},{"not_picked":["Warcry","Headbutt"],"picked":"Rampage","floor":10},{"not_picked":["Feel No Pain","Metallicize"],"picked":"Heavy Blade","floor":11},{"not_picked":["Clothesline","Sword Boomerang","Pummel"],"picked":"SKIP","floor":14},{"not_picked":["Reaper","Exhume"],"picked":"Double Tap","floor":16}],"player_experience":268081,"relics_obtained":[{"floor":6,"key":"Strawberry"},{"floor":9,"key":"Red Skull"},{"floor":14,"key":"Ancient Tea Set"}],"event_choices":[{"damage_healed":0,"gold_gain":75,"player_choice":"Gather Gold","damage_taken":11,"max_hp_gain":0,"max_hp_loss":0,"event_name":"World of Goop","floor":2,"gold_loss":0},{"damage_healed":0,"gold_gain":175,"player_choice":"AGREE","damage_taken":0,"max_hp_gain":0,"max_hp_loss":0,"event_name":"Liars Game","floor":3,"gold_loss":0,"cards_obtained":["Doubt"]},{"damage_healed":0,"gold_gain":0,"cards_transformed":["Strike_R"],"player_choice":"Change","damage_taken":0,"max_hp_gain":0,"max_hp_loss":0,"event_name":"Living Wall","floor":8,"gold_loss":0,"cards_obtained":["Armaments"]},{"damage_healed":0,"gold_gain":30,"player_choice":"Searched \u00271\u0027 times","damage_taken":0,"max_hp_gain":0,"max_hp_loss":0,"event_name":"Dead Adventurer","floor":13,"gold_loss":0}],"is_beta":false,"boss_relics":[{"not_picked":["Eternal Feather","Runic Dome"],"picked":"Black Star"}],"items_purged_floors":[12],"is_endless":false,"potions_floor_spawned":[4,6,10,14],"killed_by":"3 Byrds","ascension_level":1}