{"gold_per_floor":[114,114,126,51,63,63,63,63,117,117,128,39,66,78,78,150,150,161,86,106,106,31,60,60,90,137,163,179,179,207,207,207,286,286,304,304,320,331,188,223,239,268,268,268,300,311,186,199,199,199,199,199,199,49,84,84],"floor_reached":57,"playtime":3390,"items_purged":["Caltrops","Outmaneuver","Bouncing Flask+1","Footwork"],"score":3711,"play_id":"95ca76dc-a828-4474-b780-f219bd2c1aef","local_time":"20190808152145","is_ascension_mode":true,"campfire_choices":[{"data":"Noxious Fumes","floor":6.0,"key":"SMITH"},{"data":"Bouncing Flask","floor":8.0,"key":"SMITH"},{"data":"Neutralize","floor":10.0,"key":"SMITH"},{"data":"Well Laid Plans","floor":15.0,"key":"SMITH"},{"data":"Acrobatics","floor":24.0,"key":"SMITH"},{"data":"Tactician","floor":29.0,"key":"SMITH"},{"data":"Calculated Gamble","floor":32.0,"key":"SMITH"},{"floor":49.0,"key":"RECALL"},{"data":"Footwork","floor":53.0,"key":"SMITH"}],"neow_cost":"TEN_PERCENT_HP_LOSS","seed_source_timestamp":5160289034726,"circlet_count":0,"master_deck":["AscendersBane","Survivor+1","Neutralize+1","PiercingWail","Noxious Fumes+1","Escape Plan","Calculated Gamble+1","Well Laid Plans+1","Backflip","Acrobatics+1","Grand Finale","Terror","Crippling Poison","Tactician+1","Malaise","Finesse","Footwork+1","Prepared+1"],"special_seed":0,"relics":["Ring of the Serpent","Tiny Chest","Paper Crane","Pandora\u0027s Box","Blood Vial","Ornamental Fan","Bag of Preparation","Bronze Scales","Oddly Smooth Stone","Shovel","Meat on the Bone","Boot","Shuriken"],"potions_floor_usage":[56,56],"damage_taken":[{"damage":1.0,"enemies":"2 Louse","floor":1.0,"turns":4.0},{"damage":0.0,"enemies":"Small Slimes","floor":3.0,"turns":3.0},{"damage":0.0,"enemies":"Jaw Worm","floor":5.0,"turns":8.0},{"damage":0.0,"enemies":"2 Fungi Beasts","floor":11.0,"turns":5.0},{"damage":13.0,"enemies":"3 Sentries","floor":13.0,"turns":7.0},{"damage":3.0,"enemies":"Exordium Wildlife","floor":14.0,"turns":7.0},{"damage":0.0,"enemies":"The Guardian","floor":16.0,"turns":8.0},{"damage":0.0,"enemies":"Chosen","floor":18.0,"turns":5.0},{"damage":0.0,"enemies":"Spheric Guardian","floor":20.0,"turns":3.0},{"damage":0.0,"enemies":"Gremlin Leader","floor":23.0,"turns":3.0},{"damage":0.0,"enemies":"Book of Stabbing","floor":25.0,"turns":3.0},{"damage":0.0,"enemies":"Slavers","floor":27.0,"turns":2.0},{"damage":0.0,"enemies":"3 Cultists","floor":28.0,"turns":2.0},{"damage":0.0,"enemies":"Gremlin Leader","floor":30.0,"turns":2.0},{"damage":0.0,"enemies":"Collector","floor":33.0,"turns":3.0},{"damage":0.0,"enemies":"3 Darklings","floor":35.0,"turns":2.0},{"damage":0.0,"enemies":"3 Shapes","floor":37.0,"turns":5.0},{"damage":0.0,"enemies":"Spire Growth","floor":38.0,"turns":3.0},{"damage":0.0,"enemies":"Giant Head","floor":40.0,"turns":2.0},{"damage":9.0,"enemies":"4 Shapes","floor":41.0,"turns":2.0},{"damage":0.0,"enemies":"Nemesis","floor":42.0,"turns":7.0},{"damage":0.0,"enemies":"Giant Head","floor":45.0,"turns":3.0},{"damage":0.0,"enemies":"Sphere and 2 Shapes","floor":46.0,"turns":2.0},{"damage":0.0,"enemies":"Spire Growth","floor":48.0,"turns":2.0},{"damage":0.0,"enemies":"Awakened One","floor":50.0,"turns":4.0},{"damage":17.0,"enemies":"Donu and Deca","floor":51.0,"turns":3.0},{"damage":5,"enemies":"Shield and Spear","floor":55,"turns":4},{"damage":22,"enemies":"The Heart","floor":56,"turns":8}],"seed_played":"1562832727739910417","potions_obtained":[{"floor":1.0,"key":"AttackPotion"},{"floor":3.0,"key":"SteroidPotion"},{"floor":13.0,"key":"GamblersBrew"},{"floor":16.0,"key":"SkillPotion"},{"floor":30.0,"key":"SneckoOil"},{"floor":40.0,"key":"SpeedPotion"},{"floor":41.0,"key":"EntropicBrew"},{"floor":42.0,"key":"PowerPotion"}],"is_trial":false,"path_per_floor":["M","?","M","?","M","R","?","R","T","R","M","$","E","M","R","B",null,"M","?","M","?","$","E","R","E","T","E","M","R","E","?","R","B",null,"M","?","M","M","$","E","M","E","T","?","E","M","$","M","R","B","B",null,"R","$","E","B",null],"character_chosen":"THE_SILENT","items_purchased":["Well Laid Plans","Footwork"],"campfire_rested":0,"item_purchase_floors":[12,39],"current_hp_per_floor":[58,58,58,58,58,58,40,40,40,40,40,40,27,24,24,24,51,51,51,51,51,51,51,51,53,53,55,57,57,59,59,59,60,60,60,50,52,54,54,56,49,51,51,51,53,55,55,57,57,59,43,56,56,56,53,33],"gold":84,"neow_bonus":"TRANSFORM_TWO_CARDS","is_prod":false,"is_daily":false,"chose_seed":false,"campfire_upgraded":8,"win_rate":0,"timestamp":1565248905,"path_taken":["M","?","M","?","M","R","?","R","T","R","M","$","E","M","R","BOSS","M","?","M","?","?","E","R","E","T","E","M","R","E","?","R","BOSS","M","?","M","M","$","E","M","E","T","?","E","?","$","M","R","BOSS","BOSS","R","$","E","BOSS"],"build_version":"2019-07-17","purchased_purges":4,"victory":true,"max_hp_per_floor":[60,60,60,60,60,60,60,60,60,60,60,60,60,60,60,60,60,60,60,60,60,60,60,60,60,60,60,60,60,60,60,60,60,60,60,60,60,60,60,60,60,60,60,60,60,60,60,60,60,60,60,60,60,60,60,60],"card_choices":[{"not_picked":["Choke","Backstab"],"picked":"Bouncing Flask","floor":1.0},{"not_picked":["Eviscerate","Poisoned Stab","Deflect"],"picked":"SKIP","floor":3.0},{"not_picked":["Outmaneuver","Quick Slash"],"picked":"Calculated Gamble","floor":5.0},{"not_picked":["Calculated Gamble","Sucker Punch","Bouncing Flask"],"picked":"SKIP","floor":11.0},{"not_picked":["Poisoned Stab","Wraith Form v2"],"picked":"Backflip","floor":13.0},{"not_picked":["PiercingWail","Quick Slash"],"picked":"Acrobatics","floor":14.0},{"not_picked":["Venomology","Wraith Form v2"],"picked":"Grand Finale","floor":16.0},{"not_picked":["Caltrops","Heel Hook","Dagger Spray"],"picked":"SKIP","floor":18.0},{"not_picked":["Crippling Poison","Quick Slash","Underhanded Strike"],"picked":"SKIP","floor":20.0},{"not_picked":["Sucker Punch","Bane","Flechettes"],"picked":"SKIP","floor":23.0},{"not_picked":["A Thousand Cuts","Backflip"],"picked":"Tactician","floor":25.0},{"not_picked":["Flying Knee","Prepared","Deadly Poison"],"picked":"SKIP","floor":27.0},{"not_picked":["Dagger Spray+1","Dodge and Roll","Acrobatics"],"picked":"SKIP","floor":28.0},{"not_picked":["Dagger Throw","Unload","Backstab"],"picked":"SKIP","floor":30.0},{"not_picked":["A Thousand Cuts","Unload"],"picked":"Malaise","floor":33.0},{"not_picked":["Acrobatics","Underhanded Strike+1","Dagger Throw"],"picked":"SKIP","floor":35.0},{"not_picked":["Good Instincts","Dramatic Entrance"],"picked":"Finesse","floor":36.0},{"not_picked":["Bane","Blade Dance","Blur"],"picked":"SKIP","floor":37.0},{"not_picked":["Slice","Acrobatics","Cloak And Dagger"],"picked":"SKIP","floor":38.0},{"not_picked":["Doppelganger","Sucker Punch","Storm of Steel"],"picked":"SKIP","floor":40.0},{"not_picked":["Crippling Poison","Underhanded Strike"],"picked":"Prepared+1","floor":41.0},{"not_picked":["Dagger Throw","Acrobatics+1","Prepared"],"picked":"SKIP","floor":42.0},{"not_picked":["Setup","Leg Sweep+1"],"picked":"Footwork","floor":45.0},{"not_picked":["Sucker Punch","Acrobatics+1","Outmaneuver+1"],"picked":"SKIP","floor":46.0},{"not_picked":["Slice+1","Terror","Dodge and Roll"],"picked":"SKIP","floor":48.0},{"not_picked":["Acrobatics","Night Terror","PiercingWail+1"],"picked":"SKIP","floor":55}],"player_experience":1159275,"relics_obtained":[{"floor":9.0,"key":"Tiny Chest"},{"floor":13.0,"key":"Paper Crane"},{"floor":23.0,"key":"Blood Vial"},{"floor":25.0,"key":"Ornamental Fan"},{"floor":27.0,"key":"Bag of Preparation"},{"floor":30.0,"key":"Bronze Scales"},{"floor":40.0,"key":"Oddly Smooth Stone"},{"floor":42.0,"key":"Shovel"},{"floor":43.0,"key":"Meat on the Bone"},{"floor":45.0,"key":"Boot"},{"floor":55,"key":"Shuriken"}],"event_choices":[{"damage_healed":0.0,"max_hp_gain":0.0,"max_hp_loss":0.0,"gold_gain":0.0,"cards_transformed":["Strike_G"],"event_name":"Living Wall","player_choice":"Change","floor":2.0,"gold_loss":0.0,"damage_taken":0.0,"cards_obtained":["Escape Plan"]},{"cards_removed":["Strike_G"],"damage_healed":0.0,"max_hp_gain":0.0,"max_hp_loss":0.0,"gold_gain":0.0,"event_name":"The Cleric","player_choice":"Card Removal","floor":4.0,"gold_loss":75.0,"damage_taken":0.0},{"damage_healed":0.0,"max_hp_gain":0.0,"max_hp_loss":0.0,"gold_gain":0.0,"event_name":"Shining Light","player_choice":"Entered Light","floor":7.0,"gold_loss":0.0,"damage_taken":18.0,"cards_upgraded":["Defend_G","Survivor"]},{"cards_removed":["Riddle With Holes"],"damage_healed":0.0,"max_hp_gain":0.0,"max_hp_loss":0.0,"gold_gain":0.0,"event_name":"Beggar","player_choice":"Gave Gold","floor":19.0,"gold_loss":75.0,"damage_taken":0.0},{"cards_removed":["Cloak And Dagger"],"damage_healed":0.0,"max_hp_gain":0.0,"max_hp_loss":0.0,"gold_gain":0.0,"event_name":"Back to Basics","player_choice":"Elegance","floor":21.0,"gold_loss":0.0,"damage_taken":0.0},{"damage_healed":0.0,"max_hp_gain":0.0,"max_hp_loss":0.0,"gold_gain":0.0,"event_name":"Cursed Tome","player_choice":"Ignored","floor":31.0,"gold_loss":0.0,"damage_taken":0.0},{"damage_healed":0.0,"max_hp_gain":0.0,"max_hp_loss":0.0,"gold_gain":0.0,"event_name":"SensoryStone","player_choice":"Memory 3","floor":36.0,"gold_loss":0.0,"damage_taken":10.0},{"damage_healed":0.0,"max_hp_gain":0.0,"max_hp_loss":0.0,"gold_gain":0.0,"event_name":"Duplicator","player_choice":"Ignored","floor":44.0,"gold_loss":0.0,"damage_taken":0.0}],"is_beta":false,"boss_relics":[{"not_picked":["Fusion Hammer","Tiny House"],"picked":"Pandora\u0027s Box"},{"not_picked":["Runic Dome","Runic Pyramid"],"picked":"Ring of the Serpent"}],"items_purged_floors":[22,39,47,54],"is_endless":false,"potions_floor_spawned":[1,3,13,14,16,28,30,40,41,42,48],"ascension_level":20}