{"gold_per_floor":[117,267,286,286,186,216,216,233,315,315,18,73,73,91,91,91],"floor_reached":16,"playtime":360,"items_purged":["Strike_B"],"score":266,"play_id":"f4085e46-0bd5-4042-8050-1365fcbbde4d","local_time":"20190701111015","is_ascension_mode":true,"campfire_choices":[{"data":"Coolheaded","floor":10,"key":"SMITH"},{"data":"Dualcast","floor":13,"key":"SMITH"},{"data":"Zap","floor":15,"key":"SMITH"}],"neow_cost":"NONE","seed_source_timestamp":570977632820291,"circlet_count":0,"master_deck":["AscendersBane","Strike_B","Strike_B","Strike_B","Defend_B","Defend_B","Defend_B","Defend_B","Zap+1","Dualcast+1","Ball Lightning","Coolheaded+1","Capacitor","Turbo"],"relics":["Cracked Core","NeowsBlessing","PreservedInsect","Darkstone Periapt","Shuriken","ClockworkSouvenir","Tiny Chest"],"potions_floor_usage":[],"damage_taken":[{"damage":0,"enemies":"2 Louse","floor":1,"turns":1},{"damage":0,"enemies":"Jaw Worm","floor":3,"turns":1},{"damage":0,"enemies":"Gremlin Nob","floor":6,"turns":1},{"damage":1,"enemies":"Cultist","floor":8,"turns":4},{"damage":18,"enemies":"Lagavulin","floor":12,"turns":6},{"damage":6,"enemies":"Blue Slaver","floor":14,"turns":4},{"damage":30,"enemies":"The Guardian","floor":16,"turns":6}],"seed_played":"329394981998737910","potions_obtained":[{"floor":3,"key":"SpeedPotion"},{"floor":6,"key":"Weak Potion"},{"floor":12,"key":"Energy Potion"}],"is_trial":false,"path_per_floor":["M","?","M","?","$","E","?","M","T","R","$","E","R","M","R","B"],"character_chosen":"DEFECT","items_purchased":["Coolheaded","Capacitor","ClockworkSouvenir"],"campfire_rested":0,"item_purchase_floors":[5,11,11],"current_hp_per_floor":[64,64,64,64,64,64,64,63,63,63,63,45,45,39,39,9],"gold":91,"neow_bonus":"THREE_ENEMY_KILL","is_prod":false,"is_daily":false,"chose_seed":false,"campfire_upgraded":3,"win_rate":0,"timestamp":1561950615,"path_taken":["M","?","M","?","$","E","?","?","T","R","$","E","R","M","R","BOSS"],"build_version":"2019-01-23","purchased_purges":1,"victory":false,"max_hp_per_floor":[71,71,71,71,71,71,71,71,71,71,71,71,71,71,71,71],"card_choices":[{"not_picked":["Compile Driver","Barrage"],"picked":"Ball Lightning","floor":1},{"not_picked":["Rebound","Stack","Ball Lightning"],"picked":"SKIP","floor":3},{"not_picked":["Force Field","Consume","Melter"],"picked":"SKIP","floor":6},{"not_picked":["Beam Cell","Lockon","Stack"],"picked":"SKIP","floor":8},{"not_picked":["Beam Cell","Sweeping Beam","All For One"],"picked":"SKIP","floor":12},{"not_picked":["Coolheaded","Reprogram"],"picked":"Turbo","floor":14}],"player_experience":1023714,"relics_obtained":[{"floor":6,"key":"PreservedInsect"},{"floor":9,"key":"Shuriken"},{"floor":12,"key":"Tiny Chest"}],"event_choices":[{"damage_healed":0,"gold_gain":150,"player_choice":"AGREE","damage_taken":0,"max_hp_gain":0,"max_hp_loss":0,"event_name":"Liars Game","floor":2,"gold_loss":0,"cards_obtained":["Doubt"]},{"cards_removed":["Doubt"],"damage_healed":0,"gold_gain":0,"player_choice":"Forget","damage_taken":0,"max_hp_gain":0,"max_hp_loss":0,"event_name":"Living Wall","floor":4,"gold_loss":0},{"damage_healed":0,"gold_gain":0,"player_choice":"Gave Potion","damage_taken":0,"relics_obtained":["Darkstone Periapt"],"max_hp_gain":0,"max_hp_loss":0,"event_name":"WeMeetAgain","floor":7,"gold_loss":0}],"is_beta":false,"boss_relics":[],"items_purged_floors":[5],"is_endless":false,"potions_floor_spawned":[3,6,12],"killed_by":"The Guardian","ascension_level":20}