{"gold_per_floor":[115,32,46,46,46,75,87,130,168,180,204,229,166,181,181,258,258,275,32,32,32,45,45,72,72,95,95,95,20,20],"floor_reached":30,"playtime":814,"items_purged":["Pain"],"score":558,"play_id":"d22655a0-f4ad-456c-919a-fefc939b9aef","local_time":"20190711152526","is_ascension_mode":true,"campfire_choices":[{"data":"Defragment","floor":7.0,"key":"SMITH"},{"data":"Dualcast","floor":10.0,"key":"SMITH"},{"data":"Streamline","floor":15.0,"key":"SMITH"},{"data":"Apotheosis","floor":23.0,"key":"SMITH"},{"floor":25.0,"key":"RECALL"},{"floor":28,"key":"REST"}],"neow_cost":"NONE","seed_source_timestamp":9036845104115,"circlet_count":0,"master_deck":["AscendersBane","Strike_B","Strike_B","Strike_B","Strike_B","Defend_B","Defend_B","Defend_B","Defend_B","Zap","Dualcast+1","Ball Lightning","Defragment+1","Skim","Turbo","Doom and Gloom","Streamline+1","Glacier","Echo Form","Heatsinks","Apotheosis+1","Undo","Defragment"],"special_seed":0,"relics":["Cracked Core","NeowsBlessing","WarpedTongs","MawBank","Potion Belt","Pen Nib","Inserter","WingedGreaves"],"potions_floor_usage":[30],"damage_taken":[{"damage":0.0,"enemies":"Jaw Worm","floor":1.0,"turns":1.0},{"damage":0.0,"enemies":"2 Louse","floor":3.0,"turns":1.0},{"damage":0.0,"enemies":"3 Sentries","floor":6.0,"turns":1.0},{"damage":38.0,"enemies":"Gremlin Nob","floor":8.0,"turns":4.0},{"damage":2.0,"enemies":"Cultist","floor":11.0,"turns":3.0},{"damage":12.0,"enemies":"Lots of Slimes","floor":12.0,"turns":3.0},{"damage":3.0,"enemies":"Looter","floor":14.0,"turns":2.0},{"damage":8.0,"enemies":"Slime Boss","floor":16.0,"turns":8.0},{"damage":16.0,"enemies":"Shell Parasite","floor":18.0,"turns":4.0},{"damage":10.0,"enemies":"Spheric Guardian","floor":22.0,"turns":6.0},{"damage":17.0,"enemies":"Gremlin Leader","floor":24.0,"turns":9.0},{"damage":29,"enemies":"Slavers","floor":30,"turns":3}],"seed_played":"-3359169316562678425","potions_obtained":[{"floor":1.0,"key":"Regen Potion"},{"floor":8.0,"key":"SkillPotion"},{"floor":12.0,"key":"SteroidPotion"},{"floor":14.0,"key":"GamblersBrew"},{"floor":16.0,"key":"FearPotion"},{"floor":24.0,"key":"Block Potion"}],"is_trial":false,"path_per_floor":["M","$","M","?","?","E","R","E","T","R","M","M","$","M","R","B",null,"M","$","?","?","M","R","E","R","T","?","R","$","E"],"character_chosen":"DEFECT","items_purchased":["Defragment","Heatsinks","Apotheosis","Defragment"],"campfire_rested":1,"item_purchase_floors":[2,19,19,29],"current_hp_per_floor":[64,64,64,69,69,69,69,31,31,31,29,17,17,19,19,11,60,44,44,44,59,49,49,32,32,32,32,54,54,25],"gold":20,"neow_bonus":"THREE_ENEMY_KILL","is_prod":false,"is_daily":false,"chose_seed":false,"campfire_upgraded":4,"win_rate":0,"timestamp":1562829926,"path_taken":["M","$","M","?","?","E","R","E","T","R","?","M","$","M","R","BOSS","M","?","?","?","M","R","E","R","T","?","R","?","E"],"build_version":"2019-07-05","purchased_purges":1,"victory":false,"max_hp_per_floor":[71,71,71,76,76,76,76,76,76,76,76,76,76,76,76,76,76,76,76,76,76,76,76,76,76,76,76,76,76,76],"card_choices":[{"not_picked":["White Noise","Stack"],"picked":"Ball Lightning","floor":1.0},{"not_picked":["Gash","Sunder"],"picked":"Skim","floor":3.0},{"not_picked":["BootSequence","Barrage"],"picked":"Turbo","floor":6.0},{"not_picked":["Double Energy","Skim"],"picked":"Doom and Gloom","floor":8.0},{"not_picked":["Compile Driver","Leap","Rebound"],"picked":"SKIP","floor":11.0},{"not_picked":["Cold Snap","Fusion"],"picked":"Streamline","floor":12.0},{"not_picked":["Go for the Eyes","Meteor Strike"],"picked":"Glacier","floor":14.0},{"not_picked":["All For One","Meteor Strike"],"picked":"Echo Form","floor":16.0},{"not_picked":["Reinforced Body","Conserve Battery","Turbo"],"picked":"SKIP","floor":18.0},{"not_picked":["Compile Driver","Turbo"],"picked":"Undo","floor":22.0},{"not_picked":["Genetic Algorithm","Compile Driver","Tempest"],"picked":"SKIP","floor":24.0}],"player_experience":1102387,"relics_obtained":[{"floor":6.0,"key":"MawBank"},{"floor":8.0,"key":"Potion Belt"},{"floor":9.0,"key":"Pen Nib"},{"floor":24.0,"key":"WingedGreaves"}],"event_choices":[{"damage_healed":0.0,"max_hp_gain":5.0,"max_hp_loss":0.0,"gold_gain":0.0,"event_name":"Big Fish","player_choice":"Donut","floor":4.0,"gold_loss":0.0,"damage_taken":0.0},{"damage_healed":0.0,"max_hp_gain":0.0,"max_hp_loss":0.0,"gold_gain":0.0,"event_name":"Accursed Blacksmith","player_choice":"Rummage","floor":5.0,"gold_loss":0.0,"damage_taken":0.0,"relics_obtained":["WarpedTongs"],"cards_obtained":["Pain"]},{"damage_healed":15.0,"max_hp_gain":0.0,"max_hp_loss":0.0,"gold_gain":0.0,"event_name":"The Library","player_choice":"Heal","floor":21.0,"gold_loss":0.0,"damage_taken":0.0},{"damage_healed":0,"gold_gain":0,"player_choice":"Ignored","damage_taken":0,"max_hp_gain":0,"max_hp_loss":0,"event_name":"Cursed Tome","floor":27,"gold_loss":0}],"is_beta":false,"boss_relics":[{"not_picked":["Velvet Choker","Busted Crown"],"picked":"Inserter"}],"items_purged_floors":[13],"is_endless":false,"potions_floor_spawned":[1,8,12,14,16,24],"killed_by":"Slavers","ascension_level":20}