{"gold_per_floor":[215,215,233,209,221,69,104,104,184,195,195,222,29,55,55,160,160,172,21,21,21,21,55,55,55,55,67,67,67,45,75,75,75],"floor_reached":33,"playtime":1289,"items_purged":[],"score":387,"play_id":"313e6697-e3d8-42e7-aaf8-d91fc51a4e96","local_time":"20190202154714","is_ascension_mode":true,"campfire_choices":[{"floor":8.0,"key":"REST"},{"floor":11.0,"key":"REST"},{"floor":15.0,"key":"REST"},{"floor":24,"key":"REST"},{"floor":28,"key":"REST"},{"floor":32,"key":"REST"}],"neow_cost":"NONE","seed_source_timestamp":27132193094615,"circlet_count":0,"master_deck":["Strike_B","Strike_B","Strike_B","Strike_B","Defend_B","Defend_B","Defend_B","Defend_B","Zap","Dualcast","Gash","Melter","Cold Snap","Gash","Rebound","Scrape+1","Turbo","Self Repair","Reinforced Body","Buffer","FTL+1","RitualDagger+1","Sweeping Beam+1","Turbo","Writhe","Hologram","Rebound+1","Cold Snap+1","Echo Form","Scrape+1"],"special_seed":0,"relics":["Cracked Core","Lantern","PreservedInsect","Molten Egg 2","Orichalcum","Dream Catcher","Juzu Bracelet","Black Star","Pen Nib","NlothsMask","Gambling Chip","Boot","Anchor","Omamori","Strawberry"],"potions_floor_usage":[23,23,23,31],"damage_taken":[{"damage":1.0,"enemies":"Cultist","floor":1.0,"turns":3.0},{"damage":4.0,"enemies":"Jaw Worm","floor":3.0,"turns":3.0},{"damage":10.0,"enemies":"Small Slimes","floor":5.0,"turns":3.0},{"damage":16.0,"enemies":"Gremlin Nob","floor":7.0,"turns":4.0},{"damage":11.0,"enemies":"Looter","floor":10.0,"turns":2.0},{"damage":20.0,"enemies":"Lagavulin","floor":12.0,"turns":4.0},{"damage":36.0,"enemies":"Slime Boss","floor":16.0,"turns":12.0},{"damage":16.0,"enemies":"3 Byrds","floor":18.0,"turns":7.0},{"damage":16,"enemies":"Book of Stabbing","floor":23,"turns":5},{"damage":21,"enemies":"2 Thieves","floor":27,"turns":4},{"damage":14,"enemies":"Gremlin Leader","floor":31,"turns":5},{"damage":90,"enemies":"Champ","floor":33,"turns":11}],"seed_played":"9158036076480654047","potions_obtained":[{"floor":1.0,"key":"Fire Potion"},{"floor":5.0,"key":"SkillPotion"},{"floor":12.0,"key":"Block Potion"},{"floor":18.0,"key":"PowerPotion"},{"floor":23,"key":"LiquidBronze"},{"floor":27,"key":"SteroidPotion"}],"is_trial":false,"path_per_floor":["M","$","M","$","M","$","E","R","T","M","R","E","$","T","R","B",null,"M","$","$","?","?","E","R","?","T","M","R","?","$","E","R","B"],"character_chosen":"DEFECT","items_purchased":["Cold Snap","Lantern","Dream Catcher","Self Repair","Pen Nib","Cold Snap+1"],"campfire_rested":6,"item_purchase_floors":[4,6,13,13,19,30],"current_hp_per_floor":[67,67,63,63,53,53,37,59,59,48,70,50,50,50,72,43,67,51,51,51,51,45,29,51,51,51,37,59,59,59,59,82,0],"gold":75,"neow_bonus":"HUNDRED_GOLD","is_prod":false,"is_daily":false,"chose_seed":false,"campfire_upgraded":0,"win_rate":0,"timestamp":1549093634,"path_taken":["M","$","M","$","M","$","E","R","T","M","R","E","?","?","R","BOSS","M","?","$","?","?","E","R","?","T","M","R","?","$","E","R","BOSS"],"build_version":"2019-01-23","purchased_purges":0,"victory":false,"max_hp_per_floor":[75,75,75,75,75,75,75,75,75,75,75,75,75,75,75,75,75,75,75,75,75,75,75,75,75,75,75,75,75,75,82,82,82],"card_choices":[{"not_picked":["Scrape","Ball Lightning"],"picked":"Gash","floor":1.0},{"not_picked":["Beam Cell","Skim"],"picked":"Melter","floor":3.0},{"not_picked":["Double Energy","Skim"],"picked":"Gash","floor":5.0},{"not_picked":["Doom and Gloom","Melter"],"picked":"Rebound","floor":7.0},{"not_picked":["Turbo","White Noise"],"picked":"Scrape+1","floor":10.0},{"not_picked":["Capacitor","Heatsinks"],"picked":"Turbo","floor":12.0},{"not_picked":["Compile Driver+1","Conserve Battery"],"picked":"Reinforced Body","floor":15.0},{"not_picked":["Machine Learning","Hyperbeam+1"],"picked":"Buffer","floor":16.0},{"not_picked":["Cold Snap+1","Auto Shields"],"picked":"FTL+1","floor":18.0},{"not_picked":["Undo+1","Glacier"],"picked":"Sweeping Beam+1","floor":23},{"not_picked":["Fusion","Sweeping Beam+1"],"picked":"Turbo","floor":24},{"not_picked":["Ball Lightning+1","Static Discharge"],"picked":"Hologram","floor":27},{"not_picked":["Steam","Streamline+1"],"picked":"Rebound+1","floor":28},{"not_picked":["Capacitor","Doom and Gloom+1"],"picked":"Echo Form","floor":31},{"not_picked":["Rebound+1","Hologram"],"picked":"Scrape+1","floor":32}],"player_experience":604265,"relics_obtained":[{"floor":7.0,"key":"PreservedInsect"},{"floor":9.0,"key":"Molten Egg 2"},{"floor":12.0,"key":"Orichalcum"},{"floor":14.0,"key":"Juzu Bracelet"},{"floor":23,"key":"Gambling Chip"},{"floor":23,"key":"Boot"},{"floor":31,"key":"Omamori"},{"floor":31,"key":"Strawberry"}],"event_choices":[{"damage_healed":0.0,"max_hp_gain":0.0,"max_hp_loss":0.0,"gold_gain":0.0,"event_name":"FaceTrader","player_choice":"Trade","floor":21.0,"gold_loss":0.0,"damage_taken":0.0,"relics_obtained":["NlothsMask"]},{"damage_healed":0.0,"max_hp_gain":0.0,"max_hp_loss":0.0,"gold_gain":0.0,"event_name":"Nest","player_choice":"Joined the Cult","floor":22.0,"gold_loss":0.0,"damage_taken":6.0,"cards_obtained":["RitualDagger"]},{"damage_healed":0,"gold_gain":0,"player_choice":"Opened","damage_taken":0,"relics_obtained":["Anchor"],"max_hp_gain":0,"max_hp_loss":0,"event_name":"The Mausoleum","floor":25,"gold_loss":0,"cards_obtained":["Writhe"]},{"damage_healed":0,"gold_gain":0,"player_choice":"Ignored","damage_taken":0,"max_hp_gain":0,"max_hp_loss":0,"event_name":"Beggar","floor":29,"gold_loss":0}],"is_beta":false,"boss_relics":[{"not_picked":["Nuclear Battery","Fusion Hammer"],"picked":"Black Star"}],"items_purged_floors":[],"is_endless":false,"potions_floor_spawned":[1,5,12,18,23,27],"killed_by":"Champ","ascension_level":7}