{"gold_per_floor":[112,3,13,33,33,33,45,45,72,72,86,86,105,124,124,201,201,212,228,278,278,294,294,294,294,294,308,56,56,6,6,6,83,83,100,50,50,98,108,108,142,142,165,193,193,207,80,91,91,91,91,91,91,41,69,69],"floor_reached":57,"playtime":3020,"items_purged":["Outmaneuver","Night Terror","Unload+1","Blade Dance+1","Deadly Poison+1"],"score":3125,"play_id":"67ef86dc-634e-4936-9968-c85336551365","local_time":"20190702014335","is_ascension_mode":true,"campfire_choices":[{"data":"Deadly Poison","floor":6.0,"key":"SMITH"},{"data":"Tactician","floor":10.0,"key":"SMITH"},{"data":"Calculated Gamble","floor":12.0,"key":"SMITH"},{"data":"Acrobatics","floor":15.0,"key":"SMITH"},{"data":"Reflex","floor":23.0,"key":"SMITH"},{"data":"Prepared","floor":25.0,"key":"SMITH"},{"data":"Apotheosis","floor":29.0,"key":"SMITH"},{"floor":32.0,"key":"RECALL"},{"data":"Well Laid Plans","floor":40,"key":"SMITH"},{"floor":42,"key":"REST"},{"data":"Backflip","floor":45,"key":"SMITH"},{"data":"Wraith Form v2","floor":49,"key":"SMITH"},{"data":"Crippling Poison","floor":53,"key":"SMITH"}],"neow_cost":"NONE","seed_source_timestamp":30218470561129,"circlet_count":0,"master_deck":["AscendersBane","Survivor","Neutralize","Tactician+1","Calculated Gamble+1","Acrobatics+1","Crippling Poison+1","Grand Finale","Well Laid Plans+1","Prepared+1","PiercingWail","Backflip+1","Reflex+1","Apotheosis+1","Calculated Gamble+1","Wraith Form v2+1"],"special_seed":0,"relics":["Ring of the Snake","NeowsBlessing","Smiling Mask","Pandora\u0027s Box","Astrolabe","Ice Cream","Potion Belt","Bag of Preparation","Strawberry","Snake Skull"],"potions_floor_usage":[56,56,56,56],"damage_taken":[{"damage":0.0,"enemies":"Cultist","floor":1.0,"turns":1.0},{"damage":0.0,"enemies":"2 Louse","floor":3.0,"turns":1.0},{"damage":0.0,"enemies":"Jaw Worm","floor":4.0,"turns":1.0},{"damage":7.0,"enemies":"Gremlin Gang","floor":7.0,"turns":8.0},{"damage":5.0,"enemies":"Large Slime","floor":11.0,"turns":7.0},{"damage":12.0,"enemies":"2 Fungi Beasts","floor":13.0,"turns":3.0},{"damage":0.0,"enemies":"Blue Slaver","floor":14.0,"turns":5.0},{"damage":22.0,"enemies":"The Guardian","floor":16.0,"turns":12.0},{"damage":0.0,"enemies":"3 Byrds","floor":18.0,"turns":2.0},{"damage":8.0,"enemies":"Chosen","floor":19.0,"turns":5.0},{"damage":14.0,"enemies":"Snake Plant","floor":22.0,"turns":3.0},{"damage":9.0,"enemies":"Shelled Parasite and Fungi","floor":27.0,"turns":4.0},{"damage":0.0,"enemies":"Collector","floor":33.0,"turns":3.0},{"damage":0,"enemies":"3 Darklings","floor":35,"turns":2},{"damage":28,"enemies":"2 Orb Walkers","floor":38,"turns":3},{"damage":0,"enemies":"3 Shapes","floor":39,"turns":1},{"damage":0,"enemies":"Reptomancer","floor":41,"turns":2},{"damage":0,"enemies":"Nemesis","floor":44,"turns":3},{"damage":0,"enemies":"3 Darklings","floor":46,"turns":1},{"damage":0,"enemies":"4 Shapes","floor":48,"turns":1},{"damage":0,"enemies":"Donu and Deca","floor":50,"turns":1},{"damage":0,"enemies":"Awakened One","floor":51,"turns":3},{"damage":0,"enemies":"Shield and Spear","floor":55,"turns":1},{"damage":0,"enemies":"The Heart","floor":56,"turns":5}],"seed_played":"2057234803684037092","potions_obtained":[{"floor":3.0,"key":"Poison Potion"},{"floor":4.0,"key":"Fire Potion"},{"floor":16.0,"key":"Block Potion"},{"floor":18.0,"key":"Energy Potion"},{"floor":22.0,"key":"Weak Potion"},{"floor":46,"key":"Block Potion"},{"floor":48,"key":"Swift Potion"}],"is_trial":false,"path_per_floor":["M","$","M","M","?","R","M","?","T","R","M","R","M","M","R","B",null,"M","M","?","?","M","R","?","R","T","M","$","R","$","?","R","B",null,"M","$","?","?","M","R","E","R","T","E","R","M","$","M","R","B","B",null,"R","$","E","B",null],"character_chosen":"THE_SILENT","items_purchased":["Deadly Poison","Well Laid Plans","Apotheosis","Wraith Form v2"],"campfire_rested":1,"item_purchase_floors":[2,2,28,47],"current_hp_per_floor":[59,59,59,59,64,64,57,57,57,57,52,52,40,40,40,18,58,58,50,50,50,36,36,50,50,50,41,41,41,41,41,41,41,64,64,64,64,36,36,36,36,57,57,64,64,64,64,64,64,64,64,75,75,75,75,75],"gold":69,"neow_bonus":"THREE_ENEMY_KILL","is_prod":false,"is_daily":false,"chose_seed":false,"campfire_upgraded":11,"win_rate":0,"timestamp":1562003015,"path_taken":["M","?","M","M","?","R","M","?","T","R","M","R","M","?","R","BOSS","M","M","?","?","M","R","?","R","T","M","$","R","$","?","R","BOSS","M","$","?","?","M","R","E","R","T","E","R","M","?","M","R","BOSS","BOSS","R","$","E","BOSS"],"build_version":"2019-01-23","purchased_purges":5,"victory":true,"max_hp_per_floor":[66,66,66,66,71,71,71,71,71,71,71,71,71,71,71,71,71,71,71,71,71,71,71,71,71,71,71,71,71,71,71,71,71,71,71,71,71,71,71,71,71,71,71,78,78,78,78,78,78,78,78,78,78,78,78,78],"card_choices":[{"not_picked":["Blade Dance","Sucker Punch","Flying Knee"],"picked":"SKIP","floor":1.0},{"not_picked":["Backstab","Flechettes"],"picked":"Tactician","floor":3.0},{"not_picked":["Prepared","Underhanded Strike","Dash"],"picked":"SKIP","floor":4.0},{"not_picked":["Setup","Cloak And Dagger"],"picked":"Calculated Gamble","floor":7.0},{"not_picked":["Blade Dance","Expertise","Sucker Punch"],"picked":"SKIP","floor":11.0},{"not_picked":["Outmaneuver","Accuracy"],"picked":"Acrobatics","floor":13.0},{"not_picked":["Phantasmal Killer","Terror","Sucker Punch"],"picked":"SKIP","floor":14.0},{"not_picked":["Quick Slash","Underhanded Strike"],"picked":"Backflip","floor":18.0},{"not_picked":["Blade Dance","Deflect","Slice"],"picked":"SKIP","floor":19.0},{"not_picked":["Eviscerate","Underhanded Strike"],"picked":"Reflex","floor":22.0},{"not_picked":["Backflip+1","Slice","Dagger Spray"],"picked":"SKIP","floor":27.0},{"not_picked":["Prepared+1","Dash","Setup"],"picked":"SKIP","floor":35},{"not_picked":["Cloak And Dagger","Acrobatics+1","Dash"],"picked":"SKIP","floor":39},{"not_picked":["A Thousand Cuts","Choke","Eviscerate"],"picked":"SKIP","floor":41},{"not_picked":["Well Laid Plans","Outmaneuver","Flying Knee+1"],"picked":"SKIP","floor":44},{"not_picked":["Deflect","Heel Hook","Tactician"],"picked":"SKIP","floor":46},{"not_picked":["Caltrops","Bouncing Flask","Cloak And Dagger"],"picked":"SKIP","floor":48},{"not_picked":["Unload","Blade Dance","Leg Sweep"],"picked":"SKIP","floor":55}],"player_experience":1032833,"relics_obtained":[{"floor":9.0,"key":"Smiling Mask"},{"floor":38,"key":"Ice Cream"},{"floor":41,"key":"Potion Belt"},{"floor":43,"key":"Bag of Preparation"},{"floor":44,"key":"Strawberry"},{"floor":55,"key":"Snake Skull"}],"event_choices":[{"damage_healed":0.0,"max_hp_gain":5.0,"max_hp_loss":0.0,"gold_gain":0.0,"event_name":"Big Fish","player_choice":"Donut","floor":5.0,"gold_loss":0.0,"damage_taken":0.0},{"damage_healed":0.0,"max_hp_gain":0.0,"max_hp_loss":0.0,"gold_gain":0.0,"event_name":"Match and Keep!","player_choice":"0 cards matched","floor":8.0,"gold_loss":0.0,"damage_taken":0.0,"cards_obtained":[]},{"damage_healed":0.0,"max_hp_gain":0.0,"max_hp_loss":0.0,"gold_gain":50.0,"event_name":"Nest","player_choice":"Stole From Cult","floor":20.0,"gold_loss":0.0,"damage_taken":0.0},{"damage_healed":0.0,"max_hp_gain":0.0,"max_hp_loss":0.0,"gold_gain":0.0,"event_name":"Vampires","player_choice":"Ignored","floor":21.0,"gold_loss":0.0,"damage_taken":0.0},{"damage_healed":14.0,"max_hp_gain":0.0,"max_hp_loss":0.0,"gold_gain":0.0,"event_name":"The Library","player_choice":"Heal","floor":24.0,"gold_loss":0.0,"damage_taken":0.0},{"cards_removed":["Well Laid Plans"],"damage_healed":0,"gold_gain":0,"player_choice":"Removed Power","damage_taken":0,"max_hp_gain":0,"max_hp_loss":0,"event_name":"Falling","floor":37,"gold_loss":0},{"damage_healed":0,"gold_gain":0,"player_choice":"Fight","damage_taken":0,"max_hp_gain":0,"max_hp_loss":0,"event_name":"Mysterious Sphere","floor":38,"gold_loss":0}],"is_beta":false,"boss_relics":[{"not_picked":["Coffee Dripper","Sozu"],"picked":"Pandora\u0027s Box"},{"not_picked":["HoveringKite","Fusion Hammer"],"picked":"Astrolabe"}],"items_purged_floors":[28,30,36,47,54],"is_endless":false,"potions_floor_spawned":[3,4,16,18,22,35,46,48,55],"ascension_level":20}