{"gold_per_floor":[212,229,75,25,25,40,40,40,86,110,110,150,150,170,170,295,295,313,313],"floor_reached":19,"playtime":885,"items_purged":[],"score":167,"play_id":"0237c927-02c0-4f92-9e7c-a1f13c01a6c1","local_time":"20181212233850","is_ascension_mode":false,"campfire_choices":[{"floor":7,"key":"REST"},{"floor":11,"key":"RECALL"},{"floor":13,"key":"REST"},{"floor":15,"key":"REST"}],"neow_cost":"NONE","seed_source_timestamp":1634096388941647,"circlet_count":0,"master_deck":["Strike_R","Strike_R","Strike_R","Defend_R","Defend_R","Defend_R","Bash","Burning Pact","Whirlwind","Brutality","Cleave","Dual Wield","Body Slam","True Grit","Limit Break"],"relics":["Burning Blood","Golden Idol","Vajra","Ginger","Black Star"],"potions_floor_usage":[12,16,18,19],"damage_taken":[{"damage":12,"enemies":"2 Louse","floor":1,"turns":3},{"damage":11,"enemies":"Small Slimes","floor":2,"turns":4},{"damage":1,"enemies":"Cultist","floor":6,"turns":3},{"damage":0,"enemies":"Large Slime","floor":10,"turns":4},{"damage":58,"enemies":"Lagavulin","floor":12,"turns":10},{"damage":7,"enemies":"Gremlin Gang","floor":14,"turns":2},{"damage":54,"enemies":"Slime Boss","floor":16,"turns":10},{"damage":31,"enemies":"Chosen","floor":18,"turns":6},{"damage":71,"enemies":"Shell Parasite","floor":19,"turns":7}],"seed_played":"-1704832963001365816","potions_obtained":[{"floor":1,"key":"GamblersBrew"},{"floor":10,"key":"LiquidBronze"},{"floor":14,"key":"Fire Potion"},{"floor":16,"key":"Fire Potion"},{"floor":18,"key":"FearPotion"}],"is_trial":false,"path_per_floor":["M","M","$","?","?","M","R","?","T","M","R","E","R","M","R","B",null,"M","M"],"character_chosen":"IRONCLAD","items_purchased":["Brutality"],"campfire_rested":3,"item_purchase_floors":[3],"current_hp_per_floor":[74,69,69,69,49,54,78,78,78,80,80,28,52,51,75,27,80,55,0],"gold":313,"neow_bonus":"HUNDRED_GOLD","is_prod":false,"is_daily":false,"chose_seed":false,"campfire_upgraded":0,"win_rate":0,"timestamp":1544618330,"path_taken":["M","M","$","?","?","M","R","?","T","M","R","E","R","M","R","BOSS","M","M"],"build_version":"2018-12-06","purchased_purges":0,"victory":false,"max_hp_per_floor":[80,80,80,80,80,80,80,80,80,80,80,80,80,80,80,80,80,80,80],"card_choices":[{"not_picked":["Infernal Blade","Ghostly Armor"],"picked":"Burning Pact","floor":1},{"not_picked":["Thunderclap","Heavy Blade"],"picked":"Whirlwind","floor":2},{"not_picked":["Armaments","Blood for Blood"],"picked":"Cleave","floor":6},{"not_picked":["Ghostly Armor","Heavy Blade"],"picked":"Dual Wield","floor":10},{"not_picked":["Bludgeon","Combust"],"picked":"Body Slam","floor":12},{"not_picked":["Reckless Charge","Clothesline"],"picked":"True Grit","floor":14},{"not_picked":["Offering","Barricade"],"picked":"Limit Break","floor":16},{"not_picked":["Havoc","Shrug It Off","Headbutt"],"picked":"SKIP","floor":18}],"player_experience":215547,"relics_obtained":[{"floor":9,"key":"Vajra"},{"floor":12,"key":"Ginger"}],"event_choices":[{"cards_removed":["Strike_R"],"damage_healed":0,"gold_gain":0,"player_choice":"Card Removal","damage_taken":0,"max_hp_gain":0,"max_hp_loss":0,"event_name":"The Cleric","floor":4,"gold_loss":50},{"cards_removed":["Strike_R"],"damage_healed":0,"gold_gain":0,"player_choice":"Card Removal","damage_taken":0,"max_hp_gain":0,"max_hp_loss":0,"event_name":"The Cleric","floor":4,"gold_loss":50},{"damage_healed":0,"gold_gain":0,"player_choice":"Take Damage","damage_taken":20,"relics_obtained":["Golden Idol"],"max_hp_gain":0,"max_hp_loss":0,"event_name":"Golden Idol","floor":5,"gold_loss":0},{"cards_removed":["Defend_R"],"damage_healed":0,"gold_gain":0,"player_choice":"Purged","damage_taken":0,"max_hp_gain":0,"max_hp_loss":0,"event_name":"Purifier","floor":8,"gold_loss":0}],"is_beta":false,"boss_relics":[{"not_picked":["Calling Bell","Snecko Eye"],"picked":"Black Star"}],"items_purged_floors":[],"is_endless":false,"potions_floor_spawned":[1,10,14,16,18],"killed_by":"Shell Parasite","ascension_level":0}