{"gold_per_floor":[16,16,16,16,16,42,59,88,88,88,105,115,115,25,25,124,174,187,187,201,213,27,27,61,77,101,135,145,145,145,155,155,250,250,260,260,260,19,70,70,70],"floor_reached":41,"playtime":3084,"items_purged":["Strike_R"],"score":628,"play_id":"cebeb0d2-f7fb-48bc-8d72-d11468f0ecb8","local_time":"20190804071638","is_ascension_mode":true,"campfire_choices":[{"data":"Rampage","floor":10.0,"key":"SMITH"},{"data":"True Grit","floor":13.0,"key":"SMITH"},{"data":"Shockwave","floor":15.0,"key":"SMITH"},{"data":"Bludgeon","floor":23.0,"key":"SMITH"},{"floor":30,"key":"REST"},{"data":"Juggernaut","floor":32,"key":"SMITH"},{"floor":40,"key":"REST"}],"neow_cost":"NO_GOLD","seed_source_timestamp":2107755616495300,"circlet_count":0,"master_deck":["Defend_R","Defend_R","Bash+1","Rampage+1","Iron Wave","True Grit+1","Sentinel","Shockwave+1","Dark Embrace","Shrug It Off","Shrug It Off","Evolve","Bludgeon+1","Seeing Red","Shrug It Off+1","Metallicize","Twin Strike+1","Juggernaut+1","Shrug It Off","Barricade","Armaments+1","Dark Shackles","Impatience","Panacea","Rampage+1"],"special_seed":0,"relics":["Burning Blood","The Courier","Bottled Flame","Vajra","Tiny House","TheAbacus","Ancient Tea Set","Pen Nib","Bronze Scales","Runic Dome","Gambling Chip","Incense Burner"],"potions_floor_usage":[24,24,28,29,33,35,39],"damage_taken":[{"damage":1.0,"enemies":"Cultist","floor":1.0,"turns":3.0},{"damage":11.0,"enemies":"Lagavulin","floor":6.0,"turns":6.0},{"damage":1.0,"enemies":"Jaw Worm","floor":7.0,"turns":6.0},{"damage":21.0,"enemies":"Gremlin Nob","floor":8.0,"turns":5.0},{"damage":0.0,"enemies":"Small Slimes","floor":11.0,"turns":2.0},{"damage":41.0,"enemies":"Exordium Thugs","floor":12.0,"turns":10.0},{"damage":22.0,"enemies":"The Guardian","floor":16.0,"turns":12.0},{"damage":4.0,"enemies":"Chosen","floor":18.0,"turns":8.0},{"damage":10.0,"enemies":"2 Thieves","floor":20.0,"turns":4.0},{"damage":9.0,"enemies":"Centurion and Healer","floor":21.0,"turns":8.0},{"damage":26,"enemies":"Gremlin Leader","floor":24,"turns":6},{"damage":1,"enemies":"Cultist and Chosen","floor":25,"turns":7},{"damage":21,"enemies":"Slavers","floor":27,"turns":9},{"damage":5,"enemies":"3 Cultists","floor":28,"turns":6},{"damage":32,"enemies":"Gremlin Leader","floor":29,"turns":8},{"damage":2,"enemies":"Snecko","floor":31,"turns":5},{"damage":36,"enemies":"Automaton","floor":33,"turns":11},{"damage":22,"enemies":"3 Shapes","floor":35,"turns":4},{"damage":15,"enemies":"2 Orb Walkers","floor":39,"turns":4},{"damage":74,"enemies":"Reptomancer","floor":41,"turns":2}],"seed_played":"4814941000961359439","potions_obtained":[{"floor":6.0,"key":"SteroidPotion"},{"floor":12.0,"key":"SpeedPotion"},{"floor":17.0,"key":"Block Potion"},{"floor":21.0,"key":"Fire Potion"},{"floor":24,"key":"Fire Potion"},{"floor":28,"key":"SmokeBomb"},{"floor":31,"key":"GamblersBrew"},{"floor":33,"key":"SkillPotion"},{"floor":35,"key":"SneckoOil"}],"is_trial":false,"path_per_floor":["M","?","$","?","?","E","M","E","T","R","M","M","R","$","R","B",null,"M","?","M","M","$","R","E","M","T","E","M","E","R","M","R","B",null,"M","?","?","$","?","R","E"],"character_chosen":"IRONCLAD","items_purchased":["Evolve","TheAbacus","Metallicize","Gambling Chip"],"campfire_rested":2,"item_purchase_floors":[14,22,22,38],"current_hp_per_floor":[80,80,80,85,85,80,85,70,70,70,76,41,41,41,41,25,75,77,77,73,70,70,70,50,55,55,40,41,15,42,46,46,16,72,56,56,46,46,37,64,0],"gold":70,"neow_bonus":"TRANSFORM_TWO_CARDS","is_prod":false,"is_daily":false,"chose_seed":false,"campfire_upgraded":5,"win_rate":0,"timestamp":1564924598,"path_taken":["M","?","?","?","?","E","M","E","T","R","M","M","R","$","R","BOSS","M","?","M","M","$","R","E","M","T","E","?","E","R","M","R","BOSS","M","?","?","$","?","R","E"],"build_version":"2019-07-18","purchased_purges":1,"victory":false,"max_hp_per_floor":[80,80,80,85,85,85,85,85,85,85,85,85,85,85,85,85,90,90,90,90,90,90,90,90,90,90,90,90,90,90,90,90,90,90,90,90,90,90,90,90,90],"card_choices":[{"not_picked":["Rage","Reckless Charge"],"picked":"True Grit","floor":1.0},{"not_picked":["Fiend Fire","Cleave"],"picked":"Sentinel","floor":6.0},{"not_picked":["Twin Strike","Clothesline"],"picked":"Shockwave","floor":7.0},{"not_picked":["Searing Blow","Rupture"],"picked":"Dark Embrace","floor":8.0},{"not_picked":["Entrench","Body Slam"],"picked":"Shrug It Off","floor":11.0},{"not_picked":["True Grit","Clash"],"picked":"Shrug It Off","floor":12.0},{"not_picked":["Fiend Fire","Berserk"],"picked":"Bludgeon","floor":16.0},{"not_picked":["Thunderclap","Carnage"],"picked":"Seeing Red","floor":18.0},{"not_picked":["Flex","Warcry"],"picked":"Shrug It Off+1","floor":20.0},{"not_picked":["Rupture","Anger","Havoc+1"],"picked":"SKIP","floor":21.0},{"not_picked":["Seeing Red","Perfected Strike+1","Pommel Strike"],"picked":"SKIP","floor":24},{"not_picked":["Searing Blow","Burning Pact"],"picked":"Twin Strike+1","floor":25},{"not_picked":["Havoc+1","Sword Boomerang","True Grit+1"],"picked":"SKIP","floor":27},{"not_picked":["Perfected Strike","Flex+1"],"picked":"Juggernaut","floor":28},{"not_picked":["Corruption","Clash"],"picked":"Shrug It Off","floor":31},{"not_picked":["Brutality","Exhume"],"picked":"Barricade","floor":33},{"not_picked":["Clothesline","Anger+1"],"picked":"Armaments+1","floor":35},{"not_picked":["Bandage Up","Discovery"],"picked":"Dark Shackles","floor":37},{"not_picked":["Purity","Deep Breath"],"picked":"Impatience","floor":37},{"not_picked":["The Bomb","Magnetism"],"picked":"Panacea","floor":37},{"not_picked":["Flex+1","Hemokinesis"],"picked":"Rampage+1","floor":39}],"player_experience":88530,"relics_obtained":[{"floor":6.0,"key":"The Courier"},{"floor":8.0,"key":"Bottled Flame"},{"floor":9.0,"key":"Vajra"},{"floor":24,"key":"Ancient Tea Set"},{"floor":26,"key":"Pen Nib"},{"floor":27,"key":"Bronze Scales"},{"floor":39,"key":"Incense Burner"}],"event_choices":[{"cards_removed":["Strike_R"],"damage_healed":0.0,"max_hp_gain":0.0,"max_hp_loss":0.0,"gold_gain":0.0,"event_name":"Bonfire Elementals","player_choice":"Offered Basic","floor":2.0,"gold_loss":0.0,"damage_taken":0.0},{"damage_healed":0.0,"max_hp_gain":5.0,"max_hp_loss":0.0,"gold_gain":0.0,"event_name":"Big Fish","player_choice":"Donut","floor":4.0,"gold_loss":0.0,"damage_taken":0.0},{"cards_removed":["Strike_R"],"damage_healed":0.0,"max_hp_gain":0.0,"max_hp_loss":0.0,"gold_gain":0.0,"event_name":"Purifier","player_choice":"Purged","floor":5.0,"gold_loss":0.0,"damage_taken":0.0},{"cards_removed":["Strike_R"],"damage_healed":0.0,"max_hp_gain":0.0,"max_hp_loss":0.0,"gold_gain":0.0,"event_name":"Purifier","player_choice":"Purged","floor":19.0,"gold_loss":0.0,"damage_taken":0.0},{"cards_removed":["Defend_R"],"damage_healed":0,"gold_gain":0,"player_choice":"Removed Skill","damage_taken":0,"max_hp_gain":0,"max_hp_loss":0,"event_name":"Falling","floor":36,"gold_loss":0},{"damage_healed":0,"gold_gain":0,"player_choice":"Memory 3","damage_taken":10,"max_hp_gain":0,"max_hp_loss":0,"event_name":"SensoryStone","floor":37,"gold_loss":0},{"damage_healed":0,"gold_gain":0,"player_choice":"Fight","damage_taken":0,"max_hp_gain":0,"max_hp_loss":0,"event_name":"Mysterious Sphere","floor":39,"gold_loss":0}],"is_beta":true,"boss_relics":[{"not_picked":["Calling Bell","Ectoplasm"],"picked":"Tiny House"},{"not_picked":["Empty Cage","White Beast Statue"],"picked":"Runic Dome"}],"items_purged_floors":[14],"is_endless":false,"potions_floor_spawned":[6,12,21,24,28,29,31,33,35],"killed_by":"Reptomancer","ascension_level":5}