{"gold_per_floor":[112,125,142,142,120,150,150,150],"floor_reached":8,"playtime":440,"items_purged":[],"score":78,"play_id":"0b19f4ed-3bc1-4ea9-8071-a123841dc32d","local_time":"20190720003454","is_ascension_mode":true,"campfire_choices":[],"neow_cost":"NONE","seed_source_timestamp":709986671184692,"circlet_count":0,"master_deck":["Strike_G","Strike_G","Strike_G","Strike_G","Defend_G","Defend_G","Defend_G","Defend_G","Defend_G","Survivor","Neutralize+1","Poisoned Stab","Backflip","PiercingWail","Dodge and Roll","PiercingWail","Injury"],"relics":["Ring of the Snake","Paper Crane","Golden Idol"],"potions_floor_usage":[6],"damage_taken":[{"damage":0,"enemies":"Small Slimes","floor":1,"turns":3},{"damage":1,"enemies":"Jaw Worm","floor":2,"turns":4},{"damage":0,"enemies":"Cultist","floor":3,"turns":4},{"damage":30,"enemies":"Gremlin Nob","floor":6,"turns":6},{"damage":34,"enemies":"3 Sentries","floor":8,"turns":12}],"seed_played":"-8023415475504854857","potions_obtained":[{"floor":2,"key":"GhostInAJar"}],"is_trial":false,"path_per_floor":["M","M","M","?","$","E","?","E"],"character_chosen":"THE_SILENT","items_purchased":["Dodge and Roll"],"campfire_rested":0,"item_purchase_floors":[5],"current_hp_per_floor":[63,62,62,55,55,25,25,0],"gold":150,"neow_bonus":"UPGRADE_CARD","is_prod":false,"is_daily":false,"chose_seed":false,"campfire_upgraded":0,"win_rate":0,"timestamp":1563597294,"path_taken":["M","M","M","?","$","E","?","E"],"build_version":"2019-07-17","purchased_purges":0,"victory":false,"max_hp_per_floor":[70,70,70,70,70,70,70,70],"card_choices":[{"not_picked":["Slice","Blade Dance"],"picked":"Poisoned Stab","floor":1},{"not_picked":["Catalyst","Outmaneuver"],"picked":"Backflip","floor":2},{"not_picked":["Deflect","Acrobatics"],"picked":"PiercingWail","floor":3},{"not_picked":["Quick Slash","Heel Hook"],"picked":"PiercingWail","floor":6}],"player_experience":400015,"relics_obtained":[{"floor":6,"key":"Paper Crane"}],"event_choices":[{"cards_removed":["Strike_G"],"damage_healed":0,"gold_gain":0,"player_choice":"Card Removal","damage_taken":7,"max_hp_gain":0,"max_hp_loss":0,"event_name":"Golden Wing","floor":4,"gold_loss":0},{"damage_healed":0,"gold_gain":0,"player_choice":"Take Wound","damage_taken":0,"relics_obtained":["Golden Idol"],"max_hp_gain":0,"max_hp_loss":0,"event_name":"Golden Idol","floor":7,"gold_loss":0,"cards_obtained":["Injury"]}],"is_beta":false,"boss_relics":[],"items_purged_floors":[],"is_endless":false,"potions_floor_spawned":[2],"killed_by":"3 Sentries","ascension_level":8}