{"gold_per_floor":[117,133,133,208,225,225,112,137,137,137,152,170,170],"floor_reached":13,"playtime":818,"items_purged":[],"score":102,"play_id":"683c7cbe-393a-4fe2-8014-2988e91991c0","local_time":"20190706144101","is_ascension_mode":true,"campfire_choices":[{"data":"Berserk","floor":6,"key":"SMITH"}],"neow_cost":"TEN_PERCENT_HP_LOSS","seed_source_timestamp":1794653733945800,"circlet_count":0,"master_deck":["Strike_R","Strike_R","Strike_R+1","Strike_R","Strike_R","Defend_R","Defend_R+1","Defend_R","Defend_R","Bash","Berserk+1","Feel No Pain","Disarm","Battle Trance","Spot Weakness","Uppercut","Dual Wield","Pummel","Burning Pact"],"relics":["Burning Blood","Dodecahedron","Vajra","Shovel"],"potions_floor_usage":[13],"damage_taken":[{"damage":5,"enemies":"Small Slimes","floor":1,"turns":3},{"damage":6,"enemies":"2 Louse","floor":2,"turns":4},{"damage":2,"enemies":"Jaw Worm","floor":5,"turns":3},{"damage":38,"enemies":"3 Sentries","floor":8,"turns":9},{"damage":4,"enemies":"Blue Slaver","floor":11,"turns":4},{"damage":18,"enemies":"2 Fungi Beasts","floor":12,"turns":2},{"damage":9,"enemies":"Lots of Slimes","floor":13,"turns":1}],"seed_played":"-2275738034571244850","potions_obtained":[{"floor":2,"key":"FearPotion"},{"floor":5,"key":"Swift Potion"},{"floor":12,"key":"Fire Potion"}],"is_trial":false,"path_per_floor":["M","M","?","?","M","R","$","E","T","?","M","M","M"],"character_chosen":"IRONCLAD","items_purchased":["Spot Weakness","Uppercut"],"campfire_rested":0,"item_purchase_floors":[7,7],"current_hp_per_floor":[72,72,58,47,51,51,51,19,19,19,21,9,0],"gold":170,"neow_bonus":"THREE_RARE_CARDS","is_prod":false,"is_daily":false,"chose_seed":false,"campfire_upgraded":1,"win_rate":0,"timestamp":1562449261,"path_taken":["M","M","?","?","?","R","$","E","T","?","M","M","M"],"build_version":"2019-07-05","purchased_purges":0,"victory":false,"max_hp_per_floor":[72,72,72,72,72,72,72,72,72,72,72,72,72],"card_choices":[{"not_picked":["Dark Embrace","Reaper"],"picked":"Berserk","floor":0},{"not_picked":["Perfected Strike","Fire Breathing"],"picked":"Feel No Pain","floor":1},{"not_picked":["Shrug It Off","Twin Strike"],"picked":"Disarm","floor":2},{"not_picked":["Bloodletting","Headbutt"],"picked":"Battle Trance","floor":5},{"not_picked":["Cleave","Sword Boomerang"],"picked":"Dual Wield","floor":8},{"not_picked":["Anger","Heavy Blade"],"picked":"Pummel","floor":11},{"not_picked":["Sever Soul","Searing Blow"],"picked":"Burning Pact","floor":12}],"player_experience":611216,"relics_obtained":[{"floor":8,"key":"Dodecahedron"},{"floor":9,"key":"Vajra"}],"event_choices":[{"damage_healed":0,"gold_gain":0,"player_choice":"Entered Light","damage_taken":14,"max_hp_gain":0,"max_hp_loss":0,"event_name":"Shining Light","floor":3,"gold_loss":0,"cards_upgraded":["Strike_R","Defend_R"]},{"damage_healed":0,"gold_gain":75,"player_choice":"Gather Gold","damage_taken":11,"max_hp_gain":0,"max_hp_loss":0,"event_name":"World of Goop","floor":4,"gold_loss":0},{"damage_healed":0,"gold_gain":0,"player_choice":"Searched \u00271\u0027 times","damage_taken":0,"relics_obtained":["Shovel"],"max_hp_gain":0,"max_hp_loss":0,"event_name":"Dead Adventurer","floor":10,"gold_loss":0}],"is_beta":false,"boss_relics":[],"items_purged_floors":[],"is_endless":false,"potions_floor_spawned":[2,5,12],"killed_by":"Lots of Slimes","ascension_level":4}