{"gold_per_floor":[367,288,363,249,268,268,78,78,78,106,106,118,118,152,152,254,254,267,267],"floor_reached":19,"playtime":982,"items_purged":["Strike_B"],"score":228,"play_id":"9aedba3d-5502-4d31-b390-cf11eaaa8ce2","local_time":"20190124194803","is_ascension_mode":true,"campfire_choices":[{"floor":6.0,"key":"REST"},{"data":"Capacitor","floor":8.0,"key":"SMITH"},{"floor":11.0,"key":"REST"},{"floor":15.0,"key":"REST"}],"neow_cost":"PERCENT_DAMAGE","seed_source_timestamp":0,"circlet_count":0,"master_deck":["Strike_B","Strike_B","Strike_B","Defend_B","Defend_B","Defend_B","Defend_B","Zap","Dualcast","Turbo","Capacitor+1","Consume","Redo","Auto Shields","Seek","Loop","Regret","Auto Shields","Auto Shields","Creative AI","Stack+1"],"special_seed":0,"relics":["Cracked Core","Art of War","Symbiotic Virus","Sundial","Darkstone Periapt","Eternal Feather"],"potions_floor_usage":[18],"damage_taken":[{"damage":1.0,"enemies":"Cultist","floor":1.0,"turns":3.0},{"damage":1.0,"enemies":"2 Louse","floor":5.0,"turns":2.0},{"damage":29.0,"enemies":"3 Sentries","floor":10.0,"turns":7.0},{"damage":0.0,"enemies":"Small Slimes","floor":12.0,"turns":4.0},{"damage":10.0,"enemies":"Lagavulin","floor":14.0,"turns":4.0},{"damage":29.0,"enemies":"The Guardian","floor":16.0,"turns":9.0},{"damage":46,"enemies":"Chosen","floor":18,"turns":6},{"damage":32,"enemies":"Spheric Guardian","floor":19,"turns":5}],"seed_played":"5487011366752744928","potions_obtained":[{"floor":1.0,"key":"EssenceOfSteel"},{"floor":5.0,"key":"EssenceOfSteel"},{"floor":16.0,"key":"LiquidBronze"}],"is_trial":false,"path_per_floor":["M","$","?","$","M","R","$","R","T","E","R","M","?","E","R","B",null,"M","M"],"character_chosen":"DEFECT","items_purchased":["Capacitor","Consume","Art of War","Auto Shields"],"campfire_rested":3,"item_purchase_floors":[2,4,7,7],"current_hp_per_floor":[53,53,42,42,41,63,63,63,63,34,56,56,56,46,68,39,75,29,0],"gold":267,"neow_bonus":"TWO_FIFTY_GOLD","is_prod":false,"is_daily":false,"chose_seed":false,"campfire_upgraded":1,"win_rate":0,"timestamp":1548319683,"path_taken":["M","$","?","$","M","R","$","R","T","E","R","M","?","E","R","BOSS","M","?"],"build_version":"2019-01-23","purchased_purges":1,"victory":false,"max_hp_per_floor":[75,75,75,75,75,75,75,75,75,75,75,75,75,75,75,75,75,75,75],"card_choices":[{"not_picked":["Scrape","Storm"],"picked":"Turbo","floor":1.0},{"not_picked":["Chaos","Streamline"],"picked":"Redo","floor":5.0},{"not_picked":["Self Repair","Barrage"],"picked":"Seek","floor":10.0},{"not_picked":["Redo","Darkness"],"picked":"Loop","floor":12.0},{"not_picked":["Compile Driver","Core Surge"],"picked":"Auto Shields","floor":14.0},{"not_picked":["Machine Learning","Reboot"],"picked":"Creative AI","floor":16.0},{"not_picked":["Turbo","Tempest+1"],"picked":"Stack+1","floor":18}],"player_experience":543185,"relics_obtained":[{"floor":9.0,"key":"Symbiotic Virus"},{"floor":10.0,"key":"Sundial"},{"floor":14.0,"key":"Darkstone Periapt"}],"event_choices":[{"damage_healed":0.0,"max_hp_gain":0.0,"max_hp_loss":0.0,"gold_gain":75.0,"event_name":"World of Goop","player_choice":"Gather Gold","floor":3.0,"gold_loss":0.0,"damage_taken":11.0},{"damage_healed":0.0,"max_hp_gain":0.0,"max_hp_loss":0.0,"gold_gain":0.0,"event_name":"Match and Keep!","player_choice":"2 cards matched","floor":13.0,"gold_loss":0.0,"damage_taken":0.0,"cards_obtained":["Regret","Auto Shields"]}],"is_beta":false,"boss_relics":[{"not_picked":["Sozu","Fusion Hammer"],"picked":"Eternal Feather"}],"items_purged_floors":[4],"is_endless":false,"potions_floor_spawned":[1,5,16],"killed_by":"Spheric Guardian","ascension_level":3}