{"gold_per_floor":[117,117,42,56,56,56,82,82,107,31,31,50,50],"floor_reached":13,"playtime":210,"items_purged":["Strike_B"],"score":162,"play_id":"d10c3945-1079-420e-b2e1-d50bd024cbbb","local_time":"20190711150906","is_ascension_mode":true,"campfire_choices":[{"floor":6,"key":"REST"},{"data":"Dualcast","floor":8,"key":"SMITH"},{"data":"Redo","floor":11,"key":"SMITH"}],"neow_cost":"NONE","seed_source_timestamp":8818400487992,"circlet_count":0,"master_deck":["AscendersBane","Strike_B","Strike_B","Defend_B","Defend_B","Defend_B","Defend_B","Zap","Dualcast+1","Doom and Gloom","Redo+1","Biased Cognition"],"relics":["Runic Dome","Cables","Smiling Mask","Regal Pillow"],"potions_floor_usage":[],"damage_taken":[{"damage":9,"enemies":"2 Louse","floor":1,"turns":3},{"damage":13,"enemies":"Small Slimes","floor":4,"turns":3},{"damage":20,"enemies":"Lagavulin","floor":7,"turns":5},{"damage":12,"enemies":"Jaw Worm","floor":12,"turns":2},{"damage":0,"enemies":"Gremlin Gang","floor":13,"turns":1}],"seed_played":"3312315046528587508","potions_obtained":[{"floor":4,"key":"Energy Potion"},{"floor":7,"key":"EssenceOfSteel"}],"is_trial":false,"path_per_floor":["M","?","?","M","?","R","E","R","T","$","R","M","M"],"character_chosen":"DEFECT","items_purchased":["Redo"],"campfire_rested":1,"item_purchase_floors":[10],"current_hp_per_floor":[55,55,55,42,24,45,25,25,25,25,25,13,13],"gold":50,"neow_bonus":"BOSS_RELIC","is_prod":false,"is_daily":false,"chose_seed":false,"campfire_upgraded":2,"win_rate":0,"timestamp":1562828946,"path_taken":["M","?","?","M","?","R","E","R","T","?","R","?","M"],"build_version":"2019-07-05","purchased_purges":1,"victory":false,"max_hp_per_floor":[71,71,71,71,71,71,71,71,71,71,71,71,71],"card_choices":[{"not_picked":["Conserve Battery","Barrage"],"picked":"Doom and Gloom","floor":1},{"not_picked":["Leap","FTL","Go for the Eyes"],"picked":"SKIP","floor":4},{"not_picked":["Hello World","Rip and Tear","Sweeping Beam"],"picked":"SKIP","floor":7},{"not_picked":["Leap","Sweeping Beam"],"picked":"Biased Cognition","floor":12}],"player_experience":1102177,"relics_obtained":[{"floor":7,"key":"Smiling Mask"},{"floor":9,"key":"Regal Pillow"}],"event_choices":[{"damage_healed":0,"gold_gain":0,"player_choice":"Ignored","damage_taken":0,"max_hp_gain":0,"max_hp_loss":0,"event_name":"Liars Game","floor":2,"gold_loss":0},{"cards_removed":["Strike_B"],"damage_healed":0,"gold_gain":0,"player_choice":"Card Removal","damage_taken":0,"max_hp_gain":0,"max_hp_loss":0,"event_name":"The Cleric","floor":3,"gold_loss":75},{"damage_healed":0,"gold_gain":0,"player_choice":"Success","damage_taken":18,"relics_obtained":["Cables"],"max_hp_gain":0,"max_hp_loss":0,"event_name":"Scrap Ooze","floor":5,"gold_loss":0}],"is_beta":false,"boss_relics":[],"items_purged_floors":[10],"is_endless":false,"potions_floor_spawned":[4,7],"killed_by":"Gremlin Gang","ascension_level":20}