{"gold_per_floor":[111,130,140,24,24,53,53,128,176,176,226,89,109,139,139,210,210,189,189,205,205],"floor_reached":21,"playtime":610,"items_purged":["Strike_R","Strike_R"],"score":374,"play_id":"5f14af4b-6e9a-4609-a01c-eda882e285d6","local_time":"20190516222216","is_ascension_mode":true,"campfire_choices":[{"data":"Rampage","floor":7,"key":"SMITH"},{"floor":10,"key":"REST"},{"data":"Fiend Fire","floor":15,"key":"SMITH"}],"neow_cost":"PERCENT_DAMAGE","seed_source_timestamp":2119760501571553,"circlet_count":0,"master_deck":["AscendersBane","Strike_R","Strike_R+1","Strike_R+1","Defend_R","Defend_R","Defend_R","Defend_R","Bash","Panacea","Panacea","Shockwave","Fiend Fire+1","Rampage+1","Evolve","Inflame","Berserk"],"special_seed":0,"relics":["Burning Blood","Happy Flower","Whetstone","Orichalcum","Calling Bell","Potion Belt","Mercury Hourglass","Turnip"],"potions_floor_usage":[20],"damage_taken":[{"damage":3.0,"enemies":"2 Louse","floor":1.0,"turns":4.0},{"damage":13.0,"enemies":"Jaw Worm","floor":2.0,"turns":4.0},{"damage":7.0,"enemies":"Cultist","floor":3.0,"turns":4.0},{"damage":15.0,"enemies":"Lagavulin","floor":6.0,"turns":6.0},{"damage":6,"enemies":"2 Fungi Beasts","floor":13,"turns":4},{"damage":24,"enemies":"Gremlin Nob","floor":14,"turns":4},{"damage":8,"enemies":"Hexaghost","floor":16,"turns":7},{"damage":12,"enemies":"2 Thieves","floor":18,"turns":4},{"damage":17,"enemies":"Spheric Guardian","floor":20,"turns":4},{"damage":13,"enemies":"Chosen and Byrds","floor":21,"turns":3}],"seed_played":"3070998977514745366","potions_obtained":[{"floor":3.0,"key":"SteroidPotion"},{"floor":13,"key":"Dexterity Potion"},{"floor":14,"key":"Weak Potion"},{"floor":16,"key":"Fire Potion"}],"is_trial":false,"path_per_floor":["M","M","M","$","?","E","R","?","T","R","?","$","M","E","R","B",null,"M","?","M","M"],"character_chosen":"IRONCLAD","items_purchased":["Rampage","Evolve"],"campfire_rested":1,"item_purchase_floors":[4,12],"current_hp_per_floor":[53,46,45,45,45,36,36,25,25,47,40,40,40,22,22,20,61,55,34,23,10],"gold":205,"neow_bonus":"RANDOM_COLORLESS_2","is_prod":false,"is_daily":false,"chose_seed":false,"campfire_upgraded":2,"win_rate":0,"timestamp":1558016536,"path_taken":["M","M","M","$","?","E","R","?","T","R","?","$","?","E","R","BOSS","M","?","M","M"],"build_version":"2019-01-23","purchased_purges":2,"victory":false,"max_hp_per_floor":[75,75,75,75,75,75,75,75,75,75,75,75,75,75,75,75,75,75,80,80,80],"card_choices":[{"not_picked":["Twin Strike","Warcry"],"picked":"Shockwave","floor":1.0},{"not_picked":["Wild Strike","Twin Strike","Perfected Strike"],"picked":"SKIP","floor":2.0},{"not_picked":["Battle Trance","Thunderclap"],"picked":"Fiend Fire","floor":3.0},{"not_picked":["Infernal Blade","Immolate","Bludgeon"],"picked":"SKIP","floor":6},{"not_picked":["Iron Wave","Warcry"],"picked":"Inflame","floor":13},{"not_picked":["Heavy Blade","Clash","Anger"],"picked":"SKIP","floor":14},{"not_picked":["Impervious","Fiend Fire"],"picked":"Berserk","floor":16},{"not_picked":["Entrench","Hemokinesis","Rage"],"picked":"SKIP","floor":18},{"not_picked":["Sever Soul","Headbutt","Perfected Strike"],"picked":"SKIP","floor":20}],"player_experience":854996,"relics_obtained":[{"floor":6,"key":"Happy Flower"},{"floor":9,"key":"Whetstone"},{"floor":14,"key":"Orichalcum"},{"floor":17,"key":"Potion Belt"},{"floor":17,"key":"Mercury Hourglass"},{"floor":17,"key":"Turnip"}],"event_choices":[{"damage_healed":0.0,"max_hp_gain":0.0,"max_hp_loss":0.0,"gold_gain":0.0,"event_name":"Liars Game","player_choice":"Ignored","floor":5.0,"gold_loss":0.0,"damage_taken":0.0},{"damage_healed":0,"gold_gain":75,"player_choice":"Gather Gold","damage_taken":11,"max_hp_gain":0,"max_hp_loss":0,"event_name":"World of Goop","floor":8,"gold_loss":0},{"damage_healed":0,"gold_gain":50,"player_choice":"Touch","damage_taken":7,"max_hp_gain":0,"max_hp_loss":0,"event_name":"FaceTrader","floor":11,"gold_loss":0},{"damage_healed":0,"gold_gain":0,"player_choice":"Shed Blood","damage_taken":26,"max_hp_gain":5,"max_hp_loss":0,"event_name":"Forgotten Altar","floor":19,"gold_loss":0}],"is_beta":false,"boss_relics":[{"not_picked":["Fusion Hammer","Snecko Eye"],"picked":"Calling Bell"}],"items_purged_floors":[4,12],"is_endless":false,"potions_floor_spawned":[3,13,14,16],"killed_by":"Chosen and Byrds","ascension_level":20}