{"gold_per_floor":[109,120,120,132,45,45,72,72,72,99,99,140,140,154,154,244,244,257,282,295,295,310,310,335,335,361,377,397,8,44,44],"floor_reached":31,"playtime":1187,"items_purged":["Strike_R"],"score":604,"play_id":"cef3a612-9f6f-440d-a54e-2f51ecf22222","local_time":"20190519000153","is_ascension_mode":true,"campfire_choices":[{"data":"Whirlwind","floor":6.0,"key":"SMITH"},{"data":"Rampage","floor":8.0,"key":"SMITH"},{"data":"Armaments","floor":15.0,"key":"SMITH"},{"data":"Dark Embrace","floor":23,"key":"SMITH"},{"floor":25,"key":"REST"}],"neow_cost":"TEN_PERCENT_HP_LOSS","seed_source_timestamp":0,"circlet_count":0,"master_deck":["AscendersBane","Strike_R","Strike_R","Strike_R","Strike_R","Defend_R","Defend_R","Defend_R","Defend_R","Bash","Dark Embrace+1","Rampage+1","Power Through","Whirlwind+1","Evolve","Fiend Fire","Armaments+1","Impervious","Body Slam","Burning Pact+1","Feel No Pain","Seeing Red+1","Limit Break"],"special_seed":0,"relics":["Burning Blood","Pear","Incense Burner","Bag of Marbles","Golden Idol","Self Forming Clay","Velvet Choker","Oddly Smooth Stone","Brimstone","Potion Belt"],"potions_floor_usage":[22,22,31],"damage_taken":[{"damage":7.0,"enemies":"Small Slimes","floor":1.0,"turns":4.0},{"damage":7.0,"enemies":"2 Louse","floor":2.0,"turns":3.0},{"damage":7.0,"enemies":"Jaw Worm","floor":4.0,"turns":4.0},{"damage":0.0,"enemies":"3 Sentries","floor":7.0,"turns":2.0},{"damage":42.0,"enemies":"Gremlin Nob","floor":10.0,"turns":5.0},{"damage":35.0,"enemies":"Lagavulin","floor":12.0,"turns":8.0},{"damage":0.0,"enemies":"3 Louse","floor":14.0,"turns":2.0},{"damage":36.0,"enemies":"The Guardian","floor":16.0,"turns":13.0},{"damage":26.0,"enemies":"Chosen","floor":18.0,"turns":4.0},{"damage":2.0,"enemies":"3 Byrds","floor":19.0,"turns":8.0},{"damage":12.0,"enemies":"Centurion and Healer","floor":20.0,"turns":10.0},{"damage":0,"enemies":"Snecko","floor":22,"turns":2},{"damage":16,"enemies":"Sentry and Sphere","floor":24,"turns":7},{"damage":4,"enemies":"Shelled Parasite and Fungi","floor":27,"turns":6},{"damage":1,"enemies":"Snecko","floor":28,"turns":4},{"damage":37,"enemies":"Slavers","floor":30,"turns":4},{"damage":27,"enemies":"Snake Plant","floor":31,"turns":1}],"seed_played":"-293516666365511923","potions_obtained":[{"floor":4.0,"key":"AttackPotion"},{"floor":7.0,"key":"Weak Potion"},{"floor":10.0,"key":"Dexterity Potion"},{"floor":14.0,"key":"Block Potion"},{"floor":18.0,"key":"Poison Potion"},{"floor":19.0,"key":"AttackPotion"},{"floor":20.0,"key":"SteroidPotion"},{"floor":30,"key":"AttackPotion"}],"is_trial":false,"path_per_floor":["M","M","?","M","$","R","E","R","T","E","?","E","?","M","R","B",null,"M","M","M","?","M","R","M","R","T","M","M","$","E","M"],"character_chosen":"IRONCLAD","items_purchased":["Evolve","Brimstone","Limit Break"],"campfire_rested":1,"item_purchase_floors":[5,29,29],"current_hp_per_floor":[67,66,66,65,65,65,78,78,78,42,42,13,36,42,42,12,56,36,40,34,34,40,40,30,51,51,53,58,58,27,0],"gold":44,"neow_bonus":"THREE_RARE_CARDS","is_prod":false,"is_daily":false,"chose_seed":false,"campfire_upgraded":4,"win_rate":0,"timestamp":1558195313,"path_taken":["M","M","?","M","$","R","E","R","T","E","?","E","?","M","R","BOSS","M","M","M","?","M","R","M","R","T","M","M","$","E","M"],"build_version":"2019-01-23","purchased_purges":1,"victory":false,"max_hp_per_floor":[68,68,68,68,68,68,78,78,78,78,71,71,71,71,71,71,71,71,71,71,71,71,71,71,71,71,71,71,71,71,71],"card_choices":[{"not_picked":["Reaper","Juggernaut"],"picked":"Dark Embrace","floor":0.0},{"not_picked":["Pommel Strike","Perfected Strike"],"picked":"Rampage","floor":1.0},{"not_picked":["Clothesline","Cleave"],"picked":"Power Through","floor":2.0},{"not_picked":["Iron Wave","Twin Strike"],"picked":"Whirlwind","floor":4.0},{"not_picked":["Berserk","Rupture","Havoc"],"picked":"SKIP","floor":7.0},{"not_picked":["Clothesline","Metallicize","Armaments"],"picked":"SKIP","floor":10.0},{"not_picked":["True Grit","Ghostly Armor"],"picked":"Fiend Fire","floor":12.0},{"not_picked":["Sword Boomerang","Warcry"],"picked":"Armaments","floor":14.0},{"not_picked":["Juggernaut","Double Tap"],"picked":"Impervious","floor":16.0},{"not_picked":["Infernal Blade","Warcry","Dual Wield"],"picked":"SKIP","floor":18.0},{"not_picked":["Sentinel","Anger","Armaments"],"picked":"SKIP","floor":19.0},{"not_picked":["Pommel Strike","Iron Wave"],"picked":"Body Slam","floor":20.0},{"not_picked":["Iron Wave","Sword Boomerang"],"picked":"Burning Pact+1","floor":22},{"not_picked":["Blood for Blood","Sever Soul"],"picked":"Feel No Pain","floor":24},{"not_picked":["Entrench","Wild Strike+1","Seeing Red+1"],"picked":"SKIP","floor":27},{"not_picked":["Entrench","Wild Strike+1"],"picked":"Seeing Red+1","floor":27},{"not_picked":["Sever Soul","Shrug It Off","Intimidate"],"picked":"SKIP","floor":28},{"not_picked":["Wild Strike","Seeing Red","Hemokinesis"],"picked":"SKIP","floor":30}],"player_experience":879031,"relics_obtained":[{"floor":7.0,"key":"Pear"},{"floor":9.0,"key":"Incense Burner"},{"floor":10.0,"key":"Bag of Marbles"},{"floor":12.0,"key":"Self Forming Clay"},{"floor":26,"key":"Oddly Smooth Stone"},{"floor":30,"key":"Potion Belt"}],"event_choices":[{"damage_healed":0.0,"max_hp_gain":0.0,"max_hp_loss":0.0,"gold_gain":0.0,"event_name":"The Cleric","player_choice":"Leave","floor":3.0,"gold_loss":0.0,"damage_taken":0.0},{"damage_healed":0.0,"max_hp_gain":0.0,"max_hp_loss":7.0,"gold_gain":0.0,"event_name":"Golden Idol","player_choice":"Lose Max HP","floor":11.0,"gold_loss":0.0,"damage_taken":0.0,"relics_obtained":["Golden Idol"]},{"damage_healed":23.0,"max_hp_gain":0.0,"max_hp_loss":0.0,"gold_gain":0.0,"event_name":"Big Fish","player_choice":"Banana","floor":13.0,"gold_loss":0.0,"damage_taken":0.0},{"damage_healed":0.0,"max_hp_gain":0.0,"max_hp_loss":0.0,"gold_gain":0.0,"event_name":"Vampires","player_choice":"Ignored","floor":21.0,"gold_loss":0.0,"damage_taken":0.0}],"is_beta":false,"boss_relics":[{"not_picked":["Eternal Feather","Black Blood"],"picked":"Velvet Choker"}],"items_purged_floors":[29],"is_endless":false,"potions_floor_spawned":[4,7,10,14,18,19,20,30],"killed_by":"Snake Plant","ascension_level":20}