{"gold_per_floor":[117,136,146,164,164,192,192,93,118,118,144,158,158,34,34,34],"floor_reached":16,"playtime":623,"items_purged":["Strike_B","Strike_B"],"score":116,"play_id":"471d2266-d905-44af-8ffa-44a7032d31bc","local_time":"20190101213745","is_ascension_mode":true,"campfire_choices":[{"floor":7,"key":"REST"},{"data":"Redo","floor":10,"key":"SMITH"},{"floor":15,"key":"REST"}],"neow_cost":"NONE","seed_source_timestamp":140324263427035,"circlet_count":0,"master_deck":["Strike_B","Strike_B","Defend_B+1","Defend_B","Defend_B","Defend_B+1","Zap","Dualcast","Streamline","Redo+1","Double Energy","BootSequence","Aggregate","Ball Lightning","Stack","Cold Snap","Turbo"],"special_seed":0,"relics":["Cracked Core","Ancient Tea Set","Lantern","DataDisk","Art of War","War Paint"],"potions_floor_usage":[],"damage_taken":[{"damage":4.0,"enemies":"Cultist","floor":1.0,"turns":4.0},{"damage":1.0,"enemies":"Jaw Worm","floor":2.0,"turns":4.0},{"damage":0.0,"enemies":"Small Slimes","floor":3.0,"turns":2.0},{"damage":5,"enemies":"Looter","floor":4,"turns":2},{"damage":21,"enemies":"3 Sentries","floor":6,"turns":6},{"damage":40,"enemies":"Lagavulin","floor":11,"turns":6},{"damage":0,"enemies":"Red Slaver","floor":12,"turns":3},{"damage":37,"enemies":"Slime Boss","floor":16,"turns":9}],"seed_played":"4736616249471674791","potions_obtained":[{"floor":6,"key":"Weak Potion"},{"floor":11,"key":"Ancient Potion"},{"floor":12,"key":"Energy Potion"}],"is_trial":false,"path_per_floor":["M","M","M","M","M","?","E","R","$","T","R","E","M","?","$","R","B"],"character_chosen":"DEFECT","items_purchased":["Ball Lightning","Turbo"],"campfire_rested":2,"item_purchase_floors":[8,14],"current_hp_per_floor":[71,70,70,65,65,44,66,66,66,66,26,26,14,14,36,0],"gold":34,"neow_bonus":"RANDOM_COMMON_RELIC","is_prod":false,"is_daily":false,"chose_seed":false,"campfire_upgraded":1,"win_rate":0,"timestamp":1546339065,"path_taken":["M","M","M","?","?","E","R","$","T","R","E","M","?","$","R","BOSS"],"build_version":"2018-12-20","purchased_purges":2,"victory":false,"max_hp_per_floor":[75,75,75,75,75,75,75,75,75,75,75,75,75,75,75,75],"card_choices":[{"not_picked":["Gash","Reprogram"],"picked":"Streamline","floor":1.0},{"not_picked":["Loop","Darkness"],"picked":"Redo","floor":2.0},{"not_picked":["Ball Lightning","Hologram"],"picked":"Double Energy","floor":3},{"not_picked":["Streamline","Steam"],"picked":"BootSequence","floor":4},{"not_picked":["Scrape","Fission"],"picked":"Aggregate","floor":6},{"not_picked":["Leap","Chaos"],"picked":"Stack","floor":11},{"not_picked":["Rebound","Hologram"],"picked":"Cold Snap","floor":12}],"player_experience":380250,"relics_obtained":[{"floor":6,"key":"Lantern"},{"floor":9,"key":"DataDisk"},{"floor":11,"key":"Art of War"}],"event_choices":[{"damage_healed":0,"gold_gain":0,"player_choice":"Ignored","damage_taken":0,"max_hp_gain":0,"max_hp_loss":0,"event_name":"Shining Light","floor":5,"gold_loss":0},{"damage_healed":0,"gold_gain":0,"player_choice":"Success","damage_taken":12,"relics_obtained":["War Paint"],"max_hp_gain":0,"max_hp_loss":0,"event_name":"Scrap Ooze","floor":13,"gold_loss":0}],"is_beta":false,"boss_relics":[],"items_purged_floors":[8,14],"is_endless":false,"potions_floor_spawned":[6,11,12],"killed_by":"Slime Boss","ascension_level":1}