{"gold_per_floor":[117,292,131,149,149,149,162,162,162,182,196,151,151,169,169,266,266,283,25,73,89,39,39,50,75,75,75,75,75,75,86,86,186,186,200,200,210,210,58,58,58],"floor_reached":41,"playtime":2571,"items_purged":["Doubt","Shame"],"score":439,"play_id":"73abf728-c307-40f2-acee-90721362928a","local_time":"20190110173506","is_ascension_mode":true,"campfire_choices":[{"floor":6,"key":"REST"},{"data":"Backflip","floor":8,"key":"SMITH"},{"floor":13,"key":"REST"},{"floor":15,"key":"REST"},{"data":"Apotheosis","floor":23,"key":"SMITH"},{"floor":27,"key":"REST"},{"floor":30,"key":"REST"},{"floor":32,"key":"REST"},{"floor":40,"key":"REST"}],"neow_cost":"PERCENT_DAMAGE","seed_source_timestamp":471607600097088,"circlet_count":0,"master_deck":["Defend_G","Defend_G","Defend_G","Defend_G","Defend_G","Strike_G","Strike_G","Strike_G","Strike_G","Survivor","Neutralize","Bullet Time+1","Cloak And Dagger","Backflip+1","Footwork","Footwork","Caltrops","Burst","Crippling Poison+1","Deadly Poison+1","After Image","Deadly Poison+1","Apotheosis+1","Infinite Blades","Bane","Bane","Well Laid Plans","Well Laid Plans","Envenom","Calculated Gamble","Noxious Fumes","Poisoned Stab"],"relics":["Ring of the Snake","Kunai","WristBlade","War Paint","Bag of Marbles","Paper Crane","Dead Branch","Nilry\u0027s Codex","Fusion Hammer"],"potions_floor_usage":[10,18,18,21,25,33,41],"damage_taken":[{"damage":2,"enemies":"Small Slimes","floor":1,"turns":6},{"damage":0,"enemies":"Cultist","floor":4,"turns":6},{"damage":0,"enemies":"2 Louse","floor":7,"turns":2},{"damage":10,"enemies":"Exordium Wildlife","floor":10,"turns":6},{"damage":27,"enemies":"Gremlin Gang","floor":11,"turns":7},{"damage":3,"enemies":"Looter","floor":12,"turns":5},{"damage":5,"enemies":"3 Louse","floor":14,"turns":4},{"damage":17,"enemies":"The Guardian","floor":16,"turns":11},{"damage":0,"enemies":"Chosen","floor":18,"turns":6},{"damage":6,"enemies":"Spheric Guardian","floor":21,"turns":4},{"damage":20,"enemies":"Cultist and Chosen","floor":24,"turns":8},{"damage":24,"enemies":"Gremlin Leader","floor":25,"turns":4},{"damage":11,"enemies":"Snake Plant","floor":31,"turns":5},{"damage":53,"enemies":"Collector","floor":33,"turns":9},{"damage":49,"enemies":"3 Darklings","floor":35,"turns":4},{"damage":9,"enemies":"3 Shapes","floor":37,"turns":6},{"damage":46,"enemies":"Reptomancer","floor":41,"turns":2}],"seed_played":"3655434439103342278","potions_obtained":[{"floor":4,"key":"Weak Potion"},{"floor":7,"key":"Swift Potion"},{"floor":16,"key":"AttackPotion"},{"floor":18,"key":"Weak Potion"},{"floor":24,"key":"Fire Potion"},{"floor":25,"key":"GhostInAJar"},{"floor":35,"key":"GhostInAJar"}],"is_trial":false,"path_per_floor":["M","?","$","M","?","R","M","R","T","M","M","M","R","M","R","B",null,"M","$","T","M","?","R","M","E","T","R","?","?","R","M","R","B",null,"M","?","M","?","$","R","E"],"character_chosen":"THE_SILENT","items_purchased":["Backflip","Footwork","Apotheosis","Infinite Blades","Bane","Poisoned Stab"],"campfire_rested":7,"item_purchase_floors":[3,3,19,19,19,39],"current_hp_per_floor":[47,47,47,47,47,68,68,68,68,58,31,28,49,44,65,48,70,70,70,70,64,64,64,44,20,20,41,41,25,46,35,56,3,70,21,21,12,12,12,33,0],"gold":58,"neow_bonus":"THREE_RARE_CARDS","is_prod":false,"is_daily":false,"chose_seed":false,"campfire_upgraded":2,"win_rate":0,"timestamp":1547102106,"path_taken":["M","?","$","M","?","R","M","R","T","M","?","M","R","M","R","BOSS","M","$","?","M","?","R","?","E","T","R","?","?","R","M","R","BOSS","M","?","?","?","?","R","E"],"build_version":"2019-01-03v4","purchased_purges":2,"victory":false,"max_hp_per_floor":[70,70,70,70,70,70,70,70,70,70,70,70,70,70,70,70,70,70,70,70,70,70,70,70,70,70,70,70,70,70,70,70,70,70,70,70,70,70,70,70,70],"card_choices":[{"not_picked":["Glass Knife","Venomology"],"picked":"Bullet Time","floor":0},{"not_picked":["Quick Slash","Slice"],"picked":"Cloak And Dagger","floor":1},{"not_picked":["Prepared","Blade Dance"],"picked":"Footwork","floor":4},{"not_picked":["Outmaneuver","Backstab"],"picked":"Caltrops","floor":7},{"not_picked":["Quick Slash","Tactician"],"picked":"Burst","floor":10},{"not_picked":["Calculated Gamble","Bane"],"picked":"Crippling Poison","floor":11},{"not_picked":["PiercingWail","Deflect"],"picked":"Bane","floor":12},{"not_picked":["Caltrops","Dodge and Roll"],"picked":"Deadly Poison","floor":14},{"not_picked":["Die Die Die","Venomology"],"picked":"After Image","floor":16},{"not_picked":["Dodge and Roll","Footwork+1"],"picked":"Deadly Poison+1","floor":18},{"not_picked":["Prepared+1","Expertise+1"],"picked":"Bane","floor":21},{"not_picked":["Escape Plan","Burst"],"picked":"Well Laid Plans","floor":24},{"not_picked":["Blade Dance+1","Quick Slash"],"picked":"Well Laid Plans","floor":25},{"not_picked":["Blade Dance","Outmaneuver","Deadly Poison"],"picked":"SKIP","floor":31},{"not_picked":["Venomology","Phantasmal Killer"],"picked":"Envenom","floor":33},{"not_picked":["Prepared","Outmaneuver+1","Reflex"],"picked":"SKIP","floor":35},{"not_picked":["Leg Sweep","Underhanded Strike+1"],"picked":"Noxious Fumes","floor":37}],"player_experience":415231,"relics_obtained":[{"floor":9,"key":"Kunai"},{"floor":20,"key":"War Paint"},{"floor":25,"key":"Bag of Marbles"},{"floor":26,"key":"Paper Crane"},{"floor":29,"key":"Nilry\u0027s Codex"}],"event_choices":[{"damage_healed":0,"gold_gain":175,"player_choice":"AGREE","damage_taken":0,"max_hp_gain":0,"max_hp_loss":0,"event_name":"Liars Game","floor":2,"gold_loss":0,"cards_obtained":["Doubt"]},{"damage_healed":0,"gold_gain":0,"player_choice":"Forge","damage_taken":0,"max_hp_gain":0,"max_hp_loss":0,"event_name":"Accursed Blacksmith","floor":5,"gold_loss":0,"cards_upgraded":["Bullet Time"]},{"damage_healed":0,"gold_gain":0,"player_choice":"Bet on Owner","damage_taken":0,"max_hp_gain":0,"max_hp_loss":0,"event_name":"The Joust","floor":22,"gold_loss":50},{"damage_healed":0,"gold_gain":0,"player_choice":"Stole Relic","damage_taken":0,"relics_obtained":["Dead Branch"],"max_hp_gain":0,"max_hp_loss":0,"event_name":"Addict","floor":28,"gold_loss":0,"cards_obtained":["Shame"]},{"damage_healed":0,"gold_gain":0,"player_choice":"Obtained Book","damage_taken":16,"max_hp_gain":0,"max_hp_loss":0,"event_name":"Cursed Tome","floor":29,"gold_loss":0},{"damage_healed":0,"gold_gain":0,"cards_transformed":["Strike_G"],"player_choice":"Transformed","damage_taken":0,"max_hp_gain":0,"max_hp_loss":0,"event_name":"Transmorgrifier","floor":36,"gold_loss":0,"cards_obtained":["Calculated Gamble"]},{"cards_removed":["Bane"],"damage_healed":0,"gold_gain":0,"player_choice":"Removed Attack","damage_taken":0,"max_hp_gain":0,"max_hp_loss":0,"event_name":"Falling","floor":38,"gold_loss":0}],"is_beta":false,"boss_relics":[{"not_picked":["Sozu","Eternal Feather"],"picked":"WristBlade"},{"not_picked":["Philosopher\u0027s Stone","Velvet Choker"],"picked":"Fusion Hammer"}],"items_purged_floors":[3,39],"is_endless":false,"potions_floor_spawned":[4,7,16,18,24,25,35],"killed_by":"Reptomancer","ascension_level":2}