{"gold_per_floor":[110,35,310,23,33,33,33,68,122,122,141,141,158,191,191,268,268,288,302,126,157,157,157,182,196,222,222,232,258,270,270,270,346,346,362,388,388,100,100,100,114,449,473,483,495,520,535,635,635,635,635,635,635,119,150,150],"floor_reached":57,"playtime":3860,"items_purged":["Regret","Strike_G","Defend_G","Deadly Poison"],"score":3416,"play_id":"c6ca055d-eb20-4fdd-b127-d02596e73483","local_time":"20190809155311","is_ascension_mode":true,"campfire_choices":[{"data":"Apotheosis","floor":7.0,"key":"SMITH"},{"floor":12.0,"key":"RECALL"},{"data":"Adrenaline","floor":15.0,"key":"SMITH"},{"data":"Acrobatics","floor":23.0,"key":"SMITH"},{"data":"Well Laid Plans","floor":32.0,"key":"SMITH"},{"data":"Calculated Gamble","floor":40.0,"key":"SMITH"},{"data":"Acrobatics","floor":49.0,"key":"SMITH"},{"data":"Tactician","floor":53.0,"key":"SMITH"}],"neow_cost":"NONE","seed_source_timestamp":6710166872794,"circlet_count":0,"master_deck":["AscendersBane","Defend_G","Defend_G","Defend_G","Defend_G","Survivor","Neutralize","Apotheosis+1","Backflip","Acrobatics+1","Adrenaline+1","Calculated Gamble+1","Catalyst","Catalyst","PiercingWail","Cloak And Dagger","Tactician+1","Well Laid Plans+1","Adrenaline+1","Corpse Explosion","Acrobatics+1","Grand Finale","Secret Technique"],"special_seed":0,"relics":["Ring of the Snake","NeowsBlessing","Centennial Puzzle","Tiny Chest","Ornamental Fan","Orrery","Red Mask","Incense Burner","Nilry\u0027s Codex","Meat on the Bone","Empty Cage","Oddly Smooth Stone","Potion Belt","Old Coin","Snake Skull","Omamori","Tough Bandages","Bag of Preparation"],"potions_floor_usage":[56,56,56],"damage_taken":[{"damage":0.0,"enemies":"Jaw Worm","floor":1.0,"turns":1.0},{"damage":0.0,"enemies":"2 Louse","floor":5.0,"turns":1.0},{"damage":0.0,"enemies":"3 Sentries","floor":8.0,"turns":2.0},{"damage":0.0,"enemies":"Cultist","floor":11.0,"turns":3.0},{"damage":0.0,"enemies":"3 Louse","floor":13.0,"turns":4.0},{"damage":7.0,"enemies":"Lagavulin","floor":14.0,"turns":6.0},{"damage":11.0,"enemies":"The Guardian","floor":16.0,"turns":12.0},{"damage":4.0,"enemies":"3 Byrds","floor":18.0,"turns":9.0},{"damage":0.0,"enemies":"Chosen","floor":19.0,"turns":3.0},{"damage":8.0,"enemies":"Masked Bandits","floor":21.0,"turns":6.0},{"damage":0.0,"enemies":"Gremlin Leader","floor":24.0,"turns":5.0},{"damage":9.0,"enemies":"3 Cultists","floor":25.0,"turns":5.0},{"damage":0.0,"enemies":"Chosen and Byrds","floor":28.0,"turns":6.0},{"damage":0.0,"enemies":"Book of Stabbing","floor":29.0,"turns":5.0},{"damage":0.0,"enemies":"Snake Plant","floor":30.0,"turns":8.0},{"damage":0.0,"enemies":"Automaton","floor":33.0,"turns":7.0},{"damage":2.0,"enemies":"3 Shapes","floor":35.0,"turns":2.0},{"damage":0.0,"enemies":"3 Darklings","floor":41.0,"turns":2.0},{"damage":0.0,"enemies":"Nemesis","floor":42.0,"turns":3.0},{"damage":7.0,"enemies":"4 Shapes","floor":44.0,"turns":2.0},{"damage":0.0,"enemies":"Maw","floor":45.0,"turns":6.0},{"damage":0.0,"enemies":"Giant Head","floor":46.0,"turns":5.0},{"damage":0.0,"enemies":"Transient","floor":47.0,"turns":6.0},{"damage":0.0,"enemies":"Mind Bloom Boss Battle","floor":48.0,"turns":7.0},{"damage":0.0,"enemies":"Awakened One","floor":50.0,"turns":10.0},{"damage":0.0,"enemies":"Donu and Deca","floor":51.0,"turns":7.0},{"damage":0.0,"enemies":"Shield and Spear","floor":55.0,"turns":2.0},{"damage":0,"enemies":"The Heart","floor":56,"turns":8}],"seed_played":"-4688298684863097683","potions_obtained":[{"floor":5.0,"key":"SpeedPotion"},{"floor":8.0,"key":"FearPotion"},{"floor":14.0,"key":"Swift Potion"},{"floor":21.0,"key":"Poison Potion"},{"floor":28.0,"key":"Ancient Potion"},{"floor":41.0,"key":"Fire Potion"},{"floor":44.0,"key":"SteroidPotion"},{"floor":46.0,"key":"EssenceOfSteel"},{"floor":47.0,"key":"AttackPotion"},{"floor":55.0,"key":"FairyPotion"}],"is_trial":false,"path_per_floor":["M","?","?","$","M","?","R","E","T","?","M","R","M","E","R","B",null,"M","M","$","?","?","R","E","M","T","?","M","E","M","?","R","B",null,"M","T","?","$","?","R","M","E","T","M","M","E","M","?","R","B","B",null,"R","$","E","B",null],"character_chosen":"THE_SILENT","items_purchased":["Apotheosis","Well Laid Plans","Potion Belt","Block Potion","SpeedPotion","Secret Technique","Strength Potion"],"campfire_rested":0,"item_purchase_floors":[4,20,38,54,54,54,54],"current_hp_per_floor":[59,59,59,59,59,64,64,64,64,64,64,64,64,57,57,46,65,61,61,61,53,53,53,53,44,44,23,23,23,35,35,35,47,65,63,63,63,63,63,63,63,63,63,56,56,56,56,56,56,56,56,64,64,64,64,64],"gold":150,"neow_bonus":"THREE_ENEMY_KILL","is_prod":false,"is_daily":false,"chose_seed":false,"campfire_upgraded":7,"win_rate":0,"timestamp":1565337191,"path_taken":["M","?","?","$","?","?","R","E","T","?","?","R","M","E","R","BOSS","M","M","$","?","?","R","E","M","T","?","?","E","M","?","R","BOSS","M","?","?","$","?","R","M","E","T","M","M","E","M","?","R","BOSS","BOSS","R","$","E","BOSS"],"build_version":"2019-07-17","purchased_purges":4,"victory":true,"max_hp_per_floor":[66,66,66,66,66,71,71,71,71,71,71,71,71,71,71,71,71,71,71,71,71,71,71,71,71,71,71,71,71,71,71,71,71,71,71,71,71,71,67,67,67,67,67,67,67,67,67,67,67,67,67,67,67,67,67,67],"card_choices":[{"not_picked":["Sucker Punch","Expertise"],"picked":"Deadly Poison","floor":1.0},{"not_picked":["Bane","Dodge and Roll"],"picked":"Backflip","floor":5.0},{"not_picked":["Deadly Poison","Outmaneuver"],"picked":"Acrobatics","floor":8.0},{"not_picked":["Dodge and Roll","Acrobatics"],"picked":"Calculated Gamble","floor":11.0},{"not_picked":["Underhanded Strike","Acrobatics","Infinite Blades"],"picked":"SKIP","floor":13.0},{"not_picked":["Deflect","Dagger Spray","Wraith Form v2"],"picked":"SKIP","floor":14.0},{"not_picked":["Caltrops","Acrobatics"],"picked":"Catalyst","floor":17.0},{"not_picked":["Poisoned Stab","Setup"],"picked":"Catalyst","floor":17.0},{"not_picked":["Dagger Spray","Backflip"],"picked":"PiercingWail","floor":17.0},{"not_picked":["Flying Knee","Dagger Spray"],"picked":"Cloak And Dagger","floor":17.0},{"not_picked":["Deadly Poison+1","Outmaneuver"],"picked":"Tactician","floor":18.0},{"not_picked":["Flechettes","Cloak And Dagger"],"picked":"Footwork","floor":19.0},{"not_picked":["PiercingWail","Sucker Punch","Dagger Spray"],"picked":"SKIP","floor":24.0},{"not_picked":["Dagger Throw","Dagger Spray","Prepared"],"picked":"SKIP","floor":25.0},{"not_picked":["Unload","Dagger Throw","PiercingWail+1"],"picked":"SKIP","floor":28.0},{"not_picked":["Dagger Throw+1","Backstab","Outmaneuver"],"picked":"SKIP","floor":29.0},{"not_picked":["Footwork","PiercingWail","Flying Knee"],"picked":"SKIP","floor":30.0},{"not_picked":["Storm of Steel","Phantasmal Killer"],"picked":"Corpse Explosion","floor":33.0},{"not_picked":["Deflect","Underhanded Strike"],"picked":"Acrobatics","floor":35.0},{"not_picked":["Footwork","PiercingWail","Doppelganger"],"picked":"SKIP","floor":41.0},{"not_picked":["Slice","Blade Dance"],"picked":"Grand Finale","floor":42.0},{"not_picked":["Prepared","Well Laid Plans","Cloak And Dagger+1"],"picked":"SKIP","floor":44.0},{"not_picked":["Outmaneuver","Noxious Fumes","Tactician+1"],"picked":"SKIP","floor":45.0},{"not_picked":["Glass Knife","Dagger Spray","Distraction"],"picked":"SKIP","floor":46.0},{"not_picked":["Skewer","PiercingWail","Prepared"],"picked":"SKIP","floor":47.0},{"not_picked":["Bane+1","Blur","Outmaneuver+1"],"picked":"SKIP","floor":55.0}],"player_experience":1164950,"relics_obtained":[{"floor":8.0,"key":"Centennial Puzzle"},{"floor":9.0,"key":"Tiny Chest"},{"floor":14.0,"key":"Ornamental Fan"},{"floor":21.0,"key":"Red Mask"},{"floor":24.0,"key":"Incense Burner"},{"floor":27.0,"key":"Nilry\u0027s Codex"},{"floor":29.0,"key":"Meat on the Bone"},{"floor":36.0,"key":"Oddly Smooth Stone"},{"floor":42.0,"key":"Old Coin"},{"floor":43.0,"key":"Snake Skull"},{"floor":46.0,"key":"Omamori"},{"floor":48.0,"key":"Tough Bandages"},{"floor":55.0,"key":"Bag of Preparation"}],"event_choices":[{"cards_removed":["Strike_G"],"damage_healed":0.0,"max_hp_gain":0.0,"max_hp_loss":0.0,"gold_gain":0.0,"event_name":"The Cleric","player_choice":"Card Removal","floor":2.0,"gold_loss":75.0,"damage_taken":0.0},{"damage_healed":0.0,"max_hp_gain":0.0,"max_hp_loss":0.0,"gold_gain":275.0,"event_name":"Golden Shrine","player_choice":"Desecrate","floor":3.0,"gold_loss":0.0,"damage_taken":0.0,"cards_obtained":["Regret"]},{"damage_healed":0.0,"max_hp_gain":5.0,"max_hp_loss":0.0,"gold_gain":0.0,"event_name":"Big Fish","player_choice":"Donut","floor":6.0,"gold_loss":0.0,"damage_taken":0.0},{"damage_healed":0.0,"max_hp_gain":0.0,"max_hp_loss":0.0,"gold_gain":0.0,"cards_transformed":["Strike_G"],"event_name":"Transmorgrifier","player_choice":"Transformed","floor":10.0,"gold_loss":0.0,"damage_taken":0.0,"cards_obtained":["Adrenaline"]},{"damage_healed":0.0,"max_hp_gain":0.0,"max_hp_loss":0.0,"gold_gain":0.0,"event_name":"Masked Bandits","player_choice":"Fought Bandits","floor":21.0,"gold_loss":0.0,"damage_taken":0.0},{"damage_healed":0.0,"max_hp_gain":0.0,"max_hp_loss":0.0,"gold_gain":0.0,"event_name":"Vampires","player_choice":"Ignored","floor":22.0,"gold_loss":0.0,"damage_taken":0.0},{"damage_healed":0.0,"max_hp_gain":0.0,"max_hp_loss":0.0,"gold_gain":0.0,"event_name":"Cursed Tome","player_choice":"Obtained Book","floor":27.0,"gold_loss":0.0,"damage_taken":21.0},{"damage_healed":0.0,"max_hp_gain":0.0,"max_hp_loss":0.0,"gold_gain":0.0,"event_name":"Duplicator","player_choice":"Copied","floor":31.0,"gold_loss":0.0,"damage_taken":0.0,"cards_obtained":["Adrenaline"]},{"cards_removed":["Footwork"],"damage_healed":0.0,"max_hp_gain":0.0,"max_hp_loss":0.0,"gold_gain":0.0,"event_name":"Falling","player_choice":"Removed Power","floor":37.0,"gold_loss":0.0,"damage_taken":0.0},{"damage_healed":0.0,"max_hp_gain":0.0,"max_hp_loss":4.0,"gold_gain":0.0,"event_name":"Winding Halls","player_choice":"Max HP","floor":39.0,"gold_loss":0.0,"damage_taken":0.0},{"damage_healed":0.0,"max_hp_gain":0.0,"max_hp_loss":0.0,"gold_gain":0.0,"event_name":"MindBloom","player_choice":"Fight","floor":48.0,"gold_loss":0.0,"damage_taken":0.0}],"is_beta":false,"boss_relics":[{"not_picked":["Busted Crown","Philosopher\u0027s Stone"],"picked":"Orrery"},{"not_picked":["WristBlade","Cursed Key"],"picked":"Empty Cage"}],"items_purged_floors":[4,20,38,54],"is_endless":false,"potions_floor_spawned":[5,8,14,16,21,28,30,41,44,46,47,55],"ascension_level":20}