{"gold_per_floor":[119,294,313,325,325,325,325,352,352,352,372,390,400,31,31,133,133,146,96,96,56,71,71,85,85,139,139,159,173,173],"floor_reached":30,"playtime":1941,"items_purged":["Doubt"],"score":278,"play_id":"7d58c5b0-f52f-4109-9aed-3b6fb0ac29ad","local_time":"20190801220522","is_ascension_mode":true,"campfire_choices":[{"data":"Survivor","floor":7,"key":"SMITH"},{"floor":10,"key":"REST"},{"floor":15,"key":"REST"},{"floor":23,"key":"REST"},{"floor":25,"key":"REST"},{"data":"Outmaneuver","floor":27,"key":"SMITH"}],"neow_cost":"NONE","seed_source_timestamp":429388629070800,"circlet_count":0,"master_deck":["Strike_G+1","Strike_G","Strike_G","Strike_G","Strike_G","Defend_G","Defend_G","Defend_G","Defend_G","Defend_G","Survivor+1","Neutralize+1","Sucker Punch+1","Dagger Throw","Prepared+1","Flying Knee","Outmaneuver+1","Dagger Throw","Acrobatics","Quick Slash","Underhanded Strike","Bane","Poisoned Stab"],"special_seed":0,"relics":["Ring of the Snake","Blue Candle","Ginger","Pantograph","Busted Crown","Nilry\u0027s Codex","Strawberry"],"potions_floor_usage":[22,28],"damage_taken":[{"damage":4.0,"enemies":"Small Slimes","floor":1.0,"turns":5.0},{"damage":3,"enemies":"2 Louse","floor":3,"turns":4},{"damage":9,"enemies":"Jaw Worm","floor":4,"turns":6},{"damage":40,"enemies":"Gremlin Nob","floor":8,"turns":7},{"damage":1,"enemies":"Blue Slaver","floor":11,"turns":3},{"damage":12,"enemies":"Exordium Wildlife","floor":12,"turns":4},{"damage":12,"enemies":"Lots of Slimes","floor":13,"turns":5},{"damage":32,"enemies":"The Guardian","floor":16,"turns":16},{"damage":19,"enemies":"Spheric Guardian","floor":18,"turns":4},{"damage":5,"enemies":"3 Byrds","floor":22,"turns":3},{"damage":42,"enemies":"Snake Plant","floor":24,"turns":5},{"damage":27,"enemies":"Shelled Parasite and Fungi","floor":28,"turns":6},{"damage":16,"enemies":"Cultist and Chosen","floor":29,"turns":6},{"damage":0,"enemies":"Snecko","floor":30,"turns":3}],"seed_played":"6642114459605713614","potions_obtained":[{"floor":12,"key":"FairyPotion"},{"floor":13,"key":"Dexterity Potion"},{"floor":16,"key":"Explosive Potion"},{"floor":22,"key":"Ancient Potion"},{"floor":28,"key":"EntropicBrew"}],"is_trial":false,"path_per_floor":["M","?","M","M","?","?","R","E","T","R","M","M","M","$","R","B",null,"M","$","?","?","M","R","M","R","T","R","M","M","M"],"character_chosen":"THE_SILENT","items_purchased":["Pantograph","Quick Slash","Bane"],"campfire_rested":4,"item_purchase_floors":[14,14,19],"current_hp_per_floor":[73,73,70,61,46,46,46,6,6,29,28,16,4,4,27,20,77,58,58,42,42,37,60,18,41,48,48,21,5,5],"gold":173,"neow_bonus":"TEN_PERCENT_HP_BONUS","is_prod":false,"is_daily":false,"chose_seed":false,"campfire_upgraded":2,"win_rate":0,"timestamp":1564722322,"path_taken":["M","?","M","M","?","?","R","E","T","R","M","M","M","?","R","BOSS","M","$","?","?","?","R","M","R","T","R","M","M","M"],"build_version":"2019-07-17","purchased_purges":1,"victory":false,"max_hp_per_floor":[77,77,77,77,77,77,77,77,77,77,77,77,77,77,77,77,77,77,77,77,77,77,77,77,77,84,84,84,84,84],"card_choices":[{"not_picked":["Dagger Throw","Dagger Spray"],"picked":"Sucker Punch","floor":1.0},{"not_picked":["Backflip","Setup"],"picked":"Dagger Throw","floor":3},{"not_picked":["Catalyst","Bane"],"picked":"Prepared","floor":4},{"not_picked":["Dagger Spray","PiercingWail"],"picked":"Flying Knee","floor":8},{"not_picked":["Endless Agony","Infinite Blades"],"picked":"Outmaneuver","floor":11},{"not_picked":["Noxious Fumes","Masterful Stab"],"picked":"Dagger Throw","floor":12},{"not_picked":["Crippling Poison","Bouncing Flask"],"picked":"Acrobatics","floor":13},{"not_picked":[],"picked":"Underhanded Strike","floor":18},{"not_picked":[],"picked":"Poisoned Stab","floor":22},{"not_picked":["Finisher"],"picked":"SKIP","floor":24},{"not_picked":["Finisher"],"picked":"SKIP","floor":28},{"not_picked":["Heel Hook+1"],"picked":"SKIP","floor":29}],"player_experience":840760,"relics_obtained":[{"floor":8,"key":"Blue Candle"},{"floor":9,"key":"Ginger"},{"floor":20,"key":"Nilry\u0027s Codex"},{"floor":26,"key":"Strawberry"}],"event_choices":[{"damage_healed":0,"gold_gain":175,"player_choice":"AGREE","damage_taken":0,"max_hp_gain":0,"max_hp_loss":0,"event_name":"Liars Game","floor":2,"gold_loss":0,"cards_obtained":["Doubt"]},{"damage_healed":0,"gold_gain":0,"player_choice":"Entered Light","damage_taken":15,"max_hp_gain":0,"max_hp_loss":0,"event_name":"Shining Light","floor":5,"gold_loss":0,"cards_upgraded":["Strike_G","Sucker Punch"]},{"damage_healed":0,"gold_gain":0,"player_choice":"Grow","damage_taken":0,"max_hp_gain":0,"max_hp_loss":0,"event_name":"Living Wall","floor":6,"gold_loss":0,"cards_upgraded":["Neutralize"]},{"damage_healed":0,"gold_gain":0,"player_choice":"Obtained Book","damage_taken":16,"max_hp_gain":0,"max_hp_loss":0,"event_name":"Cursed Tome","floor":20,"gold_loss":0},{"damage_healed":0,"gold_gain":0,"player_choice":"Upgrade","damage_taken":0,"max_hp_gain":0,"max_hp_loss":0,"event_name":"Designer","floor":21,"gold_loss":40,"cards_upgraded":["Prepared"]}],"is_beta":false,"boss_relics":[{"not_picked":["HoveringKite","Calling Bell"],"picked":"Busted Crown"}],"items_purged_floors":[14],"is_endless":false,"potions_floor_spawned":[12,13,16,22,28,29],"killed_by":"Snecko","ascension_level":4}