{"gold_per_floor":[119,119,119,5,16,16,16,16,16,16,32,32,56,75,75,176,226,238,255,255,255,274,305,305,336,361,380,380,193,193,222,222,321,321,335,78,78,97,97,97],"floor_reached":40,"playtime":3412,"items_purged":["Strike_G","Wraith Form v2+1"],"score":554,"play_id":"68f8f193-7e13-43c8-875b-657eb1c8587b","local_time":"20190808180723","is_ascension_mode":true,"campfire_choices":[{"floor":6,"key":"RECALL"},{"data":"Infinite Blades","floor":10,"key":"SMITH"},{"data":"Neutralize","floor":15,"key":"SMITH"},{"floor":24,"key":"REST"},{"floor":28,"key":"REST"},{"floor":30,"key":"REST"},{"floor":32,"key":"REST"}],"neow_cost":"NONE","seed_source_timestamp":232037158071046,"circlet_count":0,"master_deck":["Defend_G+1","Defend_G","Defend_G+1","Defend_G","Survivor","Neutralize+1","Backflip","Slice","After Image+1","Footwork","Slice","Infinite Blades+1","Expertise","Escape Plan+1","Venomology","Slice","Deflect","Heel Hook","Deflect","Escape Plan","Backflip+1","Poisoned Stab","Blur","Catalyst","Well Laid Plans","Corpse Explosion","Adrenaline","Flechettes+1","Backflip+1","Crippling Poison+1","Poisoned Stab","Choke","Footwork","Envenom","Slice+1","Madness","Madness"],"relics":["Orrery","Shuriken","Tiny House","Happy Flower","Red Mask","Snake Skull","War Paint","Astrolabe"],"potions_floor_usage":[14,16,19,22,22,22,23,23,23,23,25,25,25,27,31,31],"damage_taken":[{"damage":0,"enemies":"Small Slimes","floor":1,"turns":5},{"damage":2,"enemies":"Jaw Worm","floor":5,"turns":4},{"damage":0,"enemies":"Cultist","floor":11,"turns":3},{"damage":17,"enemies":"Exordium Wildlife","floor":14,"turns":5},{"damage":1,"enemies":"The Guardian","floor":16,"turns":11},{"damage":8,"enemies":"3 Byrds","floor":18,"turns":6},{"damage":5,"enemies":"Spheric Guardian","floor":19,"turns":5},{"damage":18,"enemies":"Snecko","floor":22,"turns":9},{"damage":0,"enemies":"Book of Stabbing","floor":23,"turns":6},{"damage":33,"enemies":"Masked Bandits","floor":25,"turns":7},{"damage":25,"enemies":"3 Cultists","floor":27,"turns":8},{"damage":35,"enemies":"Slavers","floor":31,"turns":10},{"damage":9,"enemies":"Collector","floor":33,"turns":13},{"damage":5,"enemies":"3 Shapes","floor":35,"turns":2},{"damage":3,"enemies":"Orb Walker","floor":38,"turns":5},{"damage":87,"enemies":"2 Orb Walkers","floor":40,"turns":6}],"seed_played":"282673040490275519","potions_obtained":[{"floor":5,"key":"Regen Potion"},{"floor":14,"key":"EssenceOfSteel"},{"floor":16,"key":"Poison Potion"},{"floor":17,"key":"EntropicBrew"},{"floor":18,"key":"LiquidBronze"},{"floor":22,"key":"EntropicBrew"},{"floor":23,"key":"Weak Potion"},{"floor":27,"key":"Fire Potion"},{"floor":35,"key":"LiquidBronze"}],"is_trial":false,"path_per_floor":["M","?","?","$","M","R","?","?","T","R","M","$","T","M","R","B",null,"M","M","?","?","M","E","R","?","T","M","R","$","R","E","R","B",null,"M","$","?","M","?","?"],"character_chosen":"THE_SILENT","items_purchased":["Infinite Blades","Blur","Catalyst","Well Laid Plans","Poisoned Stab","Choke","Footwork"],"campfire_rested":4,"item_purchase_floors":[4,29,29,29,36,36,36],"current_hp_per_floor":[70,70,63,63,61,61,47,70,70,70,70,70,70,65,65,64,75,67,62,62,62,44,44,66,33,33,8,30,30,52,17,39,30,75,70,70,70,67,58,0],"gold":97,"neow_bonus":"BOSS_RELIC","is_prod":false,"is_daily":false,"chose_seed":false,"campfire_upgraded":2,"win_rate":0,"timestamp":1565302043,"path_taken":["M","?","?","$","?","R","?","?","T","R","?","?","?","?","R","BOSS","M","M","?","?","M","E","R","?","T","M","R","?","R","E","R","BOSS","M","$","?","?","?","?"],"build_version":"2019-07-17","purchased_purges":2,"victory":false,"max_hp_per_floor":[70,70,70,70,70,70,70,70,70,70,70,70,70,70,70,70,75,75,75,75,75,75,75,75,75,75,75,75,75,75,75,75,75,75,75,75,75,75,75,75],"card_choices":[{"not_picked":["Blade Dance","All Out Attack"],"picked":"Backflip","floor":0},{"not_picked":["Prepared","Riddle With Holes"],"picked":"Slice","floor":0},{"not_picked":["Distraction","Underhanded Strike"],"picked":"After Image","floor":0},{"not_picked":["Sucker Punch","Deadly Poison"],"picked":"Footwork","floor":0},{"not_picked":["Prepared","Skewer"],"picked":"Slice","floor":1},{"not_picked":["Masterful Stab","Tools of the Trade"],"picked":"Expertise","floor":5},{"not_picked":["Crippling Poison","Dagger Spray"],"picked":"Escape Plan","floor":11},{"not_picked":["Cloak And Dagger","Endless Agony","Poisoned Stab"],"picked":"SKIP","floor":14},{"not_picked":["Burst","Storm of Steel"],"picked":"Venomology","floor":16},{"not_picked":["Dagger Throw","Tactician"],"picked":"Slice","floor":17},{"not_picked":["Dagger Throw","PiercingWail+1"],"picked":"Deflect","floor":18},{"not_picked":["Quick Slash","Outmaneuver+1"],"picked":"Heel Hook","floor":19},{"not_picked":["Prepared","Die Die Die"],"picked":"Deflect","floor":22},{"not_picked":["PiercingWail","Flying Knee+1"],"picked":"Escape Plan","floor":23},{"not_picked":["Dash","Sucker Punch"],"picked":"Backflip","floor":25},{"not_picked":["Flying Knee","Backflip"],"picked":"Poisoned Stab","floor":27},{"not_picked":["Accuracy","Choke"],"picked":"Corpse Explosion","floor":31},{"not_picked":["Phantasmal Killer","Wraith Form v2"],"picked":"Adrenaline","floor":33},{"not_picked":["Blade Dance+1","Eviscerate"],"picked":"Crippling Poison+1","floor":35},{"not_picked":["All Out Attack","Predator+1"],"picked":"Slice+1","floor":38}],"player_experience":98747,"relics_obtained":[{"floor":9,"key":"Shuriken"},{"floor":23,"key":"Happy Flower"},{"floor":25,"key":"Red Mask"},{"floor":26,"key":"Snake Skull"},{"floor":31,"key":"War Paint"}],"event_choices":[{"damage_healed":0,"gold_gain":0,"player_choice":"Ignored","damage_taken":0,"max_hp_gain":0,"max_hp_loss":0,"event_name":"Liars Game","floor":2,"gold_loss":0},{"cards_removed":["Strike_G"],"damage_healed":0,"gold_gain":0,"player_choice":"Card Removal","damage_taken":7,"max_hp_gain":0,"max_hp_loss":0,"event_name":"Golden Wing","floor":3,"gold_loss":0},{"damage_healed":0,"gold_gain":0,"player_choice":"Entered Light","damage_taken":14,"max_hp_gain":0,"max_hp_loss":0,"event_name":"Shining Light","floor":7,"gold_loss":0,"cards_upgraded":["After Image","Defend_G"]},{"damage_healed":23,"gold_gain":0,"player_choice":"Banana","damage_taken":0,"max_hp_gain":0,"max_hp_loss":0,"event_name":"Big Fish","floor":8,"gold_loss":0},{"damage_healed":0,"gold_gain":0,"player_choice":"Ignored","damage_taken":0,"max_hp_gain":0,"max_hp_loss":0,"event_name":"Vampires","floor":20,"gold_loss":0},{"damage_healed":0,"gold_gain":0,"player_choice":"Ignored","damage_taken":0,"max_hp_gain":0,"max_hp_loss":0,"event_name":"Ghosts","floor":21,"gold_loss":0},{"damage_healed":0,"gold_gain":0,"player_choice":"Fought Bandits","damage_taken":0,"max_hp_gain":0,"max_hp_loss":0,"event_name":"Masked Bandits","floor":25,"gold_loss":0},{"damage_healed":0,"gold_gain":0,"cards_transformed":["Strike_G"],"player_choice":"Transformed","damage_taken":0,"max_hp_gain":0,"max_hp_loss":0,"event_name":"Transmorgrifier","floor":37,"gold_loss":0,"cards_obtained":["Envenom"]},{"damage_healed":0,"gold_gain":0,"player_choice":"Embrace Madness","damage_taken":9,"max_hp_gain":0,"max_hp_loss":0,"event_name":"Winding Halls","floor":39,"gold_loss":0,"cards_obtained":["Madness","Madness"]},{"damage_healed":0,"gold_gain":0,"player_choice":"Fight","damage_taken":0,"max_hp_gain":0,"max_hp_loss":0,"event_name":"Mysterious Sphere","floor":40,"gold_loss":0}],"is_beta":false,"boss_relics":[{"not_picked":["Calling Bell","Velvet Choker"],"picked":"Tiny House"},{"not_picked":["Empty Cage","Snecko Eye"],"picked":"Astrolabe"}],"items_purged_floors":[4,36],"is_endless":false,"potions_floor_spawned":[5,14,16,18,22,23,27,35],"killed_by":"2 Orb Walkers","ascension_level":2}