{"gold_per_floor":[213,213,226,6,18,52,71,101,101,101,115,115,127,137,137,233,233,245,255,5,23,23,48,48,79,79,57,57,0,0,12,12,12],"floor_reached":33,"playtime":1840,"items_purged":["Strike_R"],"score":312,"play_id":"892cd3bc-f464-4906-92ba-84d659f64b18","local_time":"20181217122341","is_ascension_mode":true,"campfire_choices":[{"floor":12,"key":"REST"},{"floor":15,"key":"REST"},{"floor":24,"key":"REST"},{"floor":32,"key":"REST"}],"neow_cost":"NONE","seed_source_timestamp":1868060648002639,"circlet_count":0,"master_deck":["Strike_R","Strike_R","Defend_R","Defend_R","Defend_R","Defend_R","Bash","Rampage","Wild Strike","Inflame","Clothesline","Juggernaut","Cleave","Seeing Red","Second Wind","Body Slam","Flame Barrier","Bludgeon","Feel No Pain","Headbutt","Reaper","True Grit"],"relics":["Burning Blood","Bronze Scales","Peace Pipe","Juzu Bracelet","Lantern","Paper Frog","Busted Crown","Ornamental Fan","Anchor","PreservedInsect"],"potions_floor_usage":[11,16,16,16,18,21,23,25],"damage_taken":[{"damage":5,"enemies":"Cultist","floor":1,"turns":4},{"damage":8,"enemies":"Jaw Worm","floor":3,"turns":3},{"damage":8,"enemies":"2 Louse","floor":5,"turns":2},{"damage":35,"enemies":"3 Sentries","floor":6,"turns":6},{"damage":6,"enemies":"Blue Slaver","floor":7,"turns":4},{"damage":21,"enemies":"Lagavulin","floor":8,"turns":6},{"damage":0,"enemies":"Large Slime","floor":11,"turns":4},{"damage":13,"enemies":"2 Fungi Beasts","floor":13,"turns":3},{"damage":15,"enemies":"Red Slaver","floor":14,"turns":3},{"damage":29,"enemies":"Slime Boss","floor":16,"turns":13},{"damage":15,"enemies":"2 Thieves","floor":18,"turns":2},{"damage":6,"enemies":"Shell Parasite","floor":19,"turns":4},{"damage":17,"enemies":"Sentry and Sphere","floor":21,"turns":5},{"damage":31,"enemies":"Book of Stabbing","floor":23,"turns":5},{"damage":53,"enemies":"Gremlin Leader","floor":25,"turns":7},{"damage":7,"enemies":"Chosen and Byrds","floor":31,"turns":4},{"damage":101,"enemies":"Collector","floor":33,"turns":6}],"seed_played":"6684015337855983851","potions_obtained":[{"floor":5,"key":"GamblersBrew"},{"floor":6,"key":"Weak Potion"},{"floor":8,"key":"AttackPotion"},{"floor":14,"key":"Poison Potion"},{"floor":16,"key":"AttackPotion"},{"floor":18,"key":"PowerPotion"},{"floor":19,"key":"SteroidPotion"},{"floor":23,"key":"Strength Potion"}],"is_trial":false,"path_per_floor":["M","?","M","$","M","E","M","E","T","?","M","R","M","M","R","B",null,"M","M","$","M","?","E","R","E","T","$","?","?","?","M","R","B"],"character_chosen":"IRONCLAD","items_purchased":["Bronze Scales","Ornamental Fan","True Grit"],"campfire_rested":4,"item_purchase_floors":[4,20,27],"current_hp_per_floor":[80,80,78,78,76,47,47,32,32,25,31,55,48,39,63,40,80,71,71,71,60,45,20,45,16,16,16,16,16,44,50,75,0],"gold":12,"neow_bonus":"HUNDRED_GOLD","is_prod":false,"is_daily":false,"chose_seed":false,"campfire_upgraded":0,"win_rate":0,"timestamp":1545009821,"path_taken":["M","?","M","$","?","E","M","E","T","?","M","R","M","M","R","BOSS","M","M","$","M","?","E","R","E","T","$","?","?","?","M","R","BOSS"],"build_version":"2018-12-13","purchased_purges":1,"victory":false,"max_hp_per_floor":[80,80,80,80,80,80,80,80,80,80,80,80,80,80,80,80,80,80,80,80,80,85,85,85,85,85,85,85,85,85,85,85,85],"card_choices":[{"not_picked":["Sword Boomerang","Body Slam"],"picked":"Rampage","floor":1},{"not_picked":["Sword Boomerang","Iron Wave"],"picked":"Inflame","floor":3},{"not_picked":["Iron Wave","Clash"],"picked":"Clothesline","floor":5},{"not_picked":["Heavy Blade","Brutality"],"picked":"Juggernaut","floor":6},{"not_picked":["Clash","Wild Strike"],"picked":"Cleave","floor":7},{"not_picked":["Wild Strike","Flex"],"picked":"Seeing Red","floor":8},{"not_picked":["Twin Strike","Pommel Strike"],"picked":"Second Wind","floor":11},{"not_picked":["Shrug It Off","Twin Strike"],"picked":"Body Slam","floor":13},{"not_picked":["Searing Blow","Intimidate"],"picked":"Flame Barrier","floor":14},{"not_picked":["Reaper","Exhume"],"picked":"Bludgeon","floor":16},{"not_picked":[],"picked":"Feel No Pain","floor":18},{"not_picked":["Pummel"],"picked":"SKIP","floor":19},{"not_picked":[],"picked":"Headbutt","floor":21},{"not_picked":[],"picked":"Reaper","floor":23},{"not_picked":["Evolve"],"picked":"SKIP","floor":25},{"not_picked":["Feel No Pain"],"picked":"SKIP","floor":31}],"player_experience":264019,"relics_obtained":[{"floor":6,"key":"Peace Pipe"},{"floor":8,"key":"Juzu Bracelet"},{"floor":9,"key":"Lantern"},{"floor":23,"key":"Anchor"},{"floor":25,"key":"PreservedInsect"}],"event_choices":[{"damage_healed":0,"gold_gain":0,"cards_transformed":["Strike_R"],"player_choice":"Transformed","damage_taken":0,"max_hp_gain":0,"max_hp_loss":0,"event_name":"Transmorgrifier","floor":2,"gold_loss":0,"cards_obtained":["Wild Strike"]},{"damage_healed":0,"gold_gain":0,"player_choice":"Success","damage_taken":7,"relics_obtained":["Paper Frog"],"max_hp_gain":0,"max_hp_loss":0,"event_name":"Scrap Ooze","floor":10,"gold_loss":0},{"damage_healed":0,"gold_gain":0,"player_choice":"Shed Blood","damage_taken":20,"max_hp_gain":5,"max_hp_loss":0,"event_name":"Forgotten Altar","floor":22,"gold_loss":0},{"cards_removed":["Strike_R"],"damage_healed":0,"gold_gain":0,"player_choice":"Elegance","damage_taken":0,"max_hp_gain":0,"max_hp_loss":0,"event_name":"Back to Basics","floor":28,"gold_loss":0},{"damage_healed":0,"gold_gain":0,"player_choice":"Paid Fearfully","damage_taken":0,"max_hp_gain":0,"max_hp_loss":0,"event_name":"Masked Bandits","floor":29,"gold_loss":57},{"damage_healed":28,"gold_gain":0,"player_choice":"Heal","damage_taken":0,"max_hp_gain":0,"max_hp_loss":0,"event_name":"The Library","floor":30,"gold_loss":0}],"is_beta":false,"boss_relics":[{"not_picked":["Orrery","Mark of Pain"],"picked":"Busted Crown"}],"items_purged_floors":[4],"is_endless":false,"potions_floor_spawned":[5,6,8,14,16,18,19,23],"killed_by":"Collector","ascension_level":1}