{"gold_per_floor":[116,116,116,133,147,147,181,181,181,181,195,224,224,24,24,121,121,132,132,132,58,70,70,99,7,31,31,51,61,61,61,61,166,166,177,177,177,188,188,188,198,217,217,237,237,70,70,70],"floor_reached":48,"playtime":5514,"items_purged":["Shame"],"score":595,"play_id":"4e67bbc2-9599-4bf4-87ad-dc974ba008a4","local_time":"20190713225015","is_ascension_mode":true,"campfire_choices":[{"data":"Headbutt","floor":6,"key":"SMITH"},{"data":"Sever Soul","floor":8,"key":"SMITH"},{"data":"Bash","floor":10,"key":"SMITH"},{"data":"Feel No Pain","floor":13,"key":"SMITH"},{"data":"Dual Wield","floor":15,"key":"SMITH"},{"data":"Uppercut","floor":23,"key":"SMITH"},{"floor":30,"key":"REST"},{"floor":32,"key":"REST"},{"data":"Flame Barrier","floor":40,"key":"SMITH"},{"floor":45,"key":"REST"},{"data":"Reaper","floor":47,"key":"SMITH"}],"neow_cost":"NONE","seed_source_timestamp":2424106944369200,"circlet_count":0,"master_deck":["Strike_R","Strike_R","Strike_R","Strike_R","Defend_R","Defend_R","Defend_R+1","Defend_R","Bash+1","Dual Wield+1","Headbutt+1","Sever Soul+1","Feel No Pain+1","Disarm","Bludgeon","Uppercut+1","RitualDagger","Shrug It Off+1","Reckless Charge","Fire Breathing","Sentinel+1","Battle Trance","Shockwave+1","Barricade+1","Reaper+1","Flame Barrier+1","Sentinel+1","Metallicize"],"relics":["Burning Blood","Unceasing Top","Pen Nib","Pantograph","Singing Bowl","Membership Card","Snecko Eye","Blood Vial","Boot","War Paint","Cursed Key","NlothsMask","Pear"],"potions_floor_usage":[7,12,12,24,24,29,29,31,42,44,48],"damage_taken":[{"damage":8,"enemies":"Jaw Worm","floor":1,"turns":4},{"damage":7,"enemies":"Small Slimes","floor":4,"turns":3},{"damage":0,"enemies":"2 Louse","floor":5,"turns":2},{"damage":33,"enemies":"Lagavulin","floor":7,"turns":5},{"damage":15,"enemies":"2 Fungi Beasts","floor":11,"turns":3},{"damage":12,"enemies":"Gremlin Nob","floor":12,"turns":4},{"damage":25,"enemies":"Slime Boss","floor":16,"turns":12},{"damage":23,"enemies":"2 Thieves","floor":18,"turns":4},{"damage":0,"enemies":"Chosen","floor":22,"turns":1},{"damage":30,"enemies":"Book of Stabbing","floor":24,"turns":5},{"damage":3,"enemies":"Snecko","floor":28,"turns":5},{"damage":19,"enemies":"Centurion and Healer","floor":29,"turns":4},{"damage":23,"enemies":"Colosseum Slavers","floor":31,"turns":4},{"damage":52,"enemies":"Automaton","floor":33,"turns":10},{"damage":0,"enemies":"Orb Walker","floor":35,"turns":1},{"damage":0,"enemies":"3 Shapes","floor":38,"turns":1},{"damage":0,"enemies":"Sphere and 2 Shapes","floor":41,"turns":3},{"damage":38,"enemies":"Transient","floor":42,"turns":5},{"damage":15,"enemies":"Jaw Worm Horde","floor":44,"turns":5},{"damage":98,"enemies":"Reptomancer","floor":48,"turns":8}],"seed_played":"8031876319108827213","potions_obtained":[{"floor":0,"key":"EssenceOfSteel"},{"floor":4,"key":"GamblersBrew"},{"floor":7,"key":"Block Potion"},{"floor":16,"key":"SkillPotion"},{"floor":18,"key":"LiquidBronze"},{"floor":24,"key":"PowerPotion"},{"floor":28,"key":"Ancient Potion"},{"floor":29,"key":"GamblersBrew"},{"floor":35,"key":"SkillPotion"},{"floor":42,"key":"Weak Potion"},{"floor":44,"key":"AttackPotion"}],"is_trial":false,"path_per_floor":["M","?","?","M","M","R","E","R","T","R","M","E","R","$","R","B",null,"M","?","?","$","M","R","E","$","T","?","M","M","R","?","R","B",null,"M","?","?","M","?","R","M","M","T","M","R","$","R","E"],"character_chosen":"IRONCLAD","items_purchased":["Membership Card","Reckless Charge","Fire Breathing","Battle Trance","Boot","Pear"],"campfire_rested":3,"item_purchase_floors":[14,21,21,25,25,46],"current_hp_per_floor":[78,78,78,77,80,80,53,53,53,53,44,38,38,38,38,44,71,54,48,48,48,54,54,32,32,32,32,37,26,50,35,59,36,71,79,79,79,84,84,84,84,52,52,47,72,82,82,0],"gold":70,"neow_bonus":"THREE_SMALL_POTIONS","is_prod":false,"is_daily":false,"chose_seed":false,"campfire_upgraded":8,"win_rate":0,"timestamp":1563083415,"path_taken":["M","?","?","M","M","R","E","R","T","R","M","E","R","$","R","BOSS","M","?","?","$","M","R","E","$","T","?","M","M","R","?","R","BOSS","M","?","?","?","?","R","M","M","T","M","R","?","R","E"],"build_version":"2019-07-05","purchased_purges":1,"victory":false,"max_hp_per_floor":[80,80,80,80,80,80,80,80,80,80,80,80,80,80,80,80,80,80,80,80,80,80,80,82,82,82,82,82,82,82,82,82,82,82,82,82,82,84,84,84,84,84,84,86,86,96,96,96],"card_choices":[{"not_picked":["Anger","Sword Boomerang"],"picked":"Dual Wield","floor":1},{"not_picked":["Combust","Sword Boomerang"],"picked":"Headbutt","floor":4},{"not_picked":["Sword Boomerang","Pommel Strike"],"picked":"Sever Soul","floor":5},{"not_picked":["Dark Embrace","Dual Wield","Body Slam"],"picked":"SKIP","floor":7},{"not_picked":["Havoc","Second Wind"],"picked":"Feel No Pain","floor":11},{"not_picked":["Evolve","Havoc"],"picked":"Disarm","floor":12},{"not_picked":["Exhume","Double Tap"],"picked":"Bludgeon","floor":16},{"not_picked":["Power Through","Warcry"],"picked":"Uppercut","floor":18},{"not_picked":["Wild Strike","Pommel Strike+1"],"picked":"Sentinel+1","floor":22},{"not_picked":["Headbutt","Perfected Strike","Hemokinesis"],"picked":"Singing Bowl","floor":24},{"not_picked":["Warcry","Pommel Strike"],"picked":"Shockwave+1","floor":28},{"not_picked":["Warcry+1","Burning Pact"],"picked":"Barricade","floor":29},{"not_picked":["Barricade","Berserk"],"picked":"Reaper","floor":33},{"not_picked":["Havoc","Sword Boomerang+1"],"picked":"Flame Barrier","floor":35},{"not_picked":["Fire Breathing+1","Carnage+1","Clothesline"],"picked":"Singing Bowl","floor":38},{"not_picked":["Sever Soul","Iron Wave"],"picked":"Sentinel+1","floor":41},{"not_picked":["Hemokinesis+1","Headbutt"],"picked":"Metallicize","floor":42},{"not_picked":["Heavy Blade","Headbutt+1","Perfected Strike+1"],"picked":"Singing Bowl","floor":44}],"player_experience":655984,"relics_obtained":[{"floor":7,"key":"Pen Nib"},{"floor":9,"key":"Pantograph"},{"floor":12,"key":"Singing Bowl"},{"floor":24,"key":"Blood Vial"},{"floor":26,"key":"War Paint"}],"event_choices":[{"damage_healed":0,"gold_gain":0,"player_choice":"Box","damage_taken":0,"relics_obtained":["Unceasing Top"],"max_hp_gain":0,"max_hp_loss":0,"event_name":"Big Fish","floor":2,"gold_loss":0,"cards_obtained":["Regret"]},{"cards_removed":["Regret"],"damage_healed":0,"gold_gain":0,"player_choice":"Forget","damage_taken":0,"max_hp_gain":0,"max_hp_loss":0,"event_name":"Living Wall","floor":3,"gold_loss":0},{"damage_healed":0,"gold_gain":0,"player_choice":"Joined the Cult","damage_taken":6,"max_hp_gain":0,"max_hp_loss":0,"event_name":"Nest","floor":19,"gold_loss":0,"cards_obtained":["RitualDagger"]},{"damage_healed":0,"gold_gain":0,"player_choice":"Read","damage_taken":0,"max_hp_gain":0,"max_hp_loss":0,"event_name":"The Library","floor":20,"gold_loss":0,"cards_obtained":["Shrug It Off"]},{"damage_healed":0,"gold_gain":0,"player_choice":"Ignored","damage_taken":0,"max_hp_gain":0,"max_hp_loss":0,"event_name":"Cursed Tome","floor":27,"gold_loss":0},{"damage_healed":0,"gold_gain":0,"player_choice":"Fight","damage_taken":0,"max_hp_gain":0,"max_hp_loss":0,"event_name":"Colosseum","floor":31,"gold_loss":0},{"damage_healed":0,"gold_gain":0,"player_choice":"Fled From Nobs","damage_taken":0,"max_hp_gain":0,"max_hp_loss":0,"event_name":"Colosseum","floor":31,"gold_loss":0},{"cards_removed":["Strike_R"],"damage_healed":0,"gold_gain":0,"player_choice":"Removed Attack","damage_taken":0,"max_hp_gain":0,"max_hp_loss":0,"event_name":"Falling","floor":36,"gold_loss":0},{"damage_healed":0,"gold_gain":0,"player_choice":"Forge","damage_taken":0,"max_hp_gain":0,"max_hp_loss":0,"event_name":"Accursed Blacksmith","floor":37,"gold_loss":0,"cards_upgraded":["Barricade"]},{"damage_healed":0,"gold_gain":0,"player_choice":"Trade","damage_taken":0,"relics_obtained":["NlothsMask"],"max_hp_gain":0,"max_hp_loss":0,"event_name":"FaceTrader","floor":39,"gold_loss":0}],"is_beta":false,"boss_relics":[{"not_picked":["Pandora\u0027s Box","Philosopher\u0027s Stone"],"picked":"Snecko Eye"},{"not_picked":["Fusion Hammer","Coffee Dripper"],"picked":"Cursed Key"}],"items_purged_floors":[46],"is_endless":false,"potions_floor_spawned":[4,7,16,18,24,28,29,35,42,44],"killed_by":"Reptomancer","ascension_level":5}