{"gold_per_floor":[109,109,124,140,23,57,57,82,134,134,153,153,167,202,202,304,304,318,27,47,66,78,78,128,128,128,145,160,160,194,212,212,307,307,321,337,36,36,46,46,59,73,98,127,139,151,176,0,12,24],"floor_reached":51,"playtime":2702,"items_purged":["Defend_R","Defend_R"],"score":668,"play_id":"3ac85655-c9f0-45e9-851d-ff0461128ba4","local_time":"20190730092508","is_ascension_mode":false,"campfire_choices":[{"data":"Perfected Strike","floor":7,"key":"SMITH"},{"data":"Uppercut","floor":10,"key":"SMITH"},{"data":"Dual Wield","floor":12,"key":"SMITH"},{"data":"Perfected Strike","floor":15,"key":"SMITH"},{"data":"Double Tap","floor":23,"key":"SMITH"},{"data":"Pommel Strike","floor":25,"key":"SMITH"},{"data":"Seeing Red","floor":29,"key":"SMITH"},{"data":"Warcry","floor":32,"key":"SMITH"},{"data":"Offering","floor":40,"key":"SMITH"},{"data":"Shrug It Off","floor":45,"key":"SMITH"},{"data":"Swift Strike","floor":49,"key":"SMITH"}],"neow_cost":"","seed_source_timestamp":1683975942981000,"circlet_count":0,"master_deck":["Strike_R","Strike_R","Strike_R","Strike_R","Defend_R","Bash","Perfected Strike+1","Uppercut+1","Swift Strike+1","Dual Wield+1","Intimidate","Perfected Strike+1","Pommel Strike+1","Double Tap+1","Warcry+1","Seeing Red+1","Shrug It Off+1","True Grit+1","Warcry+1","Feel No Pain+1","Offering+1","Perfected Strike+1"],"relics":["Black Blood","Letter Opener","Oddly Smooth Stone","Strawberry","Thread and Needle","Runic Dome","Lantern","Ginger","Happy Flower","DollysMirror","MawBank","Red Mask"],"potions_floor_usage":[6,8,14,20,21,30,50,50,50],"damage_taken":[{"damage":3,"enemies":"Small Slimes","floor":1,"turns":3},{"damage":0,"enemies":"2 Louse","floor":3,"turns":2},{"damage":1,"enemies":"Cultist","floor":4,"turns":3},{"damage":20,"enemies":"Gremlin Nob","floor":6,"turns":4},{"damage":21,"enemies":"3 Sentries","floor":8,"turns":6},{"damage":10,"enemies":"Blue Slaver","floor":11,"turns":3},{"damage":8,"enemies":"Gremlin Gang","floor":13,"turns":5},{"damage":20,"enemies":"Lagavulin","floor":14,"turns":6},{"damage":37,"enemies":"The Guardian","floor":16,"turns":7},{"damage":0,"enemies":"Chosen","floor":18,"turns":3},{"damage":0,"enemies":"2 Thieves","floor":20,"turns":1},{"damage":2,"enemies":"3 Cultists","floor":21,"turns":4},{"damage":0,"enemies":"Cultist and Chosen","floor":22,"turns":4},{"damage":4,"enemies":"Centurion and Healer","floor":27,"turns":3},{"damage":8,"enemies":"3 Cultists","floor":28,"turns":4},{"damage":5,"enemies":"Slavers","floor":30,"turns":3},{"damage":0,"enemies":"Chosen and Byrds","floor":31,"turns":3},{"damage":21,"enemies":"Champ","floor":33,"turns":8},{"damage":6,"enemies":"3 Shapes","floor":35,"turns":2},{"damage":6,"enemies":"Orb Walker","floor":36,"turns":1},{"damage":8,"enemies":"Spire Growth","floor":39,"turns":3},{"damage":0,"enemies":"Transient","floor":41,"turns":5},{"damage":14,"enemies":"Writhing Mass","floor":42,"turns":2},{"damage":0,"enemies":"Maw","floor":44,"turns":4},{"damage":9,"enemies":"3 Darklings","floor":47,"turns":3},{"damage":105,"enemies":"Awakened One","floor":50,"turns":9}],"seed_played":"8404362786964651122","potions_obtained":[{"floor":3,"key":"GamblersBrew"},{"floor":4,"key":"EssenceOfSteel"},{"floor":6,"key":"Poison Potion"},{"floor":13,"key":"Explosive Potion"},{"floor":16,"key":"Block Potion"},{"floor":18,"key":"Fire Potion"},{"floor":22,"key":"SmokeBomb"},{"floor":31,"key":"BloodPotion"},{"floor":33,"key":"Block Potion"},{"floor":35,"key":"PowerPotion"},{"floor":36,"key":"GamblersBrew"}],"is_trial":false,"path_per_floor":["M","?","M","M","$","E","R","E","T","R","M","R","M","E","R","B",null,"M","$","M","M","M","R","?","R","T","M","M","R","E","M","R","B",null,"M","M","$","?","M","R","M","M","T","M","R","?","M","?","R","B",null],"character_chosen":"IRONCLAD","items_purchased":["Swift Strike","Dual Wield","Seeing Red","Lantern","DollysMirror"],"campfire_rested":0,"item_purchase_floors":[5,5,19,19,37],"current_hp_per_floor":[80,80,80,80,80,66,66,51,58,58,54,54,52,38,38,7,87,87,87,87,87,87,87,87,87,87,87,85,85,86,87,87,72,87,87,87,87,87,87,87,87,83,83,87,87,87,87,87,87,13],"gold":36,"neow_bonus":"","is_prod":false,"is_daily":false,"chose_seed":false,"campfire_upgraded":11,"win_rate":0.0,"timestamp":1564500308,"path_taken":["M","?","M","M","$","E","R","E","T","R","M","R","M","E","R","BOSS","M","$","M","M","M","R","?","R","T","M","?","R","E","M","R","BOSS","M","M","$","?","M","R","M","M","T","M","R","?","?","?","R","BOSS"],"build_version":"2019-07-18","purchased_purges":2,"victory":true,"max_hp_per_floor":[80,80,80,80,80,80,80,80,87,87,87,87,87,87,87,87,87,87,87,87,87,87,87,87,87,87,87,87,87,87,87,87,87,87,87,87,87,87,87,87,87,87,87,87,87,87,87,87,87,87],"card_choices":[{"not_picked":["Flex","Rage"],"picked":"Perfected Strike","floor":1},{"not_picked":["Clothesline","Body Slam"],"picked":"Uppercut","floor":3},{"not_picked":["Thunderclap","Cleave","Entrench"],"picked":"SKIP","floor":4},{"not_picked":["Twin Strike","Feel No Pain","Iron Wave"],"picked":"SKIP","floor":6},{"not_picked":["Rampage","Armaments","Twin Strike"],"picked":"SKIP","floor":8},{"not_picked":["Clothesline","Iron Wave"],"picked":"Intimidate","floor":11},{"not_picked":["Dark Embrace","Seeing Red"],"picked":"Perfected Strike","floor":13},{"not_picked":["Combust","Hemokinesis"],"picked":"Pommel Strike","floor":14},{"not_picked":["Reaper","Bludgeon"],"picked":"Double Tap","floor":16},{"not_picked":["Anger","Body Slam"],"picked":"Warcry","floor":18},{"not_picked":["Clothesline","Sever Soul+1","Flex"],"picked":"SKIP","floor":20},{"not_picked":["Fire Breathing+1","Sword Boomerang+1","Dropkick"],"picked":"SKIP","floor":21},{"not_picked":["Blood for Blood","Rage"],"picked":"Shrug It Off","floor":22},{"not_picked":["Searing Blow","Power Through"],"picked":"True Grit+1","floor":27},{"not_picked":["Sever Soul","Bloodletting+1"],"picked":"Warcry+1","floor":28},{"not_picked":["Dual Wield+1","Flame Barrier"],"picked":"Feel No Pain+1","floor":30},{"not_picked":["Clothesline","Flex","Corruption"],"picked":"SKIP","floor":31},{"not_picked":["Fiend Fire","Berserk"],"picked":"Offering","floor":33},{"not_picked":["Anger","Inflame","Combust"],"picked":"SKIP","floor":35},{"not_picked":["Flex","Dropkick+1","Cleave+1"],"picked":"SKIP","floor":36},{"not_picked":["Cleave","Seeing Red","Dual Wield"],"picked":"SKIP","floor":39},{"not_picked":["Body Slam","Searing Blow","Dual Wield"],"picked":"SKIP","floor":41},{"not_picked":["Iron Wave","Armaments","Flex+1"],"picked":"SKIP","floor":42},{"not_picked":["True Grit+1","Twin Strike","Reaper"],"picked":"SKIP","floor":44},{"not_picked":["Sword Boomerang","Rupture+1","Power Through+1"],"picked":"SKIP","floor":47}],"player_experience":0,"relics_obtained":[{"floor":6,"key":"Letter Opener"},{"floor":8,"key":"Oddly Smooth Stone"},{"floor":9,"key":"Strawberry"},{"floor":14,"key":"Thread and Needle"},{"floor":26,"key":"Ginger"},{"floor":30,"key":"Happy Flower"},{"floor":43,"key":"MawBank"}],"event_choices":[{"cards_removed":["Defend_R"],"damage_healed":0,"gold_gain":0,"player_choice":"Forget","damage_taken":0,"max_hp_gain":0,"max_hp_loss":0,"event_name":"Living Wall","floor":2,"gold_loss":0},{"damage_healed":0,"gold_gain":100,"player_choice":"Bet on Murderer","damage_taken":0,"max_hp_gain":0,"max_hp_loss":0,"event_name":"The Joust","floor":24,"gold_loss":50},{"cards_removed":["Strike_R"],"damage_healed":0,"gold_gain":0,"player_choice":"Removed Attack","damage_taken":0,"max_hp_gain":0,"max_hp_loss":0,"event_name":"Falling","floor":38,"gold_loss":0},{"damage_healed":0,"gold_gain":0,"player_choice":"Got Potions","damage_taken":0,"max_hp_gain":0,"max_hp_loss":0,"event_name":"Lab","floor":46,"gold_loss":0},{"damage_healed":0,"gold_gain":0,"player_choice":"Paid","damage_taken":0,"relics_obtained":["Red Mask"],"max_hp_gain":0,"max_hp_loss":0,"event_name":"Tomb of Lord Red Mask","floor":48,"gold_loss":188}],"is_beta":true,"boss_relics":[{"not_picked":["Philosopher\u0027s Stone","Tiny House"],"picked":"Runic Dome"},{"not_picked":["Cursed Key","Runic Pyramid"],"picked":"Black Blood"}],"items_purged_floors":[19,37],"is_endless":false,"potions_floor_spawned":[3,4,6,13,16,18,22,31,33,35,36,39,42],"ascension_level":0}