{"gold_per_floor":[111,111,24,24,24,24,38,65,90,100,135,149,149,163,163,238,238,252,177,177,195,211,211,211,13,13,13,26,26,42,54,54,54],"floor_reached":33,"playtime":1014,"items_purged":[],"score":568,"play_id":"5c543f9b-15c9-46b3-8c0a-85c0d6c31baf","local_time":"20190516122750","is_ascension_mode":true,"campfire_choices":[{"data":"Evolve","floor":6.0,"key":"SMITH"},{"data":"Armaments","floor":13.0,"key":"SMITH"},{"data":"Carnage","floor":15.0,"key":"SMITH"},{"floor":23.0,"key":"REST"},{"data":"Apotheosis","floor":27.0,"key":"SMITH"},{"floor":32.0,"key":"REST"}],"neow_cost":"NONE","seed_source_timestamp":2083488854017629,"circlet_count":0,"master_deck":["AscendersBane","Strike_R","Defend_R","Defend_R","Defend_R","Defend_R","Bash","Dropkick","Evolve+1","Carnage+1","Flame Barrier","Armaments+1","Demon Form","Thunderclap","Burning Pact","Apotheosis+1","Power Through","Power Through","Entrench"],"special_seed":0,"relics":["Burning Blood","NeowsBlessing","Sundial","Red Skull","Cursed Key"],"potions_floor_usage":[33],"damage_taken":[{"damage":0.0,"enemies":"Cultist","floor":1.0,"turns":1.0},{"damage":0.0,"enemies":"Small Slimes","floor":7.0,"turns":1.0},{"damage":0.0,"enemies":"Gremlin Nob","floor":8.0,"turns":1.0},{"damage":3.0,"enemies":"2 Louse","floor":10.0,"turns":3.0},{"damage":30.0,"enemies":"3 Sentries","floor":11.0,"turns":9.0},{"damage":16.0,"enemies":"Blue Slaver","floor":12.0,"turns":5.0},{"damage":6.0,"enemies":"Looter","floor":14.0,"turns":3.0},{"damage":23.0,"enemies":"Slime Boss","floor":16.0,"turns":11.0},{"damage":29.0,"enemies":"Spheric Guardian","floor":18.0,"turns":6.0},{"damage":12.0,"enemies":"Chosen","floor":21.0,"turns":3.0},{"damage":23.0,"enemies":"Centurion and Healer","floor":22.0,"turns":6.0},{"damage":0.0,"enemies":"Sentry and Sphere","floor":24.0,"turns":1.0},{"damage":30.0,"enemies":"Snake Plant","floor":28.0,"turns":4.0},{"damage":2.0,"enemies":"Chosen and Byrds","floor":30.0,"turns":6.0},{"damage":6.0,"enemies":"3 Cultists","floor":31.0,"turns":6.0},{"damage":49,"enemies":"Collector","floor":33,"turns":8}],"seed_played":"8242978502099627395","potions_obtained":[{"floor":8.0,"key":"Strength Potion"},{"floor":10.0,"key":"EssenceOfSteel"},{"floor":11.0,"key":"SmokeBomb"},{"floor":30.0,"key":"SteroidPotion"}],"is_trial":false,"path_per_floor":["M","?","$","?","?","R","M","E","T","M","E","M","R","M","R","B",null,"M","?","?","M","M","R","M","$","T","R","M","?","M","M","R","B"],"character_chosen":"IRONCLAD","items_purchased":["Inflame","Apotheosis"],"campfire_rested":2,"item_purchase_floors":[3,25],"current_hp_per_floor":[74,67,67,67,67,67,73,75,75,75,51,41,41,41,41,24,62,39,39,39,33,16,38,44,44,44,44,20,20,24,24,46,0],"gold":54,"neow_bonus":"THREE_ENEMY_KILL","is_prod":false,"is_daily":false,"chose_seed":false,"campfire_upgraded":4,"win_rate":0,"timestamp":1557980870,"path_taken":["M","?","$","?","?","R","?","E","T","M","E","M","R","M","R","BOSS","M","?","?","M","M","R","M","?","T","R","M","?","M","M","R","BOSS"],"build_version":"2019-01-23","purchased_purges":0,"victory":false,"max_hp_per_floor":[75,75,75,75,75,75,75,75,75,75,75,75,75,75,75,75,75,75,75,75,75,75,75,75,75,75,75,75,75,75,75,75,75],"card_choices":[{"not_picked":["Iron Wave","Thunderclap"],"picked":"Dropkick","floor":1.0},{"not_picked":["Sever Soul","Havoc","Iron Wave"],"picked":"SKIP","floor":7.0},{"not_picked":["Thunderclap","Berserk"],"picked":"Carnage","floor":8.0},{"not_picked":["Iron Wave","Cleave"],"picked":"Flame Barrier","floor":10.0},{"not_picked":["Uppercut","Blood for Blood","Ghostly Armor"],"picked":"SKIP","floor":11.0},{"not_picked":["Flame Barrier","Clothesline"],"picked":"Armaments","floor":12.0},{"not_picked":["Headbutt","Bloodletting","Flex"],"picked":"SKIP","floor":14.0},{"not_picked":["Bludgeon","Fiend Fire"],"picked":"Demon Form","floor":16.0},{"not_picked":["Rage","Headbutt","Clash"],"picked":"SKIP","floor":18.0},{"not_picked":["Warcry","Heavy Blade"],"picked":"Thunderclap","floor":21.0},{"not_picked":["Pommel Strike","Corruption"],"picked":"Burning Pact","floor":22.0},{"not_picked":["Cleave","Pommel Strike","Clash"],"picked":"SKIP","floor":28.0},{"not_picked":["Headbutt","Battle Trance"],"picked":"Entrench","floor":30.0},{"not_picked":["Armaments","Wild Strike","Twin Strike"],"picked":"SKIP","floor":31.0}],"player_experience":842286,"relics_obtained":[{"floor":8.0,"key":"Sundial"},{"floor":11.0,"key":"Red Skull"}],"event_choices":[{"cards_removed":["Strike_R"],"damage_healed":0.0,"max_hp_gain":0.0,"max_hp_loss":0.0,"gold_gain":0.0,"event_name":"Golden Wing","player_choice":"Card Removal","floor":2.0,"gold_loss":0.0,"damage_taken":7.0},{"damage_healed":0.0,"max_hp_gain":0.0,"max_hp_loss":0.0,"gold_gain":0.0,"cards_transformed":["Strike_R"],"event_name":"Living Wall","player_choice":"Change","floor":4.0,"gold_loss":0.0,"damage_taken":0.0,"cards_obtained":["Evolve"]},{"damage_healed":0.0,"max_hp_gain":0.0,"max_hp_loss":0.0,"gold_gain":0.0,"event_name":"Upgrade Shrine","player_choice":"Upgraded","floor":5.0,"gold_loss":0.0,"damage_taken":0.0,"cards_upgraded":["Inflame"]},{"cards_removed":["Strike_R"],"damage_healed":0.0,"max_hp_gain":0.0,"max_hp_loss":0.0,"gold_gain":0.0,"event_name":"Beggar","player_choice":"Gave Gold","floor":19.0,"gold_loss":75.0,"damage_taken":0.0},{"damage_healed":0.0,"max_hp_gain":0.0,"max_hp_loss":0.0,"gold_gain":0.0,"event_name":"Ghosts","player_choice":"Ignored","floor":20.0,"gold_loss":0.0,"damage_taken":0.0},{"damage_healed":0.0,"max_hp_gain":0.0,"max_hp_loss":0.0,"gold_gain":0.0,"cards_transformed":["Strike_R","Inflame"],"event_name":"Drug Dealer","player_choice":"Became Test Subject","floor":29.0,"gold_loss":0.0,"damage_taken":0.0,"cards_obtained":["Power Through","Power Through"]}],"is_beta":false,"boss_relics":[{"not_picked":["Velvet Choker","Black Star"],"picked":"Cursed Key"}],"items_purged_floors":[],"is_endless":false,"potions_floor_spawned":[8,10,11,22,24,30],"killed_by":"Collector","ascension_level":20}