{"gold_per_floor":[119,131,131,148,15,65,78,78,78,78],"floor_reached":10,"playtime":163,"items_purged":[],"score":116,"play_id":"83ebc05a-5a72-4866-9973-6575bccd9d6b","local_time":"20190709164919","is_ascension_mode":true,"campfire_choices":[],"neow_cost":"NONE","seed_source_timestamp":89592813141883,"circlet_count":0,"master_deck":["AscendersBane","Strike_G","Strike_G","Strike_G","Strike_G","Strike_G","Defend_G","Defend_G","Defend_G","Defend_G","Defend_G","Survivor","Neutralize","Escape Plan","PiercingWail","Deadly Poison","Malaise","Acrobatics"],"special_seed":0,"relics":["Ring of the Snake","NeowsBlessing","Golden Idol"],"potions_floor_usage":[],"damage_taken":[{"damage":0.0,"enemies":"2 Louse","floor":1.0,"turns":1.0},{"damage":0.0,"enemies":"Cultist","floor":2.0,"turns":1.0},{"damage":0.0,"enemies":"Jaw Worm","floor":4.0,"turns":1.0},{"damage":0.0,"enemies":"Blue Slaver","floor":7.0,"turns":8.0},{"damage":0,"enemies":"Gremlin Nob","floor":10,"turns":2}],"seed_played":"3771589256972434028","potions_obtained":[{"floor":1.0,"key":"Block Potion"},{"floor":3.0,"key":"GhostInAJar"}],"is_trial":false,"path_per_floor":["M","M","?","M","$","?","M","?","T","E"],"character_chosen":"THE_SILENT","items_purchased":["Malaise","Acrobatics"],"campfire_rested":0,"item_purchase_floors":[5,5],"current_hp_per_floor":[59,59,59,59,59,59,59,59,59,59],"gold":78,"neow_bonus":"THREE_ENEMY_KILL","is_prod":false,"is_daily":false,"chose_seed":false,"campfire_upgraded":0,"win_rate":0,"timestamp":1562662159,"path_taken":["M","M","?","?","$","?","?","?","T","E"],"build_version":"2019-07-05","purchased_purges":0,"victory":false,"max_hp_per_floor":[66,66,66,66,66,66,66,60,60,60],"card_choices":[{"not_picked":["Dagger Spray","Flying Knee"],"picked":"Escape Plan","floor":1.0},{"not_picked":["Deflect","Blade Dance"],"picked":"PiercingWail","floor":2.0},{"not_picked":["Reflex","Dagger Spray"],"picked":"Deadly Poison","floor":4.0},{"not_picked":["Wraith Form v2","Underhanded Strike","Deadly Poison"],"picked":"SKIP","floor":7.0}],"player_experience":1079055,"relics_obtained":[],"event_choices":[{"damage_healed":0.0,"max_hp_gain":0.0,"max_hp_loss":0.0,"gold_gain":0.0,"event_name":"Lab","player_choice":"Got Potions","floor":3.0,"gold_loss":0.0,"damage_taken":0.0},{"damage_healed":0.0,"max_hp_gain":0.0,"max_hp_loss":0.0,"gold_gain":50.0,"event_name":"Golden Shrine","player_choice":"Pray","floor":6.0,"gold_loss":0.0,"damage_taken":0.0},{"damage_healed":0.0,"max_hp_gain":0.0,"max_hp_loss":6.0,"gold_gain":0.0,"event_name":"Golden Idol","player_choice":"Lose Max HP","floor":8.0,"gold_loss":0.0,"damage_taken":0.0,"relics_obtained":["Golden Idol"]}],"is_beta":false,"boss_relics":[],"items_purged_floors":[],"is_endless":false,"potions_floor_spawned":[1,4],"killed_by":"Gremlin Nob","ascension_level":20}