{"gold_per_floor":[117,134,151,166,166,200,200,232,311,311,95,115,115,15,15,110,110,126,141,141,141,141,141,173,48,71,136,148,160,172],"floor_reached":30,"playtime":1411,"items_purged":["Strike_B","Strike_B","Strike_B"],"score":356,"play_id":"6f9228b1-274b-429c-863e-4de1c94b052e","local_time":"20190727000952","is_ascension_mode":true,"campfire_choices":[{"floor":10.0,"key":"REST"},{"floor":13.0,"key":"REST"},{"data":"Streamline","floor":15.0,"key":"SMITH"},{"floor":23,"key":"REST"}],"neow_cost":"NONE","seed_source_timestamp":0,"circlet_count":0,"master_deck":["Strike_B","Defend_B","Defend_B","Defend_B","Defend_B","Zap+1","Dualcast","Rebound","FTL","Go for the Eyes","Hologram","Streamline+1","Steam","Electrodynamics","Skim","Buffer","Go for the Eyes","Turbo"],"special_seed":0,"relics":["Cracked Core","Sundial","Turnip","Black Star","PreservedInsect","Bottled Lightning","Juzu Bracelet","Anchor","MawBank","Tiny Chest"],"potions_floor_usage":[19,24,27,27],"damage_taken":[{"damage":7.0,"enemies":"Small Slimes","floor":1.0,"turns":4.0},{"damage":2.0,"enemies":"Jaw Worm","floor":2.0,"turns":3.0},{"damage":1.0,"enemies":"Cultist","floor":3.0,"turns":3.0},{"damage":10.0,"enemies":"Lots of Slimes","floor":4.0,"turns":2.0},{"damage":22.0,"enemies":"3 Sentries","floor":6.0,"turns":6.0},{"damage":22.0,"enemies":"Lagavulin","floor":8.0,"turns":5.0},{"damage":3.0,"enemies":"Large Slime","floor":12.0,"turns":4.0},{"damage":31.0,"enemies":"The Guardian","floor":16.0,"turns":8.0},{"damage":29.0,"enemies":"2 Thieves","floor":18.0,"turns":5.0},{"damage":13,"enemies":"3 Byrds","floor":19,"turns":2},{"damage":25,"enemies":"Slavers","floor":24,"turns":3},{"damage":1,"enemies":"Gremlin Leader","floor":27,"turns":5},{"damage":24,"enemies":"Snake Plant","floor":30,"turns":2}],"seed_played":"-578311453434988436","potions_obtained":[{"floor":2.0,"key":"SteroidPotion"},{"floor":8.0,"key":"EssenceOfSteel"},{"floor":16.0,"key":"LiquidBronze"},{"floor":18.0,"key":"EssenceOfSteel"},{"floor":19,"key":"Energy Potion"},{"floor":27,"key":"Fruit Juice"}],"is_trial":false,"path_per_floor":["M","M","M","M","?","E","?","E","T","R","$","M","R","$","R","B",null,"M","M","?","T","?","R","E","$","T","E","?","?","M"],"character_chosen":"DEFECT","items_purchased":["Electrodynamics","Skim"],"campfire_rested":3,"item_purchase_floors":[11,11],"current_hp_per_floor":[61,59,58,48,48,26,26,4,4,26,26,23,45,45,45,14,60,31,18,18,18,18,40,15,15,15,19,19,19,0],"gold":172,"neow_bonus":"UPGRADE_CARD","is_prod":false,"is_daily":false,"chose_seed":false,"campfire_upgraded":1,"win_rate":0,"timestamp":1564200592,"path_taken":["M","M","M","M","?","E","?","E","T","R","?","?","R","?","R","BOSS","M","M","?","?","?","R","E","$","T","E","?","?","M"],"build_version":"2019-07-17","purchased_purges":3,"victory":false,"max_hp_per_floor":[75,75,75,75,75,75,75,75,75,75,75,75,75,75,75,75,75,75,75,75,75,75,75,75,75,75,80,80,80,80],"card_choices":[{"not_picked":["Storm","Steam"],"picked":"Rebound","floor":1.0},{"not_picked":["Gash","Go for the Eyes"],"picked":"FTL","floor":2.0},{"not_picked":["Turbo","Leap"],"picked":"Go for the Eyes","floor":3.0},{"not_picked":["Tempest","Rebound"],"picked":"Hologram","floor":4.0},{"not_picked":["Self Repair","Leap"],"picked":"Streamline","floor":6.0},{"not_picked":["Biased Cognition","Compile Driver"],"picked":"Steam","floor":8.0},{"not_picked":["Force Field","Coolheaded","Sunder"],"picked":"SKIP","floor":12.0},{"not_picked":["Echo Form","Rainbow"],"picked":"Buffer","floor":16.0},{"not_picked":["Leap","Force Field"],"picked":"Go for the Eyes","floor":18.0},{"not_picked":["Sunder","Static Discharge"],"picked":"Turbo","floor":19},{"not_picked":["Tempest","Blizzard","Compile Driver"],"picked":"SKIP","floor":24},{"not_picked":["Chaos","Skim+1","Ball Lightning+1"],"picked":"SKIP","floor":27}],"player_experience":435224,"relics_obtained":[{"floor":6.0,"key":"Sundial"},{"floor":8.0,"key":"Turnip"},{"floor":21,"key":"PreservedInsect"},{"floor":24,"key":"Bottled Lightning"},{"floor":24,"key":"Juzu Bracelet"},{"floor":26,"key":"Anchor"},{"floor":27,"key":"MawBank"},{"floor":27,"key":"Tiny Chest"}],"event_choices":[{"damage_healed":0.0,"max_hp_gain":0.0,"max_hp_loss":0.0,"gold_gain":0.0,"event_name":"Golden Wing","player_choice":"Ignored","floor":5.0,"gold_loss":0.0,"damage_taken":0.0},{"damage_healed":0.0,"max_hp_gain":0.0,"max_hp_loss":0.0,"gold_gain":0.0,"event_name":"Dead Adventurer","player_choice":"Searched \u00270\u0027 times","floor":7.0,"gold_loss":0.0,"damage_taken":0.0},{"damage_healed":0,"gold_gain":0,"player_choice":"Ignored","damage_taken":0,"max_hp_gain":0,"max_hp_loss":0,"event_name":"Vampires","floor":20,"gold_loss":0},{"damage_healed":0,"gold_gain":0,"player_choice":"Ignored","damage_taken":0,"max_hp_gain":0,"max_hp_loss":0,"event_name":"The Mausoleum","floor":22,"gold_loss":0},{"damage_healed":0,"gold_gain":0,"player_choice":"Smashed Altar","damage_taken":0,"max_hp_gain":0,"max_hp_loss":0,"event_name":"Forgotten Altar","floor":28,"gold_loss":0,"cards_obtained":["Decay"]},{"cards_removed":["Decay"],"damage_healed":0,"gold_gain":0,"player_choice":"Elegance","damage_taken":0,"max_hp_gain":0,"max_hp_loss":0,"event_name":"Back to Basics","floor":29,"gold_loss":0}],"is_beta":false,"boss_relics":[{"not_picked":["Runic Dome","White Beast Statue"],"picked":"Black Star"}],"items_purged_floors":[11,14,25],"is_endless":false,"potions_floor_spawned":[2,8,16,18,19,27],"killed_by":"Snake Plant","ascension_level":6}