{"gold_per_floor":[109,109,109,125,125,159,159,208,208,93,93,93,121,140,140,140],"floor_reached":16,"playtime":293,"items_purged":["Strike_R"],"score":262,"play_id":"c329836a-fcf3-472b-9af9-0fd8a79414df","local_time":"20190806153455","is_ascension_mode":true,"campfire_choices":[{"data":"Carnage","floor":7.0,"key":"SMITH"},{"data":"Rampage","floor":12.0,"key":"SMITH"},{"data":"Armaments","floor":15.0,"key":"SMITH"}],"neow_cost":"NONE","seed_source_timestamp":236891025689891,"circlet_count":0,"master_deck":["AscendersBane","Strike_R","Strike_R","Strike_R+1","Defend_R","Defend_R+1","Defend_R","Defend_R","Bash","Carnage+1","Rampage+1","Feel No Pain","Armaments+1","Body Slam"],"special_seed":0,"relics":["Burning Blood","NeowsBlessing","Bag of Preparation","Pear","Gremlin Horn"],"potions_floor_usage":[16,16],"damage_taken":[{"damage":0.0,"enemies":"Jaw Worm","floor":1.0,"turns":1.0},{"damage":0.0,"enemies":"2 Louse","floor":4.0,"turns":1.0},{"damage":0.0,"enemies":"Gremlin Nob","floor":6.0,"turns":1.0},{"damage":18.0,"enemies":"3 Sentries","floor":13.0,"turns":8.0},{"damage":0.0,"enemies":"Cultist","floor":14.0,"turns":2.0},{"damage":97,"enemies":"Hexaghost","floor":16,"turns":9}],"seed_played":"-6285180596580428057","potions_obtained":[{"floor":1.0,"key":"Fruit Juice"},{"floor":3.0,"key":"Poison Potion"},{"floor":3.0,"key":"BloodPotion"}],"is_trial":false,"path_per_floor":["M","?","?","M","?","E","R","T","T","$","$","R","E","M","R","B"],"character_chosen":"IRONCLAD","items_purchased":["Feel No Pain"],"campfire_rested":0,"item_purchase_floors":[10],"current_hp_per_floor":[74,51,56,62,62,68,68,68,78,78,78,78,66,72,72,0],"gold":140,"neow_bonus":"THREE_ENEMY_KILL","is_prod":false,"is_daily":false,"chose_seed":false,"campfire_upgraded":3,"win_rate":0,"timestamp":1565076895,"path_taken":["M","?","?","?","?","E","R","?","T","?","$","R","E","?","R","BOSS"],"build_version":"2019-07-17","purchased_purges":1,"victory":false,"max_hp_per_floor":[75,75,80,80,80,80,80,80,90,90,90,90,90,90,90,90],"card_choices":[{"not_picked":["Blood for Blood","Corruption"],"picked":"Carnage","floor":1.0},{"not_picked":["Warcry","Sword Boomerang"],"picked":"Rampage","floor":4.0},{"not_picked":["Sword Boomerang","Infernal Blade","Searing Blow"],"picked":"SKIP","floor":6.0},{"not_picked":["Corruption","Iron Wave"],"picked":"Armaments","floor":13.0},{"not_picked":["Sever Soul","Burning Pact"],"picked":"Body Slam","floor":14.0}],"player_experience":1124983,"relics_obtained":[{"floor":6.0,"key":"Bag of Preparation"},{"floor":9.0,"key":"Pear"},{"floor":13.0,"key":"Gremlin Horn"}],"event_choices":[{"damage_healed":0.0,"max_hp_gain":0.0,"max_hp_loss":0.0,"gold_gain":0.0,"event_name":"Shining Light","player_choice":"Entered Light","floor":2.0,"gold_loss":0.0,"damage_taken":23.0,"cards_upgraded":["Defend_R","Strike_R"]},{"damage_healed":0.0,"max_hp_gain":0.0,"max_hp_loss":0.0,"gold_gain":0.0,"event_name":"Lab","player_choice":"Got Potions","floor":3.0,"gold_loss":0.0,"damage_taken":0.0},{"cards_removed":["Strike_R"],"damage_healed":0.0,"max_hp_gain":0.0,"max_hp_loss":0.0,"gold_gain":0.0,"event_name":"Living Wall","player_choice":"Forget","floor":5.0,"gold_loss":0.0,"damage_taken":0.0}],"is_beta":false,"boss_relics":[],"items_purged_floors":[10],"is_endless":false,"potions_floor_spawned":[1,13,14],"killed_by":"Hexaghost","ascension_level":20}