{"gold_per_floor":[113,125,2,2,70,70,113,137,137,178,198,223,256,256],"floor_reached":14,"playtime":611,"items_purged":["Strike_G"],"score":189,"play_id":"6d656e90-c2e0-4e96-be38-f8acb22f84ce","local_time":"20190805144519","is_ascension_mode":true,"campfire_choices":[{"data":"Neutralize","floor":6,"key":"SMITH"}],"neow_cost":"NONE","seed_source_timestamp":2223685122210800,"circlet_count":0,"master_deck":["Strike_G","Strike_G","Strike_G","Strike_G","Defend_G","Defend_G","Defend_G","Defend_G","Defend_G","Survivor","Neutralize+1","Deadly Poison","Sucker Punch","Backflip","Escape Plan","Slice","Backflip","Outmaneuver","Catalyst"],"relics":["Ring of the Snake","NeowsBlessing","Golden Idol","The Courier","Peace Pipe","Du-Vu Doll","Lantern","Calipers"],"potions_floor_usage":[10,13],"damage_taken":[{"damage":0,"enemies":"Cultist","floor":1,"turns":1},{"damage":0,"enemies":"Small Slimes","floor":2,"turns":1},{"damage":0,"enemies":"3 Sentries","floor":7,"turns":1},{"damage":0,"enemies":"Jaw Worm","floor":8,"turns":4},{"damage":5,"enemies":"Lagavulin","floor":10,"turns":6},{"damage":0,"enemies":"3 Louse","floor":11,"turns":4},{"damage":0,"enemies":"Gremlin Gang","floor":12,"turns":6},{"damage":28,"enemies":"Gremlin Nob","floor":13,"turns":5},{"damage":14,"enemies":"Large Slime","floor":14,"turns":5}],"seed_played":"-8188884201903411466","potions_obtained":[{"floor":7,"key":"Poison Potion"},{"floor":12,"key":"GamblersBrew"}],"is_trial":false,"path_per_floor":["M","M","$","?","T","R","E","M","T","E","M","M","E","M"],"character_chosen":"THE_SILENT","items_purchased":["Backflip"],"campfire_rested":0,"item_purchase_floors":[3],"current_hp_per_floor":[63,63,63,46,46,46,46,46,46,41,41,41,13,0],"gold":256,"neow_bonus":"THREE_ENEMY_KILL","is_prod":false,"is_daily":false,"chose_seed":false,"campfire_upgraded":1,"win_rate":0,"timestamp":1565037919,"path_taken":["M","?","$","?","?","R","E","M","T","E","M","M","E","M"],"build_version":"2019-07-18","purchased_purges":1,"victory":false,"max_hp_per_floor":[70,70,70,70,70,70,70,70,70,70,70,70,70,70],"card_choices":[{"not_picked":["Flying Knee","Endless Agony"],"picked":"Deadly Poison","floor":1},{"not_picked":["Backstab","Terror"],"picked":"Sucker Punch","floor":2},{"not_picked":["Blade Dance","Underhanded Strike"],"picked":"Escape Plan","floor":7},{"not_picked":["Quick Slash","Dodge and Roll"],"picked":"Slice","floor":8},{"not_picked":["Flying Knee","Backstab"],"picked":"Backflip","floor":10},{"not_picked":["Sucker Punch","Eviscerate"],"picked":"Outmaneuver","floor":11},{"not_picked":["Cloak And Dagger","Blade Dance"],"picked":"Catalyst","floor":12},{"not_picked":["Cloak And Dagger","Finisher","Riddle With Holes"],"picked":"SKIP","floor":13}],"player_experience":153997,"relics_obtained":[{"floor":5,"key":"The Courier"},{"floor":7,"key":"Peace Pipe"},{"floor":9,"key":"Du-Vu Doll"},{"floor":10,"key":"Lantern"},{"floor":13,"key":"Calipers"}],"event_choices":[{"damage_healed":0,"gold_gain":0,"player_choice":"Take Damage","damage_taken":17,"relics_obtained":["Golden Idol"],"max_hp_gain":0,"max_hp_loss":0,"event_name":"Golden Idol","floor":4,"gold_loss":0}],"is_beta":true,"boss_relics":[],"items_purged_floors":[3],"is_endless":false,"potions_floor_spawned":[7,12],"killed_by":"Large Slime","ascension_level":8}