{"gold_per_floor":[112,187,187,203,203,203,203,19,19,19,58,58,102,121,121,215,215,231,231,231,231],"floor_reached":21,"playtime":553,"items_purged":[],"score":348,"play_id":"84e88676-dc0b-4607-a3cc-80e373bc2959","local_time":"20190307154225","is_ascension_mode":true,"campfire_choices":[{"data":"Body Slam","floor":6,"key":"SMITH"},{"floor":10,"key":"REST"},{"floor":12,"key":"REST"},{"floor":15,"key":"REST"}],"neow_cost":"TEN_PERCENT_HP_LOSS","seed_source_timestamp":97329720600650,"circlet_count":0,"master_deck":["AscendersBane","Strike_R","Strike_R","Defend_R","Defend_R","Defend_R","Defend_R","Bash","Anger","Perfected Strike","Body Slam+1","Injury","Apotheosis","Fiend Fire","Cleave","Metallicize","Barricade","Corruption","Jack Of All Trades"],"relics":["Burning Blood","Ginger","Golden Idol","Kunai","Magic Flower","Calipers","Torii","Empty Cage"],"potions_floor_usage":[21],"damage_taken":[{"damage":10,"enemies":"Small Slimes","floor":1,"turns":3},{"damage":3,"enemies":"2 Louse","floor":4,"turns":2},{"damage":61,"enemies":"3 Sentries","floor":11,"turns":10},{"damage":35,"enemies":"Gremlin Nob","floor":13,"turns":4},{"damage":6,"enemies":"Cultist","floor":14,"turns":3},{"damage":14,"enemies":"The Guardian","floor":16,"turns":10},{"damage":28,"enemies":"Chosen","floor":18,"turns":7},{"damage":27,"enemies":"3 Byrds","floor":21,"turns":2}],"seed_played":"-8212144811283182919","potions_obtained":[{"floor":11,"key":"Swift Potion"},{"floor":14,"key":"Ancient Potion"},{"floor":16,"key":"FearPotion"}],"is_trial":false,"path_per_floor":["M","?","?","M","?","R","T","$","T","R","E","R","E","M","R","B",null,"M","$","?","M"],"character_chosen":"IRONCLAD","items_purchased":["Apotheosis"],"campfire_rested":3,"item_purchase_floors":[8],"current_hp_per_floor":[64,53,53,56,56,56,56,56,56,68,16,36,10,13,33,28,58,39,39,27,0],"gold":231,"neow_bonus":"ONE_RARE_RELIC","is_prod":false,"is_daily":false,"chose_seed":false,"campfire_upgraded":1,"win_rate":0,"timestamp":1551933745,"path_taken":["M","?","?","M","?","R","?","?","T","R","E","R","E","M","R","BOSS","M","$","?","?"],"build_version":"2019-01-23","purchased_purges":0,"victory":false,"max_hp_per_floor":[68,68,68,68,68,68,68,68,68,68,68,68,68,68,68,68,68,68,68,68,68],"card_choices":[{"not_picked":["Cleave","Shrug It Off"],"picked":"Anger","floor":1},{"not_picked":["Burning Pact","Havoc"],"picked":"Body Slam","floor":4},{"not_picked":["Evolve","Anger"],"picked":"Fiend Fire","floor":11},{"not_picked":["Sword Boomerang","Pommel Strike"],"picked":"Cleave","floor":13},{"not_picked":["Sever Soul","Cleave"],"picked":"Metallicize","floor":14},{"not_picked":["Immolate","Reaper"],"picked":"Barricade","floor":16},{"not_picked":["Uppercut","Cleave"],"picked":"Corruption","floor":18}],"player_experience":822885,"relics_obtained":[{"floor":7,"key":"Kunai"},{"floor":9,"key":"Magic Flower"},{"floor":11,"key":"Calipers"},{"floor":13,"key":"Torii"}],"event_choices":[{"damage_healed":0,"gold_gain":75,"player_choice":"Gather Gold","damage_taken":11,"max_hp_gain":0,"max_hp_loss":0,"event_name":"World of Goop","floor":2,"gold_loss":0},{"damage_healed":0,"gold_gain":0,"cards_transformed":["Strike_R"],"player_choice":"Change","damage_taken":0,"max_hp_gain":0,"max_hp_loss":0,"event_name":"Living Wall","floor":3,"gold_loss":0,"cards_obtained":["Perfected Strike"]},{"damage_healed":0,"gold_gain":0,"player_choice":"Take Wound","damage_taken":0,"relics_obtained":["Golden Idol"],"max_hp_gain":0,"max_hp_loss":0,"event_name":"Golden Idol","floor":5,"gold_loss":0,"cards_obtained":["Injury"]},{"damage_healed":0,"gold_gain":0,"player_choice":"CARD ","damage_taken":12,"max_hp_gain":0,"max_hp_loss":0,"event_name":"Knowing Skull","floor":20,"potions_obtained":[],"gold_loss":0,"cards_obtained":["Jack Of All Trades"]}],"is_beta":false,"boss_relics":[{"not_picked":["Velvet Choker","Eternal Feather"],"picked":"Empty Cage"}],"items_purged_floors":[],"is_endless":false,"potions_floor_spawned":[11,14,16],"killed_by":"3 Byrds","ascension_level":18}