{"gold_per_floor":[119,194,83,83,14,43,58,92,141,141,155,155,12,24,24,122,122,142,142,142,67,84,84,117,117,117,117,132,132,132,231,231,231],"floor_reached":33,"playtime":7812,"items_purged":["Strike_G"],"score":307,"play_id":"739e5e91-cbea-4f17-95c5-74c389a242a7","local_time":"20190312124426","is_ascension_mode":true,"campfire_choices":[{"floor":10,"key":"REST"},{"floor":15,"key":"REST"},{"floor":23,"key":"REST"},{"floor":25,"key":"REST"},{"floor":27,"key":"REST"},{"floor":29,"key":"REST"},{"floor":32,"key":"DIG"}],"neow_cost":"NONE","seed_source_timestamp":473820538519000,"circlet_count":0,"master_deck":["Defend_G","Defend_G","Defend_G","Defend_G","Defend_G","Survivor","Neutralize","Flechettes","Well Laid Plans","Leg Sweep","Unload","Blur","Dash","Bullet Time","Shame","Escape Plan","Noxious Fumes","Bite","Bite","Bite","Bite","Bite"],"relics":["Ring of the Snake","Art of War","Snake Skull","Torii","Vajra","Busted Crown","Pantograph","Shovel","Singing Bowl","StoneCalendar"],"potions_floor_usage":[6,16,16,24,33],"damage_taken":[{"damage":0,"enemies":"Jaw Worm","floor":1,"turns":4},{"damage":17,"enemies":"Gremlin Nob","floor":6,"turns":5},{"damage":3,"enemies":"Small Slimes","floor":7,"turns":3},{"damage":30,"enemies":"3 Sentries","floor":8,"turns":14},{"damage":0,"enemies":"2 Louse","floor":11,"turns":2},{"damage":1,"enemies":"Blue Slaver","floor":14,"turns":4},{"damage":16,"enemies":"Hexaghost","floor":16,"turns":16},{"damage":7,"enemies":"Chosen","floor":18,"turns":6},{"damage":14,"enemies":"Shell Parasite","floor":22,"turns":6},{"damage":68,"enemies":"Slavers","floor":24,"turns":6},{"damage":21,"enemies":"Shelled Parasite and Fungi","floor":28,"turns":7},{"damage":120,"enemies":"Champ","floor":33,"turns":15}],"seed_played":"-2661292224341482380","potions_obtained":[{"floor":1,"key":"Strength Potion"},{"floor":6,"key":"Energy Potion"},{"floor":11,"key":"Poison Potion"},{"floor":22,"key":"Fire Potion"},{"floor":24,"key":"SpeedPotion"}],"is_trial":false,"path_per_floor":["M","?","$","?","$","E","M","E","T","R","M","?","$","M","R","B",null,"M","?","?","$","M","R","E","R","T","R","M","R","?","?","R","B"],"character_chosen":"THE_SILENT","items_purchased":["Well Laid Plans","Leg Sweep","Blood Vial","Noxious Fumes"],"campfire_rested":6,"item_purchase_floors":[3,5,13,21],"current_hp_per_floor":[77,66,66,59,59,42,39,9,9,32,32,57,57,58,77,61,77,70,70,70,70,58,77,9,32,32,55,38,61,61,61,61,0],"gold":231,"neow_bonus":"TEN_PERCENT_HP_BONUS","is_prod":false,"is_daily":false,"chose_seed":false,"campfire_upgraded":0,"win_rate":0,"timestamp":1552419866,"path_taken":["M","?","$","?","$","E","M","E","T","R","M","?","?","?","R","BOSS","M","?","?","$","M","R","E","R","T","R","M","R","?","?","R","BOSS"],"build_version":"2019-01-23","purchased_purges":1,"victory":false,"max_hp_per_floor":[77,77,77,77,77,77,77,77,77,77,77,77,77,77,77,77,77,77,77,77,77,77,77,77,77,77,77,79,79,79,79,79,79],"card_choices":[{"not_picked":["Endless Agony","Cloak And Dagger"],"picked":"Flechettes","floor":1},{"not_picked":["Predator","Masterful Stab"],"picked":"Unload","floor":6},{"not_picked":["Calculated Gamble","Backflip","Leg Sweep"],"picked":"SKIP","floor":7},{"not_picked":["Catalyst","Blade Dance"],"picked":"Blur","floor":8},{"not_picked":["Quick Slash","Dagger Throw"],"picked":"Dash","floor":11},{"not_picked":["Catalyst","Infinite Blades","Dagger Spray"],"picked":"SKIP","floor":14},{"not_picked":["Grand Finale","Malaise"],"picked":"Bullet Time","floor":16},{"not_picked":["Dash"],"picked":"SKIP","floor":18},{"not_picked":["Deadly Poison"],"picked":"SKIP","floor":22},{"not_picked":["Prepared"],"picked":"SKIP","floor":24},{"not_picked":["Cloak And Dagger"],"picked":"Singing Bowl","floor":28}],"player_experience":217569,"relics_obtained":[{"floor":6,"key":"Snake Skull"},{"floor":8,"key":"Torii"},{"floor":9,"key":"Vajra"},{"floor":24,"key":"Shovel"},{"floor":26,"key":"Singing Bowl"},{"floor":32,"key":"StoneCalendar"}],"event_choices":[{"damage_healed":0,"gold_gain":75,"player_choice":"Gather Gold","damage_taken":11,"max_hp_gain":0,"max_hp_loss":0,"event_name":"World of Goop","floor":2,"gold_loss":0},{"damage_healed":0,"gold_gain":0,"player_choice":"Success","damage_taken":7,"relics_obtained":["Art of War"],"max_hp_gain":0,"max_hp_loss":0,"event_name":"Scrap Ooze","floor":4,"gold_loss":0},{"damage_healed":25,"gold_gain":0,"player_choice":"Banana","damage_taken":0,"max_hp_gain":0,"max_hp_loss":0,"event_name":"Big Fish","floor":12,"gold_loss":0},{"damage_healed":0,"gold_gain":0,"player_choice":"Stole Relic","damage_taken":0,"relics_obtained":["Pantograph"],"max_hp_gain":0,"max_hp_loss":0,"event_name":"Addict","floor":19,"gold_loss":0,"cards_obtained":["Shame"]},{"damage_healed":0,"gold_gain":0,"player_choice":"Read","damage_taken":0,"max_hp_gain":0,"max_hp_loss":0,"event_name":"The Library","floor":20,"gold_loss":0,"cards_obtained":["Escape Plan"]},{"damage_healed":0,"gold_gain":0,"player_choice":"Became a vampire (Vial)","damage_taken":0,"max_hp_gain":0,"max_hp_loss":0,"event_name":"Vampires","floor":30,"relics_lost":["Blood Vial"],"gold_loss":0,"cards_obtained":["Bite","Bite","Bite","Bite","Bite"]},{"damage_healed":0,"gold_gain":99,"player_choice":"Stole From Cult","damage_taken":0,"max_hp_gain":0,"max_hp_loss":0,"event_name":"Nest","floor":31,"gold_loss":0}],"is_beta":false,"boss_relics":[{"not_picked":["Ring of the Serpent","Calling Bell"],"picked":"Busted Crown"}],"items_purged_floors":[3],"is_endless":false,"potions_floor_spawned":[1,6,11,22,24],"killed_by":"Champ","ascension_level":1}