{"gold_per_floor":[113,169,319,319,329,362,385,416,501,513,544,573,602,624,636,722,734,746],"floor_reached":18,"playtime":597,"items_purged":[],"score":359,"play_id":"b7799884-b06c-4154-8c14-0afd013898b5","local_time":"20190312150232","is_ascension_mode":true,"campfire_choices":[{"data":"Body Slam","floor":10,"key":"SMITH"},{"floor":15,"key":"REST"}],"neow_cost":"NONE","seed_source_timestamp":234091581234307,"circlet_count":0,"master_deck":["AscendersBane","Strike_R","Strike_R","Strike_R","Strike_R","Strike_R","Defend_R","Defend_R","Defend_R","Defend_R","Bash","Clothesline","Body Slam+1","Demon Form","Twin Strike","Shrug It Off","Corruption","Entrench","Sentinel","Limit Break","Decay","Shame","Regret"],"relics":["Burning Blood","NeowsBlessing","Bag of Marbles","MawBank","Blue Candle","Calling Bell","Vajra","Question Card","Turnip"],"potions_floor_usage":[11,12,14],"damage_taken":[{"damage":0,"enemies":"Jaw Worm","floor":1,"turns":1},{"damage":0,"enemies":"Small Slimes","floor":5,"turns":1},{"damage":0,"enemies":"Gremlin Nob","floor":6,"turns":1},{"damage":9,"enemies":"Cultist","floor":8,"turns":4},{"damage":19,"enemies":"Exordium Wildlife","floor":11,"turns":4},{"damage":53,"enemies":"Gremlin Gang","floor":12,"turns":5},{"damage":9,"enemies":"Large Slime","floor":13,"turns":6},{"damage":5,"enemies":"Red Slaver","floor":14,"turns":3},{"damage":25,"enemies":"Hexaghost","floor":16,"turns":8},{"damage":60,"enemies":"3 Byrds","floor":18,"turns":4}],"seed_played":"6480659787917728372","potions_obtained":[{"floor":5,"key":"EssenceOfSteel"},{"floor":6,"key":"Explosive Potion"},{"floor":12,"key":"GamblersBrew"},{"floor":16,"key":"SteroidPotion"}],"is_trial":false,"path_per_floor":["M","?","?","?","M","E","T","M","T","R","M","M","M","M","R","B",null,"M"],"character_chosen":"IRONCLAD","items_purchased":[],"campfire_rested":1,"item_purchase_floors":[],"current_hp_per_floor":[74,74,74,74,75,75,75,72,72,72,59,12,9,10,32,13,60,0],"gold":746,"neow_bonus":"THREE_ENEMY_KILL","is_prod":false,"is_daily":false,"chose_seed":false,"campfire_upgraded":1,"win_rate":0,"timestamp":1552363352,"path_taken":["M","?","?","?","?","E","?","M","T","R","?","M","M","M","R","BOSS","M"],"build_version":"2019-01-23","purchased_purges":0,"victory":false,"max_hp_per_floor":[75,75,75,75,75,75,75,75,75,75,75,75,75,75,75,75,75,75],"card_choices":[{"not_picked":["Wild Strike","Hemokinesis"],"picked":"Clothesline","floor":1},{"not_picked":["Power Through","Flex"],"picked":"Body Slam","floor":5},{"not_picked":["Infernal Blade","Ghostly Armor"],"picked":"Demon Form","floor":6},{"not_picked":["Searing Blow","Perfected Strike"],"picked":"Twin Strike","floor":8},{"not_picked":["True Grit","Armaments"],"picked":"Shrug It Off","floor":11},{"not_picked":["Warcry","Wild Strike"],"picked":"Corruption","floor":12},{"not_picked":["Body Slam","Wild Strike"],"picked":"Entrench","floor":13},{"not_picked":["Warcry","Corruption"],"picked":"Sentinel","floor":14},{"not_picked":["Offering","Berserk"],"picked":"Limit Break","floor":16}],"player_experience":832960,"relics_obtained":[{"floor":6,"key":"Bag of Marbles"},{"floor":7,"key":"MawBank"},{"floor":9,"key":"Blue Candle"},{"floor":17,"key":"Vajra"},{"floor":17,"key":"Question Card"},{"floor":17,"key":"Turnip"}],"event_choices":[{"damage_healed":0,"gold_gain":56,"player_choice":"Gained Gold","damage_taken":0,"max_hp_gain":0,"max_hp_loss":0,"event_name":"Golden Wing","floor":2,"gold_loss":0},{"damage_healed":0,"gold_gain":150,"player_choice":"AGREE","damage_taken":0,"max_hp_gain":0,"max_hp_loss":0,"event_name":"Liars Game","floor":3,"gold_loss":0,"cards_obtained":["Doubt"]},{"cards_removed":["Doubt"],"damage_healed":0,"gold_gain":0,"player_choice":"Removed Curses","damage_taken":0,"max_hp_gain":0,"max_hp_loss":0,"event_name":"Fountain of Cleansing","floor":4,"gold_loss":0}],"is_beta":false,"boss_relics":[{"not_picked":["Cursed Key","Velvet Choker"],"picked":"Calling Bell"}],"items_purged_floors":[],"is_endless":false,"potions_floor_spawned":[5,6,12,16],"killed_by":"3 Byrds","ascension_level":18}