{"gold_per_floor":[216,233,56,56,72,72,102,116,168,203,219,219,219,234,234,334,334,344,344,39,55,70,70,104,104,174,174,200,200,18,18,18,121,121,132,132,148,148,167,167,193,193,248,292,322,334,65,99,99,99],"floor_reached":51,"playtime":3554,"items_purged":["Strike_R","Strike_R","Strike_R"],"score":1038,"play_id":"41a48b91-dce7-4ace-9062-6dc9c33ca57a","local_time":"20190802064737","is_ascension_mode":true,"campfire_choices":[{"data":"Armaments","floor":6.0,"key":"SMITH"},{"data":"Searing Blow","floor":13.0,"key":"SMITH"},{"data":"Searing Blow+1","floor":15.0,"key":"SMITH"},{"data":"Searing Blow+3","floor":23.0,"key":"SMITH"},{"data":"Searing Blow+4","floor":25.0,"key":"SMITH"},{"data":"Searing Blow+5","floor":27.0,"key":"SMITH"},{"data":"Searing Blow+6","floor":29.0,"key":"SMITH"},{"data":"Searing Blow+7","floor":32.0,"key":"SMITH"},{"data":"Searing Blow+8","floor":40,"key":"SMITH"},{"data":"Searing Blow+9","floor":46,"key":"SMITH"},{"data":"Searing Blow+10","floor":49,"key":"SMITH"}],"neow_cost":"NONE","seed_source_timestamp":1932727297268000,"circlet_count":0,"master_deck":["Defend_R","Defend_R+1","Defend_R","Defend_R","Bash","Searing Blow+11","Armaments+1","Corruption","Shrug It Off+1","Shockwave","Headbutt","Barricade","Entrench","Shrug It Off","Dark Shackles","Juggernaut","Metallicize","Panacea"],"special_seed":0,"relics":["Burning Blood","Oddly Smooth Stone","Self Forming Clay","War Paint","Omamori","Velvet Choker","PreservedInsect","Bronze Scales","Ornamental Fan","Bag of Preparation","Sozu","Orichalcum","MawBank","Anchor","Centennial Puzzle","Boot"],"potions_floor_usage":[50,50],"damage_taken":[{"damage":3.0,"enemies":"Small Slimes","floor":1.0,"turns":4.0},{"damage":1.0,"enemies":"Cultist","floor":2.0,"turns":4.0},{"damage":5.0,"enemies":"Jaw Worm","floor":5.0,"turns":4.0},{"damage":37.0,"enemies":"Gremlin Nob","floor":7.0,"turns":6.0},{"damage":7.0,"enemies":"Exordium Wildlife","floor":8.0,"turns":5.0},{"damage":12.0,"enemies":"Lagavulin","floor":10.0,"turns":7.0},{"damage":1.0,"enemies":"Exordium Thugs","floor":11.0,"turns":6.0},{"damage":1.0,"enemies":"Large Slime","floor":14.0,"turns":6.0},{"damage":29.0,"enemies":"Hexaghost","floor":16.0,"turns":13.0},{"damage":18.0,"enemies":"Spheric Guardian","floor":18.0,"turns":5.0},{"damage":20.0,"enemies":"2 Thieves","floor":21.0,"turns":4.0},{"damage":6.0,"enemies":"Chosen and Byrds","floor":22.0,"turns":5.0},{"damage":5.0,"enemies":"Book of Stabbing","floor":24.0,"turns":4.0},{"damage":0.0,"enemies":"Gremlin Leader","floor":28.0,"turns":4.0},{"damage":18.0,"enemies":"Collector","floor":33.0,"turns":11.0},{"damage":6,"enemies":"3 Shapes","floor":35,"turns":6},{"damage":0,"enemies":"3 Darklings","floor":37,"turns":5},{"damage":2,"enemies":"Maw","floor":39,"turns":6},{"damage":0,"enemies":"Giant Head","floor":41,"turns":4},{"damage":14,"enemies":"Reptomancer","floor":44,"turns":6},{"damage":0,"enemies":"Sphere and 2 Shapes","floor":45,"turns":6},{"damage":0,"enemies":"Giant Head","floor":48,"turns":6},{"damage":0,"enemies":"Time Eater","floor":50,"turns":6}],"seed_played":"2091394715172421558","potions_obtained":[{"floor":1.0,"key":"Block Potion"},{"floor":8.0,"key":"AttackPotion"},{"floor":11.0,"key":"PowerPotion"},{"floor":22.0,"key":"PowerPotion"},{"floor":28.0,"key":"Block Potion"}],"is_trial":false,"path_per_floor":["M","M","$","?","M","R","E","M","T","E","M","?","R","M","R","B",null,"M","?","$","M","M","R","E","R","T","R","E","R","$","?","R","B",null,"M","?","M","?","M","R","E","?","T","E","M","R","$","E","R","B",null],"character_chosen":"IRONCLAD","items_purchased":["Armaments","Oddly Smooth Stone","Entrench","PreservedInsect","Dark Shackles","Centennial Puzzle"],"campfire_rested":0,"item_purchase_floors":[3,3,20,20,30,47],"current_hp_per_floor":[80,80,80,80,80,80,49,48,48,42,47,40,40,45,45,22,80,68,68,68,54,54,54,55,55,55,55,61,61,61,61,61,49,80,80,80,80,80,80,80,80,70,70,62,68,68,68,74,74,80],"gold":99,"neow_bonus":"HUNDRED_GOLD","is_prod":false,"is_daily":false,"chose_seed":false,"campfire_upgraded":11,"win_rate":1,"timestamp":1564750057,"path_taken":["M","M","$","?","?","R","E","M","T","E","M","?","R","M","R","BOSS","M","?","?","M","M","R","E","R","T","R","E","R","$","?","R","BOSS","M","?","M","?","?","R","E","?","T","E","M","R","?","E","R","BOSS"],"build_version":"2019-07-18","purchased_purges":3,"victory":true,"max_hp_per_floor":[80,80,80,80,80,80,80,80,80,80,80,80,80,80,80,80,80,80,80,80,80,80,80,80,80,80,80,80,80,80,80,80,80,80,80,80,80,80,80,80,80,80,80,80,80,80,80,80,80,80],"card_choices":[{"not_picked":["Thunderclap","Second Wind"],"picked":"Searing Blow","floor":1.0},{"not_picked":["Whirlwind","Inflame","Clash"],"picked":"SKIP","floor":2.0},{"not_picked":["Armaments","Burning Pact","Dropkick"],"picked":"SKIP","floor":5.0},{"not_picked":["True Grit","Pommel Strike"],"picked":"Shrug It Off","floor":7.0},{"not_picked":["Wild Strike","Body Slam"],"picked":"Shockwave","floor":8.0},{"not_picked":["Wild Strike","Sword Boomerang","Anger"],"picked":"SKIP","floor":10.0},{"not_picked":["Wild Strike","Shockwave"],"picked":"Headbutt","floor":11.0},{"not_picked":["Armaments","Spot Weakness","Perfected Strike"],"picked":"SKIP","floor":14.0},{"not_picked":["Dark Embrace","Offering"],"picked":"Barricade","floor":16.0},{"not_picked":["Clash+1","Wild Strike","Havoc"],"picked":"SKIP","floor":18.0},{"not_picked":["Wild Strike","Sword Boomerang+1"],"picked":"Shrug It Off","floor":21.0},{"not_picked":["Armaments","Searing Blow","Bludgeon"],"picked":"SKIP","floor":22.0},{"not_picked":["Havoc","Perfected Strike+1","Rage+1"],"picked":"SKIP","floor":24.0},{"not_picked":["Thunderclap","Clothesline","Bloodletting+1"],"picked":"SKIP","floor":28.0},{"not_picked":["Dark Embrace","Berserk"],"picked":"Juggernaut","floor":33.0},{"not_picked":["True Grit","Pommel Strike+1"],"picked":"Metallicize","floor":35},{"not_picked":["Thunderclap","Anger","True Grit"],"picked":"SKIP","floor":37},{"not_picked":["Pummel","Clothesline","True Grit+1"],"picked":"SKIP","floor":39},{"not_picked":["Iron Wave","Berserk","Inflame"],"picked":"SKIP","floor":41},{"not_picked":["Forethought","Sadistic Nature"],"picked":"Panacea","floor":42},{"not_picked":["Havoc+1","Anger+1","Carnage+1"],"picked":"SKIP","floor":44},{"not_picked":["Pummel","Wild Strike","Headbutt"],"picked":"SKIP","floor":45},{"not_picked":["Sever Soul","Reaper","Corruption"],"picked":"SKIP","floor":48}],"player_experience":58806,"relics_obtained":[{"floor":7.0,"key":"Self Forming Clay"},{"floor":9.0,"key":"War Paint"},{"floor":10.0,"key":"Omamori"},{"floor":24.0,"key":"Bronze Scales"},{"floor":26.0,"key":"Ornamental Fan"},{"floor":28.0,"key":"Bag of Preparation"},{"floor":41,"key":"Orichalcum"},{"floor":43,"key":"MawBank"},{"floor":44,"key":"Anchor"},{"floor":48,"key":"Boot"}],"event_choices":[{"damage_healed":0.0,"max_hp_gain":0.0,"max_hp_loss":0.0,"gold_gain":0.0,"cards_transformed":["Strike_R"],"event_name":"Transmorgrifier","player_choice":"Transformed","floor":4.0,"gold_loss":0.0,"damage_taken":0.0,"cards_obtained":["Corruption"]},{"cards_removed":["Strike_R"],"damage_healed":0.0,"max_hp_gain":0.0,"max_hp_loss":0.0,"gold_gain":0.0,"event_name":"Golden Wing","player_choice":"Card Removal","floor":12.0,"gold_loss":0.0,"damage_taken":7.0},{"damage_healed":0.0,"max_hp_gain":0.0,"max_hp_loss":0.0,"gold_gain":0.0,"event_name":"Upgrade Shrine","player_choice":"Upgraded","floor":19.0,"gold_loss":0.0,"damage_taken":0.0,"cards_upgraded":["Searing Blow"]},{"damage_healed":0.0,"max_hp_gain":0.0,"max_hp_loss":0.0,"gold_gain":0.0,"event_name":"Vampires","player_choice":"Ignored","floor":31.0,"gold_loss":0.0,"damage_taken":0.0},{"damage_healed":0,"gold_gain":0,"player_choice":"Ignored","damage_taken":0,"max_hp_gain":0,"max_hp_loss":0,"event_name":"Tomb of Lord Red Mask","floor":36,"gold_loss":0},{"damage_healed":0,"gold_gain":0,"player_choice":"Got Potions","damage_taken":0,"max_hp_gain":0,"max_hp_loss":0,"event_name":"Lab","floor":38,"gold_loss":0},{"damage_healed":0,"gold_gain":0,"player_choice":"Memory 3","damage_taken":10,"max_hp_gain":0,"max_hp_loss":0,"event_name":"SensoryStone","floor":42,"gold_loss":0}],"is_beta":true,"boss_relics":[{"not_picked":["White Beast Statue","Lizard Tail"],"picked":"Velvet Choker"},{"not_picked":["Tiny House","Coffee Dripper"],"picked":"Sozu"}],"items_purged_floors":[20,30,47],"is_endless":false,"potions_floor_spawned":[1,8,11,22,28,37,39,48],"ascension_level":3}