{"gold_per_floor":[360,379,379,379,270,296,311,311,361,361,361,376,406,426,426,426],"floor_reached":16,"playtime":781,"items_purged":[],"score":209,"play_id":"dac8ae80-d709-499e-b64e-385a91bb5191","local_time":"20190313211841","is_ascension_mode":true,"campfire_choices":[{"data":"Corruption","floor":8.0,"key":"SMITH"},{"floor":10.0,"key":"REST"},{"floor":15.0,"key":"REST"}],"neow_cost":"TEN_PERCENT_HP_LOSS","seed_source_timestamp":0,"circlet_count":0,"master_deck":["AscendersBane","Strike_R","Strike_R","Strike_R","Strike_R","Defend_R","Defend_R","Defend_R","Defend_R","Bash","Anger+1","Thunderclap","Armaments","Feel No Pain","Heavy Blade","Corruption+1","Feed","Exhume","Infernal Blade","Cleave"],"special_seed":0,"relics":["Burning Blood","Happy Flower","Bag of Preparation","Ornamental Fan"],"potions_floor_usage":[],"damage_taken":[{"damage":6.0,"enemies":"Cultist","floor":1.0,"turns":4.0},{"damage":0.0,"enemies":"Small Slimes","floor":2.0,"turns":3.0},{"damage":21.0,"enemies":"3 Sentries","floor":6.0,"turns":12.0},{"damage":12.0,"enemies":"Jaw Worm","floor":7.0,"turns":3.0},{"damage":14.0,"enemies":"3 Louse","floor":12.0,"turns":4.0},{"damage":16.0,"enemies":"Lagavulin","floor":13.0,"turns":7.0},{"damage":8.0,"enemies":"Exordium Thugs","floor":14.0,"turns":3.0},{"damage":80,"enemies":"Hexaghost","floor":16,"turns":12}],"seed_played":"3245854491106783178","potions_obtained":[{"floor":2.0,"key":"Strength Potion"},{"floor":7.0,"key":"Strength Potion"},{"floor":12.0,"key":"Strength Potion"}],"is_trial":false,"path_per_floor":["M","M","$","?","$","E","M","R","T","R","?","M","E","M","R","B"],"character_chosen":"IRONCLAD","items_purchased":["Armaments","Feel No Pain"],"campfire_rested":2,"item_purchase_floors":[5,5],"current_hp_per_floor":[68,68,68,68,68,53,47,47,47,67,67,62,56,57,78,0],"gold":426,"neow_bonus":"TWO_FIFTY_GOLD","is_prod":false,"is_daily":false,"chose_seed":false,"campfire_upgraded":1,"win_rate":0,"timestamp":1552472321,"path_taken":["M","?","$","?","$","E","?","R","T","R","?","M","E","M","R","BOSS"],"build_version":"2019-01-23","purchased_purges":0,"victory":false,"max_hp_per_floor":[68,68,68,68,68,68,68,68,68,68,68,71,75,78,78,78],"card_choices":[{"not_picked":["Body Slam","Perfected Strike"],"picked":"Anger","floor":1.0},{"not_picked":["Bloodletting","Power Through"],"picked":"Thunderclap","floor":2.0},{"not_picked":["Flex","Anger"],"picked":"Heavy Blade","floor":6.0},{"not_picked":["Evolve","Heavy Blade"],"picked":"Corruption","floor":7.0},{"not_picked":["Blood for Blood","Clash"],"picked":"Exhume","floor":12.0},{"not_picked":["Warcry","Sword Boomerang"],"picked":"Infernal Blade","floor":13.0},{"not_picked":["Hemokinesis","Twin Strike"],"picked":"Cleave","floor":14.0}],"player_experience":846039,"relics_obtained":[{"floor":6.0,"key":"Happy Flower"},{"floor":9.0,"key":"Bag of Preparation"},{"floor":13.0,"key":"Ornamental Fan"}],"event_choices":[{"damage_healed":0.0,"max_hp_gain":0.0,"max_hp_loss":0.0,"gold_gain":0.0,"event_name":"Upgrade Shrine","player_choice":"Upgraded","floor":4.0,"gold_loss":0.0,"damage_taken":0.0,"cards_upgraded":["Anger"]},{"damage_healed":0.0,"max_hp_gain":0.0,"max_hp_loss":0.0,"gold_gain":0.0,"cards_transformed":["Strike_R"],"event_name":"Living Wall","player_choice":"Change","floor":11.0,"gold_loss":0.0,"damage_taken":0.0,"cards_obtained":["Feed"]}],"is_beta":false,"boss_relics":[],"items_purged_floors":[],"is_endless":false,"potions_floor_spawned":[2,7,12],"killed_by":"Hexaghost","ascension_level":18}