{"gold_per_floor":[142,13,28,41,59,84,101,101,101,117,117,129,129,304,304,433,433,451,451,20,20,20,20],"floor_reached":23,"playtime":10751,"items_purged":["Strike_B","Doubt"],"score":226,"play_id":"167ad995-f0e2-4b56-b2f7-ade29f08ecc6","local_time":"20190316183215","is_ascension_mode":true,"campfire_choices":[{"data":"Streamline","floor":8,"key":"SMITH"},{"floor":11,"key":"RECALL"},{"floor":15,"key":"REST"}],"neow_cost":"NONE","seed_source_timestamp":199158884199100,"circlet_count":0,"master_deck":["Strike_B","Strike_B","Defend_B","Defend_B","Zap","Dualcast","Go for the Eyes","Streamline+1","Static Discharge","Heatsinks","Chill","Hello World","Steam+1","Rip and Tear","Leap+1","Injury","Biased Cognition","Aggregate+1","Machine Learning+1","Auto Shields+1","Conserve Battery+1","Capacitor"],"relics":["Cracked Core","Tiny Chest","Toxic Egg 2","Golden Idol","Astrolabe","Unceasing Top","Mango","Nilry\u0027s Codex"],"potions_floor_usage":[12,16,16,23,23,23],"damage_taken":[{"damage":10,"enemies":"Small Slimes","floor":1,"turns":4},{"damage":0,"enemies":"2 Louse","floor":3,"turns":2},{"damage":0,"enemies":"Jaw Worm","floor":4,"turns":4},{"damage":1,"enemies":"Large Slime","floor":5,"turns":6},{"damage":13,"enemies":"Lagavulin","floor":6,"turns":6},{"damage":1,"enemies":"3 Louse","floor":7,"turns":4},{"damage":5,"enemies":"2 Fungi Beasts","floor":10,"turns":3},{"damage":16,"enemies":"Large Slime","floor":12,"turns":5},{"damage":2,"enemies":"Hexaghost","floor":16,"turns":11},{"damage":32,"enemies":"2 Thieves","floor":18,"turns":5},{"damage":47,"enemies":"Slavers","floor":23,"turns":5}],"seed_played":"-6591378398760326539","potions_obtained":[{"floor":6,"key":"SpeedPotion"},{"floor":7,"key":"Dexterity Potion"},{"floor":10,"key":"Fruit Juice"},{"floor":12,"key":"SpeedPotion"},{"floor":16,"key":"Strength Potion"},{"floor":18,"key":"Poison Potion"}],"is_trial":false,"path_per_floor":["M","$","M","M","M","E","M","R","T","M","R","M","?","?","R","B",null,"M","?","$","?","$","E"],"character_chosen":"DEFECT","items_purchased":["Streamline","Capacitor","Mango"],"campfire_rested":1,"item_purchase_floors":[2,20,20],"current_hp_per_floor":[65,65,65,65,64,51,50,50,50,45,45,34,34,34,58,56,80,48,48,62,46,46,0],"gold":20,"neow_bonus":"RANDOM_COMMON_RELIC","is_prod":false,"is_daily":false,"chose_seed":false,"campfire_upgraded":1,"win_rate":0,"timestamp":1552786335,"path_taken":["M","$","M","M","M","E","M","R","T","M","R","M","?","?","R","BOSS","M","?","$","?","$","E"],"build_version":"2019-01-23","purchased_purges":2,"victory":false,"max_hp_per_floor":[75,75,75,75,75,75,75,75,75,75,75,80,80,80,80,80,80,80,80,94,94,94,94],"card_choices":[{"not_picked":["Sweeping Beam","Cold Snap"],"picked":"Go for the Eyes","floor":1},{"not_picked":["Scrape","Hologram"],"picked":"Static Discharge","floor":3},{"not_picked":["Leap","Scrape"],"picked":"Heatsinks","floor":4},{"not_picked":["Turbo","Scrape"],"picked":"Chill","floor":5},{"not_picked":["Auto Shields","Barrage"],"picked":"Hello World","floor":6},{"not_picked":["Leap+1","Stack+1"],"picked":"Steam+1","floor":7},{"not_picked":["Cold Snap","Gash"],"picked":"Rip and Tear","floor":10},{"not_picked":["Ball Lightning","Compile Driver"],"picked":"Leap+1","floor":12},{"not_picked":["Machine Learning","Electrodynamics"],"picked":"Biased Cognition","floor":16},{"not_picked":["Coolheaded+1","Leap+1"],"picked":"Conserve Battery+1","floor":18}],"player_experience":316036,"relics_obtained":[{"floor":6,"key":"Toxic Egg 2"},{"floor":21,"key":"Nilry\u0027s Codex"}],"event_choices":[{"damage_healed":0,"gold_gain":0,"player_choice":"Take Wound","damage_taken":0,"relics_obtained":["Golden Idol"],"max_hp_gain":0,"max_hp_loss":0,"event_name":"Golden Idol","floor":13,"gold_loss":0,"cards_obtained":["Injury"]},{"damage_healed":0,"gold_gain":175,"player_choice":"AGREE","damage_taken":0,"max_hp_gain":0,"max_hp_loss":0,"event_name":"Liars Game","floor":14,"gold_loss":0,"cards_obtained":["Doubt"]},{"damage_healed":0,"gold_gain":0,"player_choice":"Opened","damage_taken":0,"relics_obtained":["Unceasing Top"],"max_hp_gain":0,"max_hp_loss":0,"event_name":"The Mausoleum","floor":19,"gold_loss":0},{"damage_healed":0,"gold_gain":0,"player_choice":"Obtained Book","damage_taken":16,"max_hp_gain":0,"max_hp_loss":0,"event_name":"Cursed Tome","floor":21,"gold_loss":0}],"is_beta":false,"boss_relics":[{"not_picked":["Calling Bell","Velvet Choker"],"picked":"Astrolabe"}],"items_purged_floors":[2,20],"is_endless":false,"potions_floor_spawned":[6,7,10,12,16,18],"killed_by":"Slavers","ascension_level":1}