{"gold_per_floor":[114,114,133,58,119,150,150,200,200,200,250,264,329,111,111,183,183,183],"floor_reached":18,"playtime":485,"items_purged":["Strike_B","Strike_B"],"score":320,"play_id":"cecb93e4-cd63-4bda-9375-896b974b9acc","local_time":"20190530133134","is_ascension_mode":true,"campfire_choices":[{"data":"Streamline","floor":7.0,"key":"SMITH"},{"data":"Turbo","floor":10.0,"key":"SMITH"},{"floor":15,"key":"REST"}],"neow_cost":"NONE","seed_source_timestamp":787106600586183,"circlet_count":0,"master_deck":["AscendersBane","Strike_B","Strike_B+1","Defend_B+1","Defend_B","Defend_B","Defend_B","Zap","Dualcast","Streamline+1","Reinforced Body","Turbo+1","Chill","Heatsinks","Sunder","Self Repair","Biased Cognition"],"special_seed":0,"relics":["FrozenCore","NeowsBlessing","SsserpentHead","Incense Burner","Cables"],"potions_floor_usage":[16],"damage_taken":[{"damage":0.0,"enemies":"Cultist","floor":1.0,"turns":1.0},{"damage":0.0,"enemies":"2 Louse","floor":3.0,"turns":1.0},{"damage":0.0,"enemies":"Jaw Worm","floor":5.0,"turns":1.0},{"damage":17.0,"enemies":"Lagavulin","floor":6.0,"turns":7.0},{"damage":5,"enemies":"Exordium Wildlife","floor":12,"turns":5},{"damage":2,"enemies":"Gremlin Gang","floor":13,"turns":6},{"damage":20,"enemies":"Slime Boss","floor":16,"turns":12},{"damage":19,"enemies":"3 Byrds","floor":18,"turns":3}],"seed_played":"7771259646317334548","potions_obtained":[{"floor":5.0,"key":"EntropicBrew"},{"floor":6.0,"key":"Weak Potion"},{"floor":12,"key":"Fire Potion"},{"floor":16,"key":"Ancient Potion"}],"is_trial":false,"path_per_floor":["M","?","M","$","M","E","R","?","T","R","?","M","M","$","R","B",null,"M"],"character_chosen":"DEFECT","items_purchased":["Sunder","Self Repair"],"campfire_rested":1,"item_purchase_floors":[14,14],"current_hp_per_floor":[64,64,64,64,64,47,47,26,26,26,26,21,19,19,40,27,60,41],"gold":183,"neow_bonus":"THREE_ENEMY_KILL","is_prod":false,"is_daily":false,"chose_seed":false,"campfire_upgraded":2,"win_rate":0,"timestamp":1559194294,"path_taken":["M","?","M","$","?","E","R","?","T","R","?","M","?","$","R","BOSS","M"],"build_version":"2019-01-23","purchased_purges":2,"victory":false,"max_hp_per_floor":[71,71,71,71,71,71,71,71,71,71,71,71,71,71,71,71,71,71],"card_choices":[{"not_picked":["Stack","Aggregate"],"picked":"Streamline","floor":1.0},{"not_picked":["Streamline","Steam"],"picked":"Reinforced Body","floor":3.0},{"not_picked":["Redo","Leap"],"picked":"Turbo","floor":5.0},{"not_picked":["Fusion","Multi-Cast"],"picked":"Chill","floor":6.0},{"not_picked":["Cold Snap","Blizzard"],"picked":"Heatsinks","floor":12},{"not_picked":["Rebound","Chill","Doom and Gloom"],"picked":"SKIP","floor":13},{"not_picked":["Hyperbeam","Machine Learning"],"picked":"Biased Cognition","floor":16}],"player_experience":961518,"relics_obtained":[{"floor":6.0,"key":"Incense Burner"},{"floor":9.0,"key":"Cables"}],"event_choices":[{"damage_healed":0.0,"max_hp_gain":0.0,"max_hp_loss":0.0,"gold_gain":0.0,"event_name":"FaceTrader","player_choice":"Trade","floor":2.0,"gold_loss":0.0,"damage_taken":0.0,"relics_obtained":["SsserpentHead"]},{"damage_healed":0.0,"max_hp_gain":0.0,"max_hp_loss":0.0,"gold_gain":0.0,"event_name":"Shining Light","player_choice":"Entered Light","floor":8.0,"gold_loss":0.0,"damage_taken":21.0,"cards_upgraded":["Strike_B","Defend_B"]},{"damage_healed":0,"gold_gain":0,"player_choice":"Searched \u00270\u0027 times","damage_taken":0,"max_hp_gain":0,"max_hp_loss":0,"event_name":"Dead Adventurer","floor":11,"gold_loss":0}],"is_beta":false,"boss_relics":[{"not_picked":["Busted Crown","Nuclear Battery"],"picked":"FrozenCore"}],"items_purged_floors":[4,14],"is_endless":false,"potions_floor_spawned":[5,6,12,16],"killed_by":"3 Byrds","ascension_level":20}