{"gold_per_floor":[115,115,61,61,37,64,391,391,391,453,628,653,653,613,613,739,739,763,763,763,193,220,220,256,256,338,338,331,331,331,331,331,455,455,476,476,576,909,258,258,286,286,286,303,10,39,59,159,159,159],"floor_reached":50,"playtime":3047,"items_purged":["Strike_B"],"score":857,"play_id":"a6ef6c96-e19c-4a77-9e7d-40a81c28fa96","local_time":"20190202082004","is_ascension_mode":true,"campfire_choices":[{"data":"Sweeping Beam","floor":8.0,"key":"SMITH"},{"floor":15.0,"key":"REST"},{"floor":23.0,"key":"REST"},{"floor":25.0,"key":"REST"},{"floor":27.0,"key":"REST"},{"floor":32.0,"key":"REST"},{"floor":40.0,"key":"REST"},{"data":"Echo Form","floor":42.0,"key":"SMITH"},{"data":"Buffer","floor":49.0,"key":"SMITH"}],"neow_cost":"NONE","seed_source_timestamp":10891242497685,"circlet_count":0,"master_deck":["Defend_B","Defend_B","Defend_B","Defend_B","Zap","Dualcast","Sweeping Beam+1","Cold Snap","Beam Cell","Gash","Gash","Buffer+1","Redo","Electrodynamics","Steam","Conserve Battery","Heatsinks","Reinforced Body","Stack","Streamline","Go for the Eyes","Loop+1","Glacier","Echo Form+1","Compile Driver","Gash","All For One","Redo","Stack","Chill","Self Repair","Cold Snap+1","Gash+1","Gash","Go for the Eyes","Conserve Battery","Conserve Battery+1"],"special_seed":0,"relics":["FrozenCore","NeowsBlessing","WingedGreaves","Regal Pillow","Old Coin","Juzu Bracelet","Tiny Chest","PreservedInsect","Black Star","FossilizedHelix","Dream Catcher","Ornamental Fan","StoneCalendar","Cables","Pantograph","Happy Flower","Toy Ornithopter","Gambling Chip","Smiling Mask","Peace Pipe","Ice Cream","Gremlin Horn","Du-Vu Doll","Prayer Wheel"],"potions_floor_usage":[50],"damage_taken":[{"damage":0.0,"enemies":"2 Louse","floor":1.0,"turns":1.0},{"damage":0.0,"enemies":"Gremlin Nob","floor":6.0,"turns":1.0},{"damage":0.0,"enemies":"3 Sentries","floor":7.0,"turns":1.0},{"damage":16.0,"enemies":"Lagavulin","floor":10.0,"turns":7.0},{"damage":16.0,"enemies":"Gremlin Nob","floor":12.0,"turns":4.0},{"damage":44.0,"enemies":"The Guardian","floor":16.0,"turns":14.0},{"damage":33.0,"enemies":"Shell Parasite","floor":18.0,"turns":7.0},{"damage":55.0,"enemies":"Book of Stabbing","floor":24.0,"turns":7.0},{"damage":10.0,"enemies":"2 Thieves","floor":28.0,"turns":4.0},{"damage":17.0,"enemies":"Colosseum Slavers","floor":29.0,"turns":4.0},{"damage":26.0,"enemies":"Automaton","floor":33.0,"turns":9.0},{"damage":20.0,"enemies":"3 Darklings","floor":35.0,"turns":7.0},{"damage":7.0,"enemies":"Nemesis","floor":41.0,"turns":9.0},{"damage":0.0,"enemies":"Orb Walker","floor":44.0,"turns":5.0},{"damage":44.0,"enemies":"Reptomancer","floor":46.0,"turns":7.0},{"damage":11.0,"enemies":"4 Shapes","floor":47.0,"turns":6.0},{"damage":0.0,"enemies":"Mind Bloom Boss Battle","floor":48.0,"turns":9.0},{"damage":85,"enemies":"Donu and Deca","floor":50,"turns":12}],"seed_played":"6196199804913760256","potions_obtained":[{"floor":1.0,"key":"Ancient Potion"},{"floor":6.0,"key":"Swift Potion"},{"floor":7.0,"key":"Energy Potion"},{"floor":33.0,"key":"SpeedPotion"},{"floor":41.0,"key":"PowerPotion"},{"floor":46.0,"key":"Regen Potion"}],"is_trial":false,"path_per_floor":["M","?","$","?","$","E","E","R","T","E","?","E","?","?","R","B",null,"M","?","?","$","T","R","E","R","T","R","M","?","?","?","R","B",null,"M","T","?","?","$","R","E","R","T","M","$","E","M","?","R","B"],"character_chosen":"DEFECT","items_purchased":["Cold Snap","Beam Cell","Conserve Battery","Heatsinks","Fruit Juice","FossilizedHelix","Reinforced Body","Happy Flower","Stack","Chill","Self Repair","Toy Ornithopter","AttackPotion","Ice Cream"],"campfire_rested":6,"item_purchase_floors":[3,5,21,21,21,21,21,39,39,39,39,39,39,45],"current_hp_per_floor":[68,65,65,65,65,65,65,65,65,49,49,33,15,15,52,8,58,25,50,50,50,55,80,25,64,64,80,70,53,53,53,80,54,74,54,54,54,54,54,80,80,80,80,80,80,48,56,80,80,0],"gold":159,"neow_bonus":"THREE_ENEMY_KILL","is_prod":false,"is_daily":false,"chose_seed":false,"campfire_upgraded":3,"win_rate":0,"timestamp":1549066804,"path_taken":["M","?","$","?","$","E","E","R","T","E","?","E","?","?","R","BOSS","M","?","?","$","?","R","E","R","T","R","M","?","?","?","R","BOSS","M","?","?","?","$","R","E","R","T","M","$","E","M","?","R","BOSS"],"build_version":"2019-01-23","purchased_purges":1,"victory":false,"max_hp_per_floor":[75,75,75,75,75,75,75,75,75,75,75,75,75,75,75,75,75,75,75,75,75,80,80,80,80,80,80,80,80,80,80,80,80,80,80,80,80,80,80,80,80,80,80,80,80,80,80,80,80,80],"card_choices":[{"not_picked":["Static Discharge","Redo"],"picked":"Sweeping Beam","floor":1.0},{"not_picked":["Hologram","Redo"],"picked":"Gash","floor":6.0},{"not_picked":["Redo","Hello World"],"picked":"Gash","floor":7.0},{"not_picked":["Self Repair","Ball Lightning"],"picked":"Buffer","floor":10.0},{"not_picked":["Sweeping Beam","Barrage"],"picked":"Redo","floor":12.0},{"not_picked":["Amplify","Core Surge"],"picked":"Electrodynamics","floor":16.0},{"not_picked":["Storm","Streamline"],"picked":"Steam","floor":18.0},{"not_picked":["Static Discharge","Rip and Tear"],"picked":"Stack","floor":23.0},{"not_picked":["Static Discharge","Electrodynamics"],"picked":"Streamline","floor":24.0},{"not_picked":["Doom and Gloom","Heatsinks"],"picked":"Go for the Eyes","floor":25.0},{"not_picked":["BootSequence","Conserve Battery"],"picked":"Loop+1","floor":27.0},{"not_picked":["Steam","Genetic Algorithm+1"],"picked":"Glacier","floor":28.0},{"not_picked":["Barrage","Multi-Cast"],"picked":"Gash","floor":32.0},{"not_picked":["Seek","Electrodynamics"],"picked":"All For One","floor":33.0},{"not_picked":["Compile Driver","Steam+1"],"picked":"Redo","floor":35.0},{"not_picked":["Redo","Barrage"],"picked":"Cold Snap+1","floor":40.0},{"not_picked":["Stack","Hello World+1"],"picked":"Gash+1","floor":41.0},{"not_picked":["Cold Snap","Sweeping Beam"],"picked":"Gash","floor":44.0},{"not_picked":["Tempest","Cold Snap"],"picked":"Go for the Eyes","floor":46.0},{"not_picked":["Leap","Heatsinks"],"picked":"Conserve Battery","floor":47.0},{"not_picked":["Steam+1","Genetic Algorithm"],"picked":"Conserve Battery+1","floor":48.0}],"player_experience":593842,"relics_obtained":[{"floor":6.0,"key":"Regal Pillow"},{"floor":7.0,"key":"Old Coin"},{"floor":9.0,"key":"Juzu Bracelet"},{"floor":10.0,"key":"Tiny Chest"},{"floor":12.0,"key":"PreservedInsect"},{"floor":22.0,"key":"Dream Catcher"},{"floor":24.0,"key":"Ornamental Fan"},{"floor":24.0,"key":"StoneCalendar"},{"floor":26.0,"key":"Cables"},{"floor":36.0,"key":"Pantograph"},{"floor":41.0,"key":"Gambling Chip"},{"floor":41.0,"key":"Smiling Mask"},{"floor":43.0,"key":"Peace Pipe"},{"floor":46.0,"key":"Gremlin Horn"},{"floor":46.0,"key":"Du-Vu Doll"},{"floor":48.0,"key":"Prayer Wheel"}],"event_choices":[{"damage_healed":0.0,"max_hp_gain":0.0,"max_hp_loss":0.0,"gold_gain":0.0,"event_name":"Scrap Ooze","player_choice":"Success","floor":2.0,"gold_loss":0.0,"damage_taken":3.0,"relics_obtained":["WingedGreaves"]},{"cards_removed":["Strike_B"],"damage_healed":0.0,"max_hp_gain":0.0,"max_hp_loss":0.0,"gold_gain":0.0,"event_name":"Wheel of Change","player_choice":"Card Removal","floor":4.0,"gold_loss":0.0,"damage_taken":0.0},{"damage_healed":0.0,"max_hp_gain":0.0,"max_hp_loss":0.0,"gold_gain":175.0,"event_name":"Liars Game","player_choice":"AGREE","floor":11.0,"gold_loss":0.0,"damage_taken":0.0,"cards_obtained":["Doubt"]},{"damage_healed":0.0,"max_hp_gain":0.0,"max_hp_loss":0.0,"gold_gain":0.0,"event_name":"Golden Idol","player_choice":"Take Damage","floor":13.0,"gold_loss":0.0,"damage_taken":18.0,"relics_obtained":["Golden Idol"]},{"damage_healed":0.0,"max_hp_gain":0.0,"max_hp_loss":0.0,"gold_gain":0.0,"event_name":"World of Goop","player_choice":"Left Gold","floor":14.0,"gold_loss":40.0,"damage_taken":0.0},{"damage_healed":25.0,"max_hp_gain":0.0,"max_hp_loss":0.0,"gold_gain":0.0,"event_name":"The Library","player_choice":"Heal","floor":19.0,"gold_loss":0.0,"damage_taken":0.0},{"damage_healed":0.0,"max_hp_gain":0.0,"max_hp_loss":0.0,"gold_gain":0.0,"event_name":"Vampires","player_choice":"Ignored","floor":20.0,"gold_loss":0.0,"damage_taken":0.0},{"damage_healed":0.0,"max_hp_gain":0.0,"max_hp_loss":0.0,"gold_gain":0.0,"event_name":"Colosseum","player_choice":"Fight","floor":29.0,"gold_loss":0.0,"damage_taken":0.0},{"damage_healed":0.0,"max_hp_gain":0.0,"max_hp_loss":0.0,"gold_gain":0.0,"event_name":"Colosseum","player_choice":"Fled From Nobs","floor":29.0,"gold_loss":0.0,"damage_taken":0.0},{"damage_healed":0.0,"max_hp_gain":0.0,"max_hp_loss":0.0,"gold_gain":0.0,"cards_transformed":["Strike_B","Strike_B"],"event_name":"Drug Dealer","player_choice":"Became Test Subject","floor":30.0,"gold_loss":0.0,"damage_taken":0.0,"cards_obtained":["Echo Form","Compile Driver"]},{"cards_removed":["Doubt"],"damage_healed":0.0,"max_hp_gain":0.0,"max_hp_loss":0.0,"gold_gain":0.0,"event_name":"Fountain of Cleansing","player_choice":"Removed Curses","floor":31.0,"gold_loss":0.0,"damage_taken":0.0},{"damage_healed":0.0,"max_hp_gain":0.0,"max_hp_loss":0.0,"gold_gain":100.0,"event_name":"Golden Shrine","player_choice":"Pray","floor":37.0,"gold_loss":0.0,"damage_taken":0.0},{"damage_healed":0.0,"max_hp_gain":0.0,"max_hp_loss":0.0,"gold_gain":333.0,"event_name":"The Moai Head","player_choice":"Gave Idol","floor":38.0,"relics_lost":["Golden Idol"],"gold_loss":0.0,"damage_taken":0.0},{"damage_healed":0.0,"max_hp_gain":0.0,"max_hp_loss":0.0,"gold_gain":0.0,"event_name":"MindBloom","player_choice":"Fight","floor":48.0,"gold_loss":0.0,"damage_taken":0.0}],"is_beta":false,"boss_relics":[{"not_picked":["Runic Dome","Empty Cage"],"picked":"Black Star"},{"not_picked":["Lizard Tail","Busted Crown"],"picked":"FrozenCore"}],"items_purged_floors":[39],"is_endless":false,"potions_floor_spawned":[1,6,7,33,41,46],"killed_by":"Donu and Deca","ascension_level":6}