{"gold_per_floor":[109,109,184,105,129,129,173,198,236,278,325,337,367,392,404,515,527,559,571,583],"floor_reached":20,"playtime":791,"items_purged":[],"score":390,"play_id":"86480f98-dba2-4db6-8ed1-2b91aedd5954","local_time":"20190306182956","is_ascension_mode":true,"campfire_choices":[{"data":"Limit Break","floor":6,"key":"SMITH"},{"floor":12,"key":"REST"},{"floor":15,"key":"REST"}],"neow_cost":"NONE","seed_source_timestamp":49481604881862,"circlet_count":0,"master_deck":["AscendersBane","Strike_R","Strike_R","Defend_R","Defend_R","Defend_R+1","Defend_R+1","Bash","Shrug It Off","Injury","Limit Break+1","Ghostly Armor","Carnage","Anger","True Grit","Impervious","Berserk+1","Inflame+1","Wild Strike+1","Entrench"],"relics":["Burning Blood","NeowsBlessing","Golden Idol","Incense Burner","MawBank","Oddly Smooth Stone","Tiny Chest","War Paint","Astrolabe"],"potions_floor_usage":[16],"damage_taken":[{"damage":0,"enemies":"Jaw Worm","floor":1,"turns":1},{"damage":0,"enemies":"Small Slimes","floor":5,"turns":1},{"damage":0,"enemies":"Lagavulin","floor":7,"turns":1},{"damage":44,"enemies":"3 Sentries","floor":11,"turns":17},{"damage":7,"enemies":"Cultist","floor":13,"turns":5},{"damage":33,"enemies":"Exordium Thugs","floor":14,"turns":7},{"damage":37,"enemies":"Hexaghost","floor":16,"turns":11},{"damage":46,"enemies":"Shell Parasite","floor":18,"turns":8},{"damage":29,"enemies":"Chosen","floor":20,"turns":5}],"seed_played":"-1222510761469910649","potions_obtained":[{"floor":7,"key":"SneckoOil"},{"floor":14,"key":"Strength Potion"},{"floor":18,"key":"Explosive Potion"}],"is_trial":false,"path_per_floor":["M","?","?","$","M","R","E","T","T","?","E","R","M","M","R","B",null,"M","$","M"],"character_chosen":"IRONCLAD","items_purchased":["Limit Break"],"campfire_rested":2,"item_purchase_floors":[4],"current_hp_per_floor":[74,74,63,63,69,69,75,75,75,75,37,59,58,31,53,22,62,22,22,0],"gold":583,"neow_bonus":"THREE_ENEMY_KILL","is_prod":false,"is_daily":false,"chose_seed":false,"campfire_upgraded":1,"win_rate":0,"timestamp":1551857396,"path_taken":["M","?","?","?","?","R","E","?","T","?","E","R","M","?","R","BOSS","M","$","M"],"build_version":"2019-01-23","purchased_purges":0,"victory":false,"max_hp_per_floor":[75,75,75,75,75,75,75,75,75,75,75,75,75,75,75,75,75,75,75,75],"card_choices":[{"not_picked":["Perfected Strike","Evolve"],"picked":"Shrug It Off","floor":1},{"not_picked":["Thunderclap","Havoc"],"picked":"Ghostly Armor","floor":5},{"not_picked":["Wild Strike","Hemokinesis"],"picked":"Carnage","floor":7},{"not_picked":["Sever Soul","Perfected Strike","Searing Blow"],"picked":"SKIP","floor":11},{"not_picked":["True Grit","Havoc"],"picked":"Anger","floor":13},{"not_picked":["Cleave","Dropkick"],"picked":"True Grit","floor":14},{"not_picked":["Dark Embrace","Feed"],"picked":"Impervious","floor":16},{"not_picked":["Second Wind","Clothesline"],"picked":"Entrench","floor":18}],"player_experience":809317,"relics_obtained":[{"floor":7,"key":"Incense Burner"},{"floor":8,"key":"MawBank"},{"floor":9,"key":"Oddly Smooth Stone"},{"floor":11,"key":"War Paint"}],"event_choices":[{"damage_healed":0,"gold_gain":0,"player_choice":"Take Wound","damage_taken":0,"relics_obtained":["Golden Idol"],"max_hp_gain":0,"max_hp_loss":0,"event_name":"Golden Idol","floor":2,"gold_loss":0,"cards_obtained":["Injury"]},{"damage_healed":0,"gold_gain":75,"player_choice":"Gather Gold","damage_taken":11,"max_hp_gain":0,"max_hp_loss":0,"event_name":"World of Goop","floor":3,"gold_loss":0},{"damage_healed":0,"gold_gain":0,"player_choice":"Gave Potion","damage_taken":0,"relics_obtained":["Tiny Chest"],"max_hp_gain":0,"max_hp_loss":0,"event_name":"WeMeetAgain","floor":10,"gold_loss":0}],"is_beta":false,"boss_relics":[{"not_picked":["Coffee Dripper","Black Blood"],"picked":"Astrolabe"}],"items_purged_floors":[],"is_endless":false,"potions_floor_spawned":[7,14,18],"killed_by":"Chosen","ascension_level":18}