{"gold_per_floor":[117,137,149,163,238,264,264,284,284,284,299,299,32,43,43,146,146,146,86,86,86,86,86,86,86,86,86,86,38,38,38,38,38],"floor_reached":33,"playtime":4845,"items_purged":[],"score":316,"play_id":"26640bba-7281-4886-b733-33a76358cd50","local_time":"20190223163137","is_ascension_mode":false,"campfire_choices":[{"data":"Bash","floor":7,"key":"SMITH"},{"floor":10,"key":"REST"},{"data":"Fire Breathing","floor":15,"key":"SMITH"},{"data":"Rage","floor":24,"key":"SMITH"},{"floor":32,"key":"REST"}],"neow_cost":"NONE","seed_source_timestamp":344802216827900,"circlet_count":0,"master_deck":["Strike_R","Strike_R","Strike_R","Strike_R","Strike_R","Defend_R","Defend_R","Defend_R","Defend_R","Bash+1","Iron Wave","Dual Wield","Anger","Shrug It Off","Dropkick","Armaments","Perfected Strike","Fire Breathing+1","Impervious","Feed","Body Slam","Infernal Blade","Rampage+1","Decay","Rage+1","Ghostly Armor","Cleave","Iron Wave+1","Feel No Pain+1"],"relics":["Burning Blood","Paper Frog","Question Card","HandDrill","Ectoplasm","Lantern","Vajra","Pocketwatch","Nilry\u0027s Codex"],"potions_floor_usage":[16,16,16,18,20,30,30,31,33],"damage_taken":[{"damage":7,"enemies":"Small Slimes","floor":1,"turns":5},{"damage":2,"enemies":"2 Louse","floor":2,"turns":3},{"damage":1,"enemies":"Cultist","floor":3,"turns":4},{"damage":4,"enemies":"2 Fungi Beasts","floor":4,"turns":4},{"damage":39,"enemies":"3 Sentries","floor":6,"turns":9},{"damage":12,"enemies":"3 Louse","floor":8,"turns":5},{"damage":4,"enemies":"Blue Slaver","floor":11,"turns":4},{"damage":2,"enemies":"Looter","floor":14,"turns":3},{"damage":54,"enemies":"Slime Boss","floor":16,"turns":13},{"damage":35,"enemies":"Spheric Guardian","floor":18,"turns":8},{"damage":20,"enemies":"2 Thieves","floor":19,"turns":4},{"damage":11,"enemies":"Centurion and Healer","floor":20,"turns":6},{"damage":43,"enemies":"Book of Stabbing","floor":23,"turns":6},{"damage":17,"enemies":"Snake Plant","floor":25,"turns":3},{"damage":7,"enemies":"Gremlin Leader","floor":27,"turns":9},{"damage":20,"enemies":"Sentry and Sphere","floor":30,"turns":7},{"damage":3,"enemies":"Cultist and Chosen","floor":31,"turns":4},{"damage":51,"enemies":"Collector","floor":33,"turns":5}],"seed_played":"-3998334106055728076","potions_obtained":[{"floor":2,"key":"SteroidPotion"},{"floor":3,"key":"EssenceOfSteel"},{"floor":8,"key":"Swift Potion"},{"floor":11,"key":"FearPotion"},{"floor":16,"key":"BloodPotion"},{"floor":19,"key":"Energy Potion"},{"floor":23,"key":"EssenceOfSteel"},{"floor":30,"key":"Poison Potion"},{"floor":31,"key":"EssenceOfSteel"}],"is_trial":false,"path_per_floor":["M","M","M","M","?","E","R","M","T","R","M","?","$","M","R","B",null,"M","M","M","?","?","E","R","M","T","E","?","$","M","M","R","B"],"character_chosen":"IRONCLAD","items_purchased":["HandDrill","Fire Breathing","FearPotion"],"campfire_rested":2,"item_purchase_floors":[13,13,29],"current_hp_per_floor":[87,88,88,88,77,44,44,38,38,64,66,66,66,70,70,22,88,71,60,55,86,86,49,49,38,38,37,21,21,7,10,38,0],"gold":38,"neow_bonus":"TEN_PERCENT_HP_BONUS","is_prod":false,"is_daily":false,"chose_seed":false,"campfire_upgraded":3,"win_rate":0.0,"timestamp":1550964697,"path_taken":["M","M","M","M","?","E","R","M","T","R","M","?","$","M","R","BOSS","M","M","M","?","?","E","R","M","T","E","?","?","M","M","R","BOSS"],"build_version":"2019-01-23","purchased_purges":0,"victory":false,"max_hp_per_floor":[88,88,88,88,88,88,88,88,88,88,88,88,88,88,88,88,88,92,95,95,95,95,95,95,95,95,95,95,95,95,95,95,95],"card_choices":[{"not_picked":["Clash","Clothesline"],"picked":"Iron Wave","floor":1},{"not_picked":["Headbutt","Armaments"],"picked":"Dual Wield","floor":2},{"not_picked":["Dual Wield","Blood for Blood"],"picked":"Anger","floor":3},{"not_picked":["Clothesline","Body Slam"],"picked":"Shrug It Off","floor":4},{"not_picked":["Dual Wield","Clothesline"],"picked":"Dropkick","floor":6},{"not_picked":["Pummel","Clothesline"],"picked":"Armaments","floor":8},{"not_picked":["Seeing Red","Entrench","Clothesline"],"picked":"Perfected Strike","floor":11},{"not_picked":["Rupture","Iron Wave","Clash"],"picked":"Impervious","floor":14},{"not_picked":["Dark Embrace","Offering","Reaper"],"picked":"Feed","floor":16},{"not_picked":["Searing Blow","Armaments","Hemokinesis"],"picked":"Body Slam","floor":18},{"not_picked":["Pommel Strike","Intimidate","Perfected Strike+1"],"picked":"Infernal Blade","floor":19},{"not_picked":["Infernal Blade","Corruption","Clothesline+1"],"picked":"Rampage+1","floor":20},{"not_picked":["Reaper","Flame Barrier","Clothesline+1"],"picked":"Rage","floor":23},{"not_picked":["True Grit","Warcry","Burning Pact"],"picked":"Ghostly Armor","floor":25},{"not_picked":["Clash","Berserk","Twin Strike"],"picked":"Cleave","floor":27},{"not_picked":["Seeing Red","Corruption","Sword Boomerang+1"],"picked":"Iron Wave+1","floor":30},{"not_picked":["Shrug It Off","Flex","Iron Wave+1"],"picked":"Feel No Pain+1","floor":31}],"player_experience":19769,"relics_obtained":[{"floor":6,"key":"Paper Frog"},{"floor":9,"key":"Question Card"},{"floor":23,"key":"Lantern"},{"floor":26,"key":"Vajra"},{"floor":27,"key":"Pocketwatch"},{"floor":28,"key":"Nilry\u0027s Codex"}],"event_choices":[{"damage_healed":0,"gold_gain":75,"player_choice":"Gather Gold","damage_taken":11,"max_hp_gain":0,"max_hp_loss":0,"event_name":"World of Goop","floor":5,"gold_loss":0},{"damage_healed":0,"gold_gain":0,"player_choice":"Leave","damage_taken":0,"max_hp_gain":0,"max_hp_loss":0,"event_name":"The Cleric","floor":12,"gold_loss":0},{"damage_healed":31,"gold_gain":0,"player_choice":"Heal","damage_taken":0,"max_hp_gain":0,"max_hp_loss":0,"event_name":"The Library","floor":21,"gold_loss":0},{"damage_healed":0,"gold_gain":0,"player_choice":"Smashed Altar","damage_taken":0,"max_hp_gain":0,"max_hp_loss":0,"event_name":"Forgotten Altar","floor":22,"gold_loss":0,"cards_obtained":["Decay"]},{"damage_healed":0,"gold_gain":0,"player_choice":"Obtained Book","damage_taken":16,"max_hp_gain":0,"max_hp_loss":0,"event_name":"Cursed Tome","floor":28,"gold_loss":0}],"is_beta":false,"boss_relics":[{"not_picked":["Empty Cage","Cursed Key"],"picked":"Ectoplasm"}],"items_purged_floors":[],"is_endless":false,"potions_floor_spawned":[2,3,8,11,16,19,23,30,31],"killed_by":"Collector","ascension_level":0}