{"gold_per_floor":[360,360,126,126,141,141,166,166],"floor_reached":8,"playtime":261,"items_purged":[],"score":62,"play_id":"67c87170-be1a-41f1-908c-c695ec878156","local_time":"20190125110528","is_ascension_mode":true,"campfire_choices":[{"data":"Hologram","floor":6,"key":"SMITH"}],"neow_cost":"TEN_PERCENT_HP_LOSS","seed_source_timestamp":192400796165804,"circlet_count":0,"master_deck":["Strike_B","Strike_B","Strike_B","Defend_B","Defend_B","Defend_B","Defend_B","Zap","Dualcast","Defragment","Defragment","Sweeping Beam","Hologram+1","Turbo"],"relics":["Cracked Core","GremlinMask","Regal Pillow","Potion Belt"],"potions_floor_usage":[],"damage_taken":[{"damage":12,"enemies":"2 Louse","floor":1,"turns":2},{"damage":1,"enemies":"Cultist","floor":5,"turns":3},{"damage":40,"enemies":"Lagavulin","floor":7,"turns":7},{"damage":16,"enemies":"The Mushroom Lair","floor":8,"turns":2}],"seed_played":"3313064439549929190","potions_obtained":[],"is_trial":false,"path_per_floor":["M","?","$","?","M","R","E","?"],"character_chosen":"DEFECT","items_purchased":["Defragment","Regal Pillow","Sweeping Beam"],"campfire_rested":0,"item_purchase_floors":[3,3,3],"current_hp_per_floor":[56,56,56,56,55,55,15,0],"gold":166,"neow_bonus":"TWO_FIFTY_GOLD","is_prod":false,"is_daily":false,"chose_seed":false,"campfire_upgraded":1,"win_rate":0,"timestamp":1548374728,"path_taken":["M","?","?","?","?","R","E","?"],"build_version":"2019-01-23","purchased_purges":0,"victory":false,"max_hp_per_floor":[68,68,68,68,68,68,68,68],"card_choices":[{"not_picked":["Streamline","Redo"],"picked":"Defragment","floor":1},{"not_picked":["Sweeping Beam","Compile Driver"],"picked":"Hologram","floor":5},{"not_picked":["Aggregate","Streamline"],"picked":"Turbo","floor":7}],"player_experience":547355,"relics_obtained":[{"floor":7,"key":"Potion Belt"}],"event_choices":[{"damage_healed":0,"gold_gain":0,"player_choice":"Trade","damage_taken":0,"relics_obtained":["GremlinMask"],"max_hp_gain":0,"max_hp_loss":0,"event_name":"FaceTrader","floor":2,"gold_loss":0},{"cards_removed":["Strike_B"],"damage_healed":0,"gold_gain":0,"player_choice":"Offered Basic","damage_taken":0,"max_hp_gain":0,"max_hp_loss":0,"event_name":"Bonfire Elementals","floor":4,"gold_loss":0},{"damage_healed":0,"gold_gain":0,"player_choice":"Fought Mushrooms","damage_taken":0,"max_hp_gain":0,"max_hp_loss":0,"event_name":"Mushrooms","floor":8,"gold_loss":0}],"is_beta":false,"boss_relics":[],"items_purged_floors":[],"is_endless":false,"potions_floor_spawned":[],"killed_by":"The Mushroom Lair","ascension_level":3}