{"gold_per_floor":[114,114,89,100,42,72,72,82,82,131,157,168,184,109,109,187,187,203,203,203],"floor_reached":20,"playtime":1179,"items_purged":["Strike_R"],"score":383,"play_id":"7a7f7a8a-224b-4bf5-a312-f803301334b8","local_time":"20190304230621","is_ascension_mode":true,"campfire_choices":[{"data":"Armaments","floor":7,"key":"SMITH"},{"data":"True Grit","floor":15,"key":"SMITH"}],"neow_cost":"NONE","seed_source_timestamp":687086239066041,"circlet_count":0,"master_deck":["AscendersBane","Strike_R","Strike_R","Strike_R","Defend_R","Defend_R","Defend_R","Defend_R","Bash","Entrench","Whirlwind","Cleave","Body Slam","Armaments+1","True Grit+1","Dropkick","Reckless Charge","Clothesline","Feed","Limit Break","Shrug It Off+1","Ghostly","Ghostly","Ghostly"],"relics":["Burning Blood","NeowsBlessing","Bird Faced Urn","Bottled Flame","Art of War","Pear","Runic Pyramid"],"potions_floor_usage":[11,11,13],"damage_taken":[{"damage":0,"enemies":"2 Louse","floor":1,"turns":1},{"damage":0,"enemies":"Cultist","floor":4,"turns":1},{"damage":0,"enemies":"Lagavulin","floor":6,"turns":1},{"damage":2,"enemies":"Jaw Worm","floor":8,"turns":5},{"damage":5,"enemies":"3 Sentries","floor":11,"turns":4},{"damage":17,"enemies":"Blue Slaver","floor":12,"turns":4},{"damage":18,"enemies":"Exordium Thugs","floor":13,"turns":3},{"damage":47,"enemies":"The Guardian","floor":16,"turns":18},{"damage":51,"enemies":"Shell Parasite","floor":18,"turns":8},{"damage":28,"enemies":"3 Byrds","floor":20,"turns":2}],"seed_played":"1747626401785655255","potions_obtained":[{"floor":1,"key":"Energy Potion"},{"floor":8,"key":"AttackPotion"},{"floor":11,"key":"Explosive Potion"}],"is_trial":false,"path_per_floor":["M","?","$","M","$","E","R","M","T","T","E","M","M","$","R","B",null,"M","?","M"],"character_chosen":"IRONCLAD","items_purchased":["Cleave","Armaments"],"campfire_rested":0,"item_purchase_floors":[3,5],"current_hp_per_floor":[74,74,74,75,75,75,75,75,75,75,85,74,62,62,62,21,69,28,28,0],"gold":203,"neow_bonus":"THREE_ENEMY_KILL","is_prod":false,"is_daily":false,"chose_seed":false,"campfire_upgraded":2,"win_rate":0,"timestamp":1551701181,"path_taken":["M","?","?","M","?","E","R","M","T","?","E","?","M","?","R","BOSS","M","?","M"],"build_version":"2019-01-23","purchased_purges":1,"victory":false,"max_hp_per_floor":[75,75,75,75,75,75,75,75,75,75,85,85,85,85,85,85,85,89,44,44],"card_choices":[{"not_picked":["Twin Strike","Flex"],"picked":"Entrench","floor":1},{"not_picked":["Sword Boomerang","Whirlwind"],"picked":"Body Slam","floor":4},{"not_picked":["Wild Strike","Pommel Strike"],"picked":"True Grit","floor":6},{"not_picked":["Sword Boomerang","Wild Strike"],"picked":"Dropkick","floor":8},{"not_picked":["Blood for Blood","Twin Strike"],"picked":"Reckless Charge","floor":11},{"not_picked":["Havoc","Rupture"],"picked":"Clothesline","floor":12},{"not_picked":["Wild Strike","Clothesline"],"picked":"Feed","floor":13},{"not_picked":["Immolate","Reaper"],"picked":"Limit Break","floor":16},{"not_picked":["Wild Strike","Clothesline"],"picked":"Shrug It Off+1","floor":18}],"player_experience":794773,"relics_obtained":[{"floor":6,"key":"Bird Faced Urn"},{"floor":9,"key":"Bottled Flame"},{"floor":10,"key":"Art of War"},{"floor":11,"key":"Pear"}],"event_choices":[{"damage_healed":0,"gold_gain":0,"cards_transformed":["Strike_R"],"player_choice":"Transformed","damage_taken":0,"max_hp_gain":0,"max_hp_loss":0,"event_name":"Transmorgrifier","floor":2,"gold_loss":0,"cards_obtained":["Whirlwind"]},{"damage_healed":0,"gold_gain":0,"player_choice":"Became a Ghost","damage_taken":0,"max_hp_gain":0,"max_hp_loss":45,"event_name":"Ghosts","floor":19,"gold_loss":0,"cards_obtained":["Ghostly","Ghostly","Ghostly"]}],"is_beta":false,"boss_relics":[{"not_picked":["Runic Cube","Black Star"],"picked":"Runic Pyramid"}],"items_purged_floors":[14],"is_endless":false,"potions_floor_spawned":[1,8,11],"killed_by":"3 Byrds","ascension_level":17}