{"gold_per_floor":[118,118,132,44,119,145,156,187,187,187,217,249,261,273,285,297],"floor_reached":16,"playtime":438,"items_purged":[],"score":286,"play_id":"2d6b774a-8916-4e7f-944f-be99f46e27df","local_time":"20190520204015","is_ascension_mode":true,"campfire_choices":[{"data":"Inflame","floor":10.0,"key":"SMITH"},{"data":"True Grit","floor":13.0,"key":"SMITH"},{"floor":15.0,"key":"REST"}],"neow_cost":"NONE","seed_source_timestamp":336139303234930,"circlet_count":0,"master_deck":["AscendersBane","Strike_R","Strike_R","Strike_R","Strike_R","Strike_R","Defend_R","Defend_R","Defend_R","Defend_R","Bash","Sword Boomerang","Inflame+1","Feel No Pain","Second Wind","Feed","Ghostly Armor","True Grit+1"],"special_seed":0,"relics":["Burning Blood","NeowsBlessing","Letter Opener","Red Skull","Frozen Egg 2","Kunai","MawBank","Golden Idol"],"potions_floor_usage":[],"damage_taken":[{"damage":0.0,"enemies":"Small Slimes","floor":1.0,"turns":1.0},{"damage":0.0,"enemies":"2 Louse","floor":3.0,"turns":1.0},{"damage":0.0,"enemies":"Lagavulin","floor":6.0,"turns":1.0},{"damage":4.0,"enemies":"Jaw Worm","floor":7.0,"turns":4.0},{"damage":24.0,"enemies":"Gremlin Nob","floor":8.0,"turns":4.0},{"damage":38.0,"enemies":"3 Sentries","floor":11.0,"turns":12.0},{"damage":10.0,"enemies":"3 Louse","floor":12.0,"turns":2.0},{"damage":27,"enemies":"Slime Boss","floor":16,"turns":8}],"seed_played":"-6748167800742733255","potions_obtained":[{"floor":3.0,"key":"EssenceOfSteel"},{"floor":12.0,"key":"LiquidBronze"}],"is_trial":false,"path_per_floor":["M","?","M","$","?","E","M","E","T","R","E","M","R","?","R","B"],"character_chosen":"IRONCLAD","items_purchased":["Feel No Pain"],"campfire_rested":1,"item_purchase_floors":[4],"current_hp_per_floor":[74,56,62,62,51,57,59,44,44,44,15,14,14,14,36,9],"gold":297,"neow_bonus":"THREE_ENEMY_KILL","is_prod":false,"is_daily":false,"chose_seed":false,"campfire_upgraded":2,"win_rate":0,"timestamp":1558356015,"path_taken":["M","?","M","$","?","E","M","E","T","R","E","M","R","?","R","BOSS"],"build_version":"2019-01-23","purchased_purges":0,"victory":false,"max_hp_per_floor":[75,75,75,75,75,75,75,78,78,78,81,84,84,76,76,76],"card_choices":[{"not_picked":["Cleave","Iron Wave"],"picked":"Sword Boomerang","floor":1.0},{"not_picked":["Armaments","True Grit"],"picked":"Inflame","floor":3.0},{"not_picked":["Infernal Blade","Wild Strike"],"picked":"Second Wind","floor":6.0},{"not_picked":["Clash","True Grit"],"picked":"Feed","floor":7.0},{"not_picked":["Clash","Blood for Blood","Warcry"],"picked":"SKIP","floor":8.0},{"not_picked":["Fire Breathing+1","Brutality+1"],"picked":"Ghostly Armor","floor":11.0},{"not_picked":["Warcry","Uppercut"],"picked":"True Grit","floor":12.0}],"player_experience":910155,"relics_obtained":[{"floor":6.0,"key":"Red Skull"},{"floor":8.0,"key":"Frozen Egg 2"},{"floor":9.0,"key":"Kunai"},{"floor":11.0,"key":"MawBank"}],"event_choices":[{"damage_healed":0.0,"max_hp_gain":0.0,"max_hp_loss":0.0,"gold_gain":0.0,"event_name":"Scrap Ooze","player_choice":"Success","floor":2.0,"gold_loss":0.0,"damage_taken":18.0,"relics_obtained":["Letter Opener"]},{"damage_healed":0.0,"max_hp_gain":0.0,"max_hp_loss":0.0,"gold_gain":75.0,"event_name":"World of Goop","player_choice":"Gather Gold","floor":5.0,"gold_loss":0.0,"damage_taken":11.0},{"damage_healed":0.0,"max_hp_gain":0.0,"max_hp_loss":8.0,"gold_gain":0.0,"event_name":"Golden Idol","player_choice":"Lose Max HP","floor":14.0,"gold_loss":0.0,"damage_taken":0.0,"relics_obtained":["Golden Idol"]}],"is_beta":false,"boss_relics":[],"items_purged_floors":[],"is_endless":false,"potions_floor_spawned":[3,12],"killed_by":"Slime Boss","ascension_level":20}