{"gold_per_floor":[216,29,42,56,70,70,104,122,122,136,149,160,185,205,205,277,277,293,293,493,506,525,525,552,123,150,162,224,236,278,303,315,401,413,445,476,363,363,376,376,409,423,423,101,136,136,136,136,136,136,136,136,136,23,52,52],"floor_reached":57,"playtime":3428,"items_purged":["Strike_R","Strike_R","Strike_R","Strike_R"],"score":2728,"play_id":"3cb1f093-1253-43ec-a441-5f3fc2bfb26c","local_time":"20190506182742","is_ascension_mode":true,"campfire_choices":[{"data":"Carnage","floor":6.0,"key":"SMITH"},{"data":"Limit Break","floor":15.0,"key":"SMITH"},{"data":"Dark Embrace","floor":23.0,"key":"SMITH"},{"data":"Feel No Pain","floor":27.0,"key":"SMITH"},{"data":"Inflame","floor":29.0,"key":"SMITH"},{"floor":32.0,"key":"RECALL"},{"floor":40.0,"key":"REST"},{"floor":46.0,"key":"REST"},{"floor":49.0,"key":"REST"},{"floor":53.0,"key":"REST"}],"neow_cost":"NONE","seed_source_timestamp":1237987245912112,"circlet_count":0,"master_deck":["AscendersBane","Strike_R","Defend_R","Defend_R","Defend_R","Defend_R","Bash","Evolve","Second Wind","Carnage+1","Shockwave","Limit Break+1","Feel No Pain+1","True Grit","Dark Embrace+1","Inflame","Inflame+1","Reaper","Shrug It Off","Power Through","Exhume","Fiend Fire","Body Slam+1","Battle Trance","Shrug It Off+1","Master of Strategy"],"special_seed":0,"relics":["Burning Blood","Art of War","Thread and Needle","Mercury Hourglass","Mark of Pain","Mango","Potion Belt","Lantern","MawBank","Ancient Tea Set","Fusion Hammer","Regal Pillow","PreservedInsect","Question Card","Bag of Preparation"],"potions_floor_usage":[56,56,56],"damage_taken":[{"damage":6.0,"enemies":"Cultist","floor":1.0,"turns":4.0},{"damage":5.0,"enemies":"Small Slimes","floor":3.0,"turns":4.0},{"damage":6.0,"enemies":"2 Louse","floor":4.0,"turns":3.0},{"damage":15.0,"enemies":"Lots of Slimes","floor":5.0,"turns":5.0},{"damage":20.0,"enemies":"3 Sentries","floor":7.0,"turns":8.0},{"damage":6.0,"enemies":"3 Louse","floor":8.0,"turns":2.0},{"damage":0.0,"enemies":"Exordium Thugs","floor":10.0,"turns":5.0},{"damage":7.0,"enemies":"Blue Slaver","floor":11.0,"turns":4.0},{"damage":4.0,"enemies":"3 Louse","floor":12.0,"turns":5.0},{"damage":24.0,"enemies":"Gremlin Nob","floor":13.0,"turns":4.0},{"damage":3.0,"enemies":"2 Fungi Beasts","floor":14.0,"turns":4.0},{"damage":34.0,"enemies":"Slime Boss","floor":16.0,"turns":9.0},{"damage":25.0,"enemies":"2 Thieves","floor":18.0,"turns":3.0},{"damage":6.0,"enemies":"Spheric Guardian","floor":21.0,"turns":5.0},{"damage":11.0,"enemies":"Cultist and Chosen","floor":22.0,"turns":8.0},{"damage":66.0,"enemies":"Slavers","floor":24.0,"turns":8.0},{"damage":30.0,"enemies":"Book of Stabbing","floor":30.0,"turns":8.0},{"damage":12.0,"enemies":"Sentry and Sphere","floor":31.0,"turns":8.0},{"damage":41.0,"enemies":"Champ","floor":33.0,"turns":12.0},{"damage":18.0,"enemies":"3 Shapes","floor":35.0,"turns":5.0},{"damage":68.0,"enemies":"3 Darklings","floor":36.0,"turns":5.0},{"damage":25.0,"enemies":"Spire Growth","floor":39.0,"turns":7.0},{"damage":49.0,"enemies":"Reptomancer","floor":41.0,"turns":6.0},{"damage":24.0,"enemies":"Jaw Worm Horde","floor":42.0,"turns":8.0},{"damage":12.0,"enemies":"Giant Head","floor":45.0,"turns":6.0},{"damage":43.0,"enemies":"Time Eater","floor":50.0,"turns":8.0},{"damage":32.0,"enemies":"Donu and Deca","floor":51.0,"turns":9.0},{"damage":40.0,"enemies":"Shield and Spear","floor":55.0,"turns":7.0},{"damage":98,"enemies":"The Heart","floor":56,"turns":9}],"seed_played":"-1008843051376579689","potions_obtained":[{"floor":3.0,"key":"EssenceOfSteel"},{"floor":4.0,"key":"FearPotion"},{"floor":5.0,"key":"Explosive Potion"},{"floor":8.0,"key":"Strength Potion"},{"floor":11.0,"key":"Fire Potion"},{"floor":21.0,"key":"Fire Potion"},{"floor":31.0,"key":"LiquidBronze"},{"floor":39.0,"key":"GamblersBrew"},{"floor":42.0,"key":"Fruit Juice"},{"floor":45.0,"key":"Dexterity Potion"},{"floor":55.0,"key":"Dexterity Potion"}],"is_trial":false,"path_per_floor":["M","$","M","M","M","R","E","M","T","M","M","M","E","M","R","B",null,"M","?","?","M","M","R","E","$","T","R","?","R","E","M","R","B",null,"M","M","$","?","M","R","E","M","T","$","E","R","?","?","R","B","B",null,"R","$","E","B",null],"character_chosen":"IRONCLAD","items_purchased":["Second Wind","Carnage","Potion Belt","Lantern","PreservedInsect","Weak Potion","Strength Potion"],"campfire_rested":4,"item_purchase_floors":[2,2,25,25,44,54,54],"current_hp_per_floor":[68,68,69,69,60,60,46,46,46,52,51,53,35,38,38,10,59,60,60,60,60,65,65,55,55,55,55,55,55,75,89,89,89,89,89,27,27,27,17,43,58,57,57,57,74,94,84,84,94,94,94,94,94,94,88,9],"gold":52,"neow_bonus":"HUNDRED_GOLD","is_prod":false,"is_daily":false,"chose_seed":false,"campfire_upgraded":5,"win_rate":0,"timestamp":1557138462,"path_taken":["M","$","M","M","?","R","E","M","T","M","M","M","E","M","R","BOSS","M","?","?","M","?","R","E","$","T","R","?","R","E","M","R","BOSS","M","M","$","?","M","R","E","M","T","?","E","R","?","?","R","BOSS","BOSS","R","$","E","BOSS"],"build_version":"2019-01-23","purchased_purges":4,"victory":true,"max_hp_per_floor":[75,75,75,75,75,75,75,75,75,75,75,75,75,75,75,75,75,75,75,75,75,75,75,89,89,89,89,89,89,89,89,89,89,89,89,89,89,89,89,89,89,94,94,94,94,94,94,94,94,94,94,94,94,94,94,94],"card_choices":[{"not_picked":["Thunderclap","Fire Breathing"],"picked":"Evolve","floor":1.0},{"not_picked":["Perfected Strike","True Grit"],"picked":"Shockwave","floor":3.0},{"not_picked":["Cleave","Twin Strike","Rupture"],"picked":"SKIP","floor":4.0},{"not_picked":["Thunderclap","Dual Wield","Rage"],"picked":"SKIP","floor":5.0},{"not_picked":["Cleave","Flex"],"picked":"Limit Break","floor":7.0},{"not_picked":["Burning Pact","Havoc"],"picked":"Feel No Pain","floor":8.0},{"not_picked":["Headbutt","Warcry"],"picked":"True Grit","floor":10.0},{"not_picked":["Anger","Fire Breathing","Carnage"],"picked":"SKIP","floor":11.0},{"not_picked":["Headbutt","Perfected Strike"],"picked":"Dark Embrace","floor":12.0},{"not_picked":["True Grit","Clothesline"],"picked":"Inflame","floor":13.0},{"not_picked":["Twin Strike","Headbutt"],"picked":"Inflame","floor":14.0},{"not_picked":["Bludgeon","Limit Break"],"picked":"Reaper","floor":16.0},{"not_picked":["Flame Barrier","Warcry"],"picked":"Shrug It Off","floor":18.0},{"not_picked":["Iron Wave","Anger","Wild Strike"],"picked":"SKIP","floor":21.0},{"not_picked":["Inflame","Sever Soul"],"picked":"Exhume","floor":22.0},{"not_picked":["Power Through","Fire Breathing","Spot Weakness"],"picked":"SKIP","floor":24.0},{"not_picked":["Fire Breathing","Shrug It Off","Hemokinesis"],"picked":"SKIP","floor":30.0},{"not_picked":["True Grit","Hemokinesis","Iron Wave+1"],"picked":"SKIP","floor":31.0},{"not_picked":["Demon Form","Bludgeon"],"picked":"Fiend Fire","floor":33.0},{"not_picked":["Thunderclap","Battle Trance+1"],"picked":"Body Slam+1","floor":35.0},{"not_picked":["Rupture+1","Headbutt"],"picked":"Battle Trance","floor":36.0},{"not_picked":["True Grit","Shrug It Off","Carnage"],"picked":"SKIP","floor":39.0},{"not_picked":["Uppercut","Intimidate+1","Clothesline"],"picked":"SKIP","floor":41.0},{"not_picked":["Blood for Blood","Rage+1","Corruption"],"picked":"SKIP","floor":42.0},{"not_picked":["Flex","Havoc"],"picked":"Shrug It Off+1","floor":45.0},{"not_picked":["Finesse","Dramatic Entrance","Mayhem"],"picked":"Apotheosis","floor":47.0},{"not_picked":["Purity","Blind","Bandage Up"],"picked":"Master of Strategy","floor":47.0},{"not_picked":["Bloodletting","Carnage","Blood for Blood","Pommel Strike+1"],"picked":"SKIP","floor":55.0}],"player_experience":823075,"relics_obtained":[{"floor":7.0,"key":"Art of War"},{"floor":9.0,"key":"Thread and Needle"},{"floor":13.0,"key":"Mercury Hourglass"},{"floor":24.0,"key":"Mango"},{"floor":26.0,"key":"MawBank"},{"floor":30.0,"key":"Ancient Tea Set"},{"floor":41.0,"key":"Regal Pillow"},{"floor":45.0,"key":"Question Card"},{"floor":55.0,"key":"Bag of Preparation"}],"event_choices":[{"damage_healed":0.0,"max_hp_gain":0.0,"max_hp_loss":0.0,"gold_gain":0.0,"event_name":"The Library","player_choice":"Read","floor":19.0,"gold_loss":0.0,"damage_taken":0.0,"cards_obtained":["Power Through"]},{"damage_healed":0.0,"max_hp_gain":0.0,"max_hp_loss":0.0,"gold_gain":250.0,"event_name":"The Joust","player_choice":"Bet on Owner","floor":20.0,"gold_loss":50.0,"damage_taken":0.0},{"damage_healed":0.0,"max_hp_gain":0.0,"max_hp_loss":0.0,"gold_gain":50.0,"event_name":"Nest","player_choice":"Stole From Cult","floor":28.0,"gold_loss":0.0,"damage_taken":0.0},{"damage_healed":0.0,"max_hp_gain":0.0,"max_hp_loss":0.0,"gold_gain":0.0,"event_name":"The Moai Head","player_choice":"Ignored","floor":38.0,"gold_loss":0.0,"damage_taken":0.0},{"damage_healed":0.0,"max_hp_gain":0.0,"max_hp_loss":0.0,"gold_gain":0.0,"event_name":"SensoryStone","player_choice":"Memory 3","floor":47.0,"gold_loss":0.0,"damage_taken":10.0},{"cards_removed":["Apotheosis"],"damage_healed":0.0,"max_hp_gain":0.0,"max_hp_loss":0.0,"gold_gain":0.0,"event_name":"Falling","player_choice":"Removed Skill","floor":48.0,"gold_loss":0.0,"damage_taken":0.0}],"is_beta":false,"boss_relics":[{"not_picked":["Eternal Feather","Runic Dome"],"picked":"Mark of Pain"},{"not_picked":["Sozu","Orrery"],"picked":"Fusion Hammer"}],"items_purged_floors":[2,25,37,44],"is_endless":false,"potions_floor_spawned":[3,4,5,8,11,21,22,31,39,42,45,55],"ascension_level":20}