{"gold_per_floor":[110,110,122,122,137,163,180,180,180,199,21,39,14,31,31,129,129,149,51,69,159,176,176,205,205,229,229,239,539,549,584,584,584],"floor_reached":33,"playtime":2374,"items_purged":[],"score":430,"play_id":"810cc703-425f-4902-924f-52040141a790","local_time":"20190204091913","is_ascension_mode":true,"campfire_choices":[{"floor":8.0,"key":"REST"},{"floor":15.0,"key":"REST"},{"floor":23.0,"key":"REST"},{"floor":25.0,"key":"REST"},{"floor":27.0,"key":"REST"},{"floor":32.0,"key":"REST"}],"neow_cost":"NONE","seed_source_timestamp":84512824663328,"circlet_count":0,"master_deck":["Strike_B","Strike_B","Defend_B","Defend_B","Defend_B","Defend_B","Zap","Dualcast","Go for the Eyes","Sweeping Beam","Streamline+1","Coolheaded","Leap","Coolheaded","Leap","Self Repair","Conserve Battery","Turbo","Cold Snap","Go for the Eyes","Buffer","Chaos+1","Sunder+1","Redo","Coolheaded","Enlightenment","Rebound","Sweeping Beam+1","Sunder+1","FTL+1","Static Discharge","Double Energy","Writhe","Ball Lightning+1","Melter","Stack"],"special_seed":0,"relics":["Cracked Core","Dream Catcher","Centennial Puzzle","Matryoshka","Bag of Marbles","Inserter","Torii","Bag of Preparation","Potion Belt","Old Coin","Whetstone"],"potions_floor_usage":[33,33],"damage_taken":[{"damage":11.0,"enemies":"Small Slimes","floor":1.0,"turns":3.0},{"damage":1.0,"enemies":"Cultist","floor":3.0,"turns":3.0},{"damage":4.0,"enemies":"Jaw Worm","floor":5.0,"turns":3.0},{"damage":30.0,"enemies":"3 Sentries","floor":6.0,"turns":5.0},{"damage":12.0,"enemies":"Lots of Slimes","floor":7.0,"turns":3.0},{"damage":3.0,"enemies":"Blue Slaver","floor":10.0,"turns":3.0},{"damage":0.0,"enemies":"Exordium Wildlife","floor":12.0,"turns":2.0},{"damage":10.0,"enemies":"Lots of Slimes","floor":14.0,"turns":5.0},{"damage":10.0,"enemies":"The Guardian","floor":16.0,"turns":16.0},{"damage":4.0,"enemies":"Shell Parasite","floor":18.0,"turns":14.0},{"damage":17.0,"enemies":"Chosen","floor":20.0,"turns":6.0},{"damage":7.0,"enemies":"Snecko","floor":22.0,"turns":5.0},{"damage":33.0,"enemies":"Book of Stabbing","floor":24.0,"turns":7.0},{"damage":8.0,"enemies":"Centurion and Healer","floor":28.0,"turns":9.0},{"damage":2.0,"enemies":"Cultist and Chosen","floor":30.0,"turns":8.0},{"damage":16.0,"enemies":"Slavers","floor":31.0,"turns":5.0},{"damage":84,"enemies":"Automaton","floor":33,"turns":10}],"seed_played":"-382453774118636221","potions_obtained":[{"floor":3.0,"key":"Energy Potion"},{"floor":5.0,"key":"FocusPotion"},{"floor":14.0,"key":"PowerPotion"},{"floor":16.0,"key":"FearPotion"},{"floor":18.0,"key":"LiquidBronze"},{"floor":24.0,"key":"EssenceOfSteel"},{"floor":28.0,"key":"Swift Potion"}],"is_trial":false,"path_per_floor":["M","?","M","?","M","E","M","R","T","M","$","M","$","M","R","B",null,"M","$","M","?","M","R","E","R","T","R","M","?","M","E","R","B"],"character_chosen":"DEFECT","items_purchased":["Self Repair","Bag of Marbles","Turbo","Sunder","Redo"],"campfire_rested":6,"item_purchase_floors":[11,11,13,19,19],"current_hp_per_floor":[57,50,49,49,45,15,3,25,25,22,22,29,29,26,48,45,68,71,71,61,40,33,55,22,44,44,66,65,65,70,54,75,0],"gold":584,"neow_bonus":"RANDOM_COMMON_RELIC","is_prod":false,"is_daily":false,"chose_seed":false,"campfire_upgraded":0,"win_rate":0,"timestamp":1549243153,"path_taken":["M","?","M","?","M","E","M","R","T","M","$","?","?","M","R","BOSS","M","$","?","?","M","R","E","R","T","R","?","?","M","E","R","BOSS"],"build_version":"2019-01-23","purchased_purges":0,"victory":false,"max_hp_per_floor":[75,75,75,75,75,75,75,75,75,75,75,75,75,75,75,75,75,75,75,75,75,75,75,75,75,75,75,75,75,75,75,75,75],"card_choices":[{"not_picked":["Skim","Compile Driver"],"picked":"Go for the Eyes","floor":1.0},{"not_picked":["Hologram","Barrage"],"picked":"Sweeping Beam","floor":3.0},{"not_picked":["Redo","Chill"],"picked":"Streamline","floor":5.0},{"not_picked":["Reboot","Static Discharge"],"picked":"Coolheaded","floor":6.0},{"not_picked":["Coolheaded","Chaos"],"picked":"Leap","floor":7.0},{"not_picked":["Force Field","Beam Cell"],"picked":"Coolheaded","floor":8.0},{"not_picked":["Auto Shields","Melter"],"picked":"Leap","floor":10.0},{"not_picked":["Gash","Hello World"],"picked":"Conserve Battery","floor":12.0},{"not_picked":["Steam","Stack"],"picked":"Cold Snap","floor":14.0},{"not_picked":["Beam Cell","Stack"],"picked":"Go for the Eyes","floor":15.0},{"not_picked":["Meteor Strike","Amplify"],"picked":"Buffer","floor":16.0},{"not_picked":["Beam Cell","Gash"],"picked":"Chaos+1","floor":18.0},{"not_picked":["Conserve Battery","Turbo"],"picked":"Coolheaded","floor":20.0},{"not_picked":["Gash+1","Aggregate"],"picked":"Rebound","floor":22.0},{"not_picked":["Turbo","Biased Cognition"],"picked":"Sweeping Beam+1","floor":23.0},{"not_picked":["Steam+1","Reboot"],"picked":"Sunder+1","floor":24.0},{"not_picked":["Hello World+1","Leap"],"picked":"FTL+1","floor":25.0},{"not_picked":["Ball Lightning","Redo"],"picked":"Static Discharge","floor":27.0},{"not_picked":["Ball Lightning+1","Streamline"],"picked":"Double Energy","floor":28.0},{"not_picked":["Steam+1","Scrape"],"picked":"Ball Lightning+1","floor":30.0},{"not_picked":["Static Discharge+1","Reinforced Body"],"picked":"Melter","floor":31.0},{"not_picked":["Coolheaded","Streamline+1"],"picked":"Stack","floor":32.0}],"player_experience":634089,"relics_obtained":[{"floor":6.0,"key":"Centennial Puzzle"},{"floor":9.0,"key":"Matryoshka"},{"floor":24.0,"key":"Torii"},{"floor":26.0,"key":"Bag of Preparation"},{"floor":26.0,"key":"Potion Belt"},{"floor":31.0,"key":"Whetstone"}],"event_choices":[{"cards_removed":["Strike_B"],"damage_healed":0.0,"max_hp_gain":0.0,"max_hp_loss":0.0,"gold_gain":0.0,"event_name":"Golden Wing","player_choice":"Card Removal","floor":2.0,"gold_loss":0.0,"damage_taken":7.0},{"cards_removed":["Strike_B"],"damage_healed":0.0,"max_hp_gain":0.0,"max_hp_loss":0.0,"gold_gain":0.0,"event_name":"Bonfire Elementals","player_choice":"Offered Basic","floor":4.0,"gold_loss":0.0,"damage_taken":0.0},{"damage_healed":0.0,"max_hp_gain":0.0,"max_hp_loss":0.0,"gold_gain":90.0,"event_name":"Knowing Skull","player_choice":"GOLD CARD ","floor":21.0,"potions_obtained":[],"gold_loss":0.0,"damage_taken":21.0,"cards_obtained":["Enlightenment"]},{"damage_healed":0.0,"max_hp_gain":0.0,"max_hp_loss":0.0,"gold_gain":0.0,"event_name":"The Mausoleum","player_choice":"Opened","floor":29.0,"gold_loss":0.0,"damage_taken":0.0,"relics_obtained":["Old Coin"],"cards_obtained":["Writhe"]}],"is_beta":false,"boss_relics":[{"not_picked":["Lizard Tail","Busted Crown"],"picked":"Inserter"}],"items_purged_floors":[],"is_endless":false,"potions_floor_spawned":[3,5,14,16,18,24,28],"killed_by":"Automaton","ascension_level":8}