{"gold_per_floor":[116,116,41,41,316,316,341,162,239,250,266,294,309,329,329,405,405,424,36,36,52,67,67,67,98,98,98,23,34,49,49,49,124,124,135,235,251,251,264,264,290,304,355,355,386,396,416,467,467,467],"floor_reached":50,"playtime":2483,"items_purged":["Regret"],"score":1164,"play_id":"7415832b-dca3-433f-aecd-662f772e9d45","local_time":"20190504161758","is_ascension_mode":true,"campfire_choices":[{"data":"Flame Barrier","floor":6.0,"key":"SMITH"},{"data":"Demon Form","floor":15.0,"key":"SMITH"},{"data":"True Grit","floor":23.0,"key":"SMITH"},{"data":"Burning Pact","floor":27.0,"key":"SMITH"},{"data":"Shockwave","floor":32.0,"key":"SMITH"},{"floor":40.0,"key":"RECALL"},{"data":"Dark Embrace","floor":49.0,"key":"SMITH"}],"neow_cost":"NONE","seed_source_timestamp":0,"circlet_count":0,"master_deck":["AscendersBane","Strike_R","Strike_R","Strike_R","Defend_R","Defend_R","Defend_R","Defend_R","Bash","Flame Barrier+1","Burning Pact+1","Spot Weakness","Sword Boomerang+1","True Grit+1","Shockwave+1","Demon Form+1","Pommel Strike+1","Shrug It Off","Havoc+1","Whirlwind+1","Offering","Armaments+1","Sentinel+1","Evolve","Dark Embrace+1","Seeing Red"],"special_seed":0,"relics":["Burning Blood","NeowsBlessing","Molten Egg 2","Gremlin Horn","Centennial Puzzle","Coffee Dripper","Gambling Chip","FaceOfCleric","Pen Nib","Calling Bell","Bronze Scales","Meat on the Bone","Unceasing Top","Magic Flower","Juzu Bracelet","Dream Catcher","Charon\u0027s Ashes","Du-Vu Doll"],"potions_floor_usage":[50,50],"damage_taken":[{"damage":0.0,"enemies":"Cultist","floor":1.0,"turns":1.0},{"damage":2.0,"enemies":"3 Sentries","floor":7.0,"turns":2.0},{"damage":0.0,"enemies":"Jaw Worm","floor":10.0,"turns":1.0},{"damage":0.0,"enemies":"Small Slimes","floor":11.0,"turns":3.0},{"damage":14.0,"enemies":"Lagavulin","floor":12.0,"turns":6.0},{"damage":12.0,"enemies":"Exordium Thugs","floor":13.0,"turns":4.0},{"damage":9.0,"enemies":"Large Slime","floor":14.0,"turns":8.0},{"damage":28.0,"enemies":"Slime Boss","floor":16.0,"turns":8.0},{"damage":2.0,"enemies":"2 Thieves","floor":18.0,"turns":3.0},{"damage":0.0,"enemies":"Spheric Guardian","floor":21.0,"turns":3.0},{"damage":2.0,"enemies":"Snecko","floor":22.0,"turns":4.0},{"damage":57.0,"enemies":"Slavers","floor":25.0,"turns":6.0},{"damage":16.0,"enemies":"Snake Plant","floor":29.0,"turns":3.0},{"damage":2.0,"enemies":"Sentry and Sphere","floor":30.0,"turns":3.0},{"damage":31.0,"enemies":"Collector","floor":33.0,"turns":6.0},{"damage":13.0,"enemies":"3 Darklings","floor":35.0,"turns":3.0},{"damage":6.0,"enemies":"Mind Bloom Boss Battle","floor":36.0,"turns":5.0},{"damage":7.0,"enemies":"Orb Walker","floor":37.0,"turns":3.0},{"damage":29.0,"enemies":"Sphere and 2 Shapes","floor":39.0,"turns":4.0},{"damage":24.0,"enemies":"Reptomancer","floor":41.0,"turns":3.0},{"damage":20.0,"enemies":"Transient","floor":42.0,"turns":6.0},{"damage":26.0,"enemies":"Giant Head","floor":45.0,"turns":6.0},{"damage":15.0,"enemies":"Jaw Worm Horde","floor":46.0,"turns":3.0},{"damage":6.0,"enemies":"Maw","floor":47.0,"turns":4.0},{"damage":21.0,"enemies":"2 Orb Walkers","floor":48.0,"turns":2.0},{"damage":103,"enemies":"Awakened One","floor":50,"turns":11}],"seed_played":"7435339475610650164","potions_obtained":[{"floor":1.0,"key":"Poison Potion"},{"floor":7.0,"key":"Fire Potion"},{"floor":11.0,"key":"SkillPotion"},{"floor":18.0,"key":"Strength Potion"},{"floor":22.0,"key":"Ancient Potion"},{"floor":25.0,"key":"Ancient Potion"},{"floor":29.0,"key":"Swift Potion"},{"floor":30.0,"key":"EssenceOfSteel"},{"floor":36.0,"key":"Explosive Potion"},{"floor":39.0,"key":"SteroidPotion"},{"floor":42.0,"key":"SkillPotion"}],"is_trial":false,"path_per_floor":["M","$","?","?","?","R","E","$","T","M","M","E","M","M","R","B",null,"M","$","?","M","M","R","?","E","T","R","$","M","M","?","R","B",null,"M","?","M","?","M","R","E","M","T","?","E","M","M","?","R","B"],"character_chosen":"IRONCLAD","items_purchased":["Burning Pact","Heavy Blade+1","Gambling Chip","Shrug It Off","Whirlwind+1"],"campfire_rested":0,"item_purchase_floors":[8,8,19,19,28],"current_hp_per_floor":[74,74,74,79,79,79,80,80,80,80,80,72,66,63,63,41,70,74,74,90,90,90,90,90,40,40,40,40,31,36,36,36,12,74,68,69,73,73,73,73,78,69,69,69,72,68,73,63,63,0],"gold":467,"neow_bonus":"THREE_ENEMY_KILL","is_prod":false,"is_daily":false,"chose_seed":false,"campfire_upgraded":6,"win_rate":0,"timestamp":1556957878,"path_taken":["M","$","?","?","?","R","E","$","T","M","?","E","M","M","R","BOSS","M","$","?","?","M","R","?","E","T","R","$","?","M","?","R","BOSS","M","?","M","?","M","R","E","M","T","?","E","M","M","?","R","BOSS"],"build_version":"2019-01-23","purchased_purges":1,"victory":false,"max_hp_per_floor":[75,75,75,80,80,80,80,80,80,80,80,80,80,80,80,80,80,80,80,90,90,90,90,90,91,91,91,91,92,93,93,93,94,94,95,96,97,97,98,98,99,100,100,100,101,102,103,104,104,104],"card_choices":[{"not_picked":["Clash","Metallicize"],"picked":"Flame Barrier","floor":1.0},{"not_picked":["Thunderclap","Twin Strike","Bloodletting"],"picked":"SKIP","floor":7.0},{"not_picked":["Reckless Charge+1","Sword Boomerang+1"],"picked":"Spot Weakness","floor":10.0},{"not_picked":["Power Through","Hemokinesis+1"],"picked":"Sword Boomerang+1","floor":11.0},{"not_picked":["Corruption","Metallicize"],"picked":"True Grit","floor":12.0},{"not_picked":["Burning Pact","Anger+1"],"picked":"Shockwave","floor":13.0},{"not_picked":["Heavy Blade+1","Clothesline+1"],"picked":"Demon Form","floor":14.0},{"not_picked":["Bludgeon+1","Juggernaut"],"picked":"Barricade","floor":16.0},{"not_picked":["Iron Wave+1","Thunderclap+1"],"picked":"Pommel Strike+1","floor":18.0},{"not_picked":["Headbutt+1","Cleave+1","Sword Boomerang+1"],"picked":"SKIP","floor":21.0},{"not_picked":["Body Slam+1","Thunderclap+1"],"picked":"Havoc+1","floor":22.0},{"not_picked":["Infernal Blade","Warcry","Sword Boomerang+1"],"picked":"SKIP","floor":25.0},{"not_picked":["Iron Wave+1","Corruption","Headbutt+1"],"picked":"SKIP","floor":29.0},{"not_picked":["Warcry","Flame Barrier","Havoc"],"picked":"SKIP","floor":30.0},{"not_picked":["Immolate+1","Berserk"],"picked":"Offering","floor":33.0},{"not_picked":["Dual Wield","Clothesline+1","Flex"],"picked":"SKIP","floor":35.0},{"not_picked":["Clash+1","Anger+1"],"picked":"Armaments+1","floor":37.0},{"not_picked":["Entrench","Wild Strike+1"],"picked":"Sentinel+1","floor":39.0},{"not_picked":["Headbutt+1","Wild Strike+1"],"picked":"Evolve","floor":41.0},{"not_picked":["Headbutt+1","Shrug It Off","Shockwave"],"picked":"SKIP","floor":42.0},{"not_picked":["Twin Strike+1","Flame Barrier"],"picked":"Dark Embrace","floor":45.0},{"not_picked":["Hemokinesis+1","Pommel Strike+1"],"picked":"Seeing Red","floor":46.0},{"not_picked":["Bloodletting","Seeing Red","Hemokinesis+1"],"picked":"SKIP","floor":47.0}],"player_experience":814360,"relics_obtained":[{"floor":7.0,"key":"Molten Egg 2"},{"floor":9.0,"key":"Gremlin Horn"},{"floor":12.0,"key":"Centennial Puzzle"},{"floor":25.0,"key":"Pen Nib"},{"floor":34.0,"key":"Bronze Scales"},{"floor":34.0,"key":"Meat on the Bone"},{"floor":34.0,"key":"Unceasing Top"},{"floor":36.0,"key":"Magic Flower"},{"floor":41.0,"key":"Juzu Bracelet"},{"floor":43.0,"key":"Dream Catcher"},{"floor":45.0,"key":"Charon\u0027s Ashes"},{"floor":48.0,"key":"Du-Vu Doll"}],"event_choices":[{"cards_removed":["Strike_R"],"damage_healed":0.0,"max_hp_gain":0.0,"max_hp_loss":0.0,"gold_gain":0.0,"event_name":"The Cleric","player_choice":"Card Removal","floor":3.0,"gold_loss":75.0,"damage_taken":0.0},{"damage_healed":0.0,"max_hp_gain":5.0,"max_hp_loss":0.0,"gold_gain":0.0,"event_name":"Big Fish","player_choice":"Donut","floor":4.0,"gold_loss":0.0,"damage_taken":0.0},{"damage_healed":0.0,"max_hp_gain":0.0,"max_hp_loss":0.0,"gold_gain":275.0,"event_name":"Golden Shrine","player_choice":"Desecrate","floor":5.0,"gold_loss":0.0,"damage_taken":0.0,"cards_obtained":["Regret"]},{"cards_removed":["Barricade"],"damage_healed":6.0,"max_hp_gain":10.0,"max_hp_loss":0.0,"gold_gain":0.0,"event_name":"Bonfire Elementals","player_choice":"Offered Rare","floor":20.0,"gold_loss":0.0,"damage_taken":0.0},{"damage_healed":0.0,"max_hp_gain":0.0,"max_hp_loss":0.0,"gold_gain":0.0,"event_name":"FaceTrader","player_choice":"Trade","floor":24.0,"gold_loss":0.0,"damage_taken":0.0,"relics_obtained":["FaceOfCleric"]},{"damage_healed":0.0,"max_hp_gain":0.0,"max_hp_loss":0.0,"gold_gain":0.0,"event_name":"Beggar","player_choice":"Ignored","floor":31.0,"gold_loss":0.0,"damage_taken":0.0},{"damage_healed":0.0,"max_hp_gain":0.0,"max_hp_loss":0.0,"gold_gain":0.0,"event_name":"MindBloom","player_choice":"Fight","floor":36.0,"gold_loss":0.0,"damage_taken":0.0},{"cards_removed":["Heavy Blade"],"damage_healed":0.0,"max_hp_gain":0.0,"max_hp_loss":0.0,"gold_gain":0.0,"event_name":"Falling","player_choice":"Removed Attack","floor":38.0,"gold_loss":0.0,"damage_taken":0.0},{"cards_removed":["Strike_R"],"damage_healed":0.0,"max_hp_gain":0.0,"max_hp_loss":0.0,"gold_gain":0.0,"event_name":"Purifier","player_choice":"Purged","floor":44.0,"gold_loss":0.0,"damage_taken":0.0},{"damage_healed":0.0,"max_hp_gain":0.0,"max_hp_loss":0.0,"gold_gain":0.0,"event_name":"Mysterious Sphere","player_choice":"Fight","floor":48.0,"gold_loss":0.0,"damage_taken":0.0}],"is_beta":false,"boss_relics":[{"not_picked":["Fusion Hammer","Black Blood"],"picked":"Coffee Dripper"},{"not_picked":["White Beast Statue","Tiny House"],"picked":"Calling Bell"}],"items_purged_floors":[8],"is_endless":false,"potions_floor_spawned":[1,7,11,18,22,25,29,30,36,39,42,48],"killed_by":"Awakened One","ascension_level":20}