{"gold_per_floor":[109,109,128,128,128,160,178,178,178,195,66,96,114,114,114,235,235,259,259,284,284,310,310,350,320,391,430,430,135,149,24,24,153,153,173,192,240,31,44,44],"floor_reached":40,"playtime":5469,"items_purged":["Pain","Regret","Normality"],"score":557,"play_id":"ccc7c1bc-73e2-403a-95f2-3ac5f05a3156","local_time":"20190309111927","is_ascension_mode":true,"campfire_choices":[{"floor":8,"key":"REST"},{"floor":15,"key":"REST"},{"floor":23,"key":"RECALL"},{"floor":28,"key":"REST"},{"data":"Barricade","floor":32,"key":"SMITH"}],"neow_cost":"NONE","seed_source_timestamp":211877457511300,"circlet_count":0,"master_deck":["Defend_R+1","Defend_R","Defend_R","Defend_R","Bash","Headbutt","Second Wind","Carnage+1","Impervious","True Grit","Flame Barrier","Body Slam","Entrench","Shockwave","Injury","Dark Embrace","Bite","Bite","Bite","Bite","Bite","Barricade+1","Metallicize+1","Clumsy"],"relics":["Black Blood","WarpedTongs","Bottled Lightning","Boot","Golden Idol","Cursed Key","NlothsMask","Ginger","Kunai","Blood Vial","Strange Spoon","Vajra","Membership Card"],"potions_floor_usage":[6,16,20,20,24,27,33,33,40,40],"damage_taken":[{"damage":5,"enemies":"Small Slimes","floor":1,"turns":4},{"damage":3,"enemies":"2 Louse","floor":3,"turns":4},{"damage":28,"enemies":"Lagavulin","floor":6,"turns":6},{"damage":2,"enemies":"Cultist","floor":7,"turns":2},{"damage":9,"enemies":"3 Louse","floor":10,"turns":4},{"damage":35,"enemies":"Gremlin Nob","floor":12,"turns":6},{"damage":0,"enemies":"Looter","floor":13,"turns":3},{"damage":58,"enemies":"Hexaghost","floor":16,"turns":11},{"damage":10,"enemies":"Chosen","floor":18,"turns":6},{"damage":10,"enemies":"Spheric Guardian","floor":20,"turns":3},{"damage":18,"enemies":"Slavers","floor":24,"turns":5},{"damage":47,"enemies":"Gremlin Leader","floor":27,"turns":8},{"damage":15,"enemies":"Centurion and Healer","floor":30,"turns":11},{"damage":0,"enemies":"Automaton","floor":33,"turns":15},{"damage":43,"enemies":"3 Darklings","floor":35,"turns":12},{"damage":8,"enemies":"3 Shapes","floor":36,"turns":4},{"damage":37,"enemies":"Sphere and 2 Shapes","floor":39,"turns":11},{"damage":78,"enemies":"Nemesis","floor":40,"turns":6}],"seed_played":"-7978288685204467054","potions_obtained":[{"floor":3,"key":"BloodPotion"},{"floor":7,"key":"SneckoOil"},{"floor":12,"key":"EssenceOfSteel"},{"floor":13,"key":"Explosive Potion"},{"floor":18,"key":"Fire Potion"},{"floor":24,"key":"SteroidPotion"},{"floor":25,"key":"Poison Potion"},{"floor":25,"key":"Strength Potion"},{"floor":35,"key":"Poison Potion"},{"floor":36,"key":"BloodPotion"}],"is_trial":false,"path_per_floor":["M","?","M","?","?","E","M","R","T","M","$","E","M","?","R","B",null,"M","?","M","?","T","R","E","?","T","E","R","$","M","$","R","B",null,"M","M","T","$","M","E"],"character_chosen":"IRONCLAD","items_purchased":["Body Slam","Strange Spoon","Membership Card"],"campfire_rested":3,"item_purchase_floors":[11,29,38],"current_hp_per_floor":[88,88,88,70,70,56,60,86,86,83,83,54,60,60,86,34,88,84,84,80,61,61,61,61,61,61,32,50,50,61,61,61,61,61,53,61,61,61,53,0],"gold":44,"neow_bonus":"TEN_PERCENT_HP_BONUS","is_prod":false,"is_daily":false,"chose_seed":false,"campfire_upgraded":1,"win_rate":0,"timestamp":1552155567,"path_taken":["M","?","M","?","?","E","M","R","T","?","$","E","M","?","R","BOSS","M","?","?","?","?","R","E","?","T","E","R","$","M","$","R","BOSS","M","M","?","$","M","E"],"build_version":"2019-01-23","purchased_purges":3,"victory":false,"max_hp_per_floor":[88,88,88,88,88,88,88,88,88,88,88,88,88,88,88,88,88,88,88,88,61,61,61,61,61,61,61,61,61,61,61,61,61,61,61,61,61,61,61,61],"card_choices":[{"not_picked":["Anger","Hemokinesis"],"picked":"Headbutt","floor":1},{"not_picked":["Anger","Cleave"],"picked":"Carnage","floor":3},{"not_picked":["Havoc","Clash"],"picked":"Impervious","floor":6},{"not_picked":["Shrug It Off","Sever Soul"],"picked":"True Grit","floor":7},{"not_picked":["Uppercut","Clash"],"picked":"Flame Barrier","floor":10},{"not_picked":["Headbutt","Flex"],"picked":"Entrench","floor":12},{"not_picked":["Sever Soul","Headbutt"],"picked":"Shockwave","floor":13},{"not_picked":["Bludgeon","Exhume"],"picked":"Dark Embrace","floor":16},{"not_picked":["Headbutt","Perfected Strike","Fire Breathing"],"picked":"SKIP","floor":18},{"not_picked":["Thunderclap","Warcry","Dual Wield"],"picked":"SKIP","floor":20},{"not_picked":["Anger","Cleave"],"picked":"Barricade","floor":24},{"not_picked":["Ghostly Armor","Havoc","Heavy Blade+1"],"picked":"SKIP","floor":27},{"not_picked":["Warcry","Flame Barrier","Rage"],"picked":"SKIP","floor":30},{"not_picked":["Warcry","Flame Barrier","Rage"],"picked":"SKIP","floor":30},{"not_picked":["Clash+1","Iron Wave","Warcry+1"],"picked":"SKIP","floor":35},{"not_picked":["Iron Wave+1","Reckless Charge"],"picked":"Metallicize+1","floor":36},{"not_picked":["Shrug It Off","Havoc+1","Fiend Fire"],"picked":"SKIP","floor":39}],"player_experience":200002,"relics_obtained":[{"floor":6,"key":"Bottled Lightning"},{"floor":12,"key":"Boot"},{"floor":24,"key":"Ginger"},{"floor":26,"key":"Kunai"},{"floor":27,"key":"Blood Vial"},{"floor":37,"key":"Vajra"}],"event_choices":[{"damage_healed":0,"gold_gain":0,"cards_transformed":["Strike_R"],"player_choice":"Change","damage_taken":0,"max_hp_gain":0,"max_hp_loss":0,"event_name":"Living Wall","floor":2,"gold_loss":0,"cards_obtained":["Second Wind"]},{"damage_healed":0,"gold_gain":0,"player_choice":"Entered Light","damage_taken":18,"max_hp_gain":0,"max_hp_loss":0,"event_name":"Shining Light","floor":4,"gold_loss":0,"cards_upgraded":["Defend_R","Carnage"]},{"damage_healed":0,"gold_gain":0,"player_choice":"Rummage","damage_taken":0,"relics_obtained":["WarpedTongs"],"max_hp_gain":0,"max_hp_loss":0,"event_name":"Accursed Blacksmith","floor":5,"gold_loss":0,"cards_obtained":["Pain"]},{"damage_healed":0,"gold_gain":0,"player_choice":"Take Wound","damage_taken":0,"relics_obtained":["Golden Idol"],"max_hp_gain":0,"max_hp_loss":0,"event_name":"Golden Idol","floor":14,"gold_loss":0,"cards_obtained":["Injury"]},{"damage_healed":0,"gold_gain":0,"player_choice":"Trade","damage_taken":0,"relics_obtained":["NlothsMask"],"max_hp_gain":0,"max_hp_loss":0,"event_name":"FaceTrader","floor":19,"gold_loss":0},{"damage_healed":0,"gold_gain":0,"player_choice":"Became a vampire","damage_taken":0,"max_hp_gain":0,"max_hp_loss":27,"event_name":"Vampires","floor":21,"gold_loss":0,"cards_obtained":["Bite","Bite","Bite","Bite","Bite"]},{"damage_healed":0,"gold_gain":0,"player_choice":"Bought 2 Potions","damage_taken":0,"max_hp_gain":0,"max_hp_loss":0,"event_name":"The Woman in Blue","floor":25,"gold_loss":0}],"is_beta":false,"boss_relics":[{"not_picked":["Empty Cage","White Beast Statue"],"picked":"Cursed Key"},{"not_picked":["Runic Dome","Tiny House"],"picked":"Black Blood"}],"items_purged_floors":[11,29,31],"is_endless":false,"potions_floor_spawned":[3,7,12,13,18,24,35,36],"killed_by":"Nemesis","ascension_level":1}