{"gold_per_floor":[114,178,100,114,114,114,125,90,141,167,130,149,149,165,165,269,269,288,49,49,67,101,101,128,146,172,172,172,172,192,107,107,107],"floor_reached":33,"playtime":102288,"items_purged":[],"score":316,"play_id":"6d151e87-7a84-4d01-a912-541752e9fe50","local_time":"20190727220709","is_ascension_mode":true,"campfire_choices":[{"data":"Footwork","floor":6,"key":"SMITH"},{"data":"Dash","floor":13,"key":"SMITH"},{"data":"Blade Dance","floor":15,"key":"SMITH"},{"floor":23,"key":"REST"},{"floor":27,"key":"REST"},{"data":"A Thousand Cuts","floor":32,"key":"SMITH"}],"neow_cost":"NONE","seed_source_timestamp":592254634335000,"circlet_count":0,"master_deck":["Strike_G","Strike_G","Strike_G","Strike_G","Strike_G","Defend_G","Defend_G","Defend_G","Defend_G","Defend_G","Survivor","Neutralize","Dash+1","Blur","Footwork+1","Footwork","A Thousand Cuts+1","Blur","Poisoned Stab","Blade Dance+1","Adrenaline","Outmaneuver+1","Noxious Fumes","Blade Dance+1","Endless Agony","Finisher+1","Heel Hook","Phantasmal Killer"],"relics":["Ring of the Snake","GremlinMask","Bronze Scales","Bag of Marbles","WristBlade","DollysMirror","Oddly Smooth Stone","Red Mask","Smiling Mask","Anchor","Matryoshka","Strawberry"],"potions_floor_usage":[14,16,16,22,22,25,33],"damage_taken":[{"damage":6,"enemies":"Jaw Worm","floor":1,"turns":6},{"damage":0,"enemies":"Small Slimes","floor":4,"turns":4},{"damage":6,"enemies":"Cultist","floor":7,"turns":5},{"damage":18,"enemies":"Lagavulin","floor":10,"turns":14},{"damage":2,"enemies":"Large Slime","floor":12,"turns":8},{"damage":0,"enemies":"Exordium Thugs","floor":14,"turns":5},{"damage":12,"enemies":"The Guardian","floor":16,"turns":13},{"damage":0,"enemies":"Shell Parasite","floor":18,"turns":5},{"damage":5,"enemies":"3 Byrds","floor":21,"turns":3},{"damage":27,"enemies":"Masked Bandits","floor":22,"turns":4},{"damage":28,"enemies":"Book of Stabbing","floor":24,"turns":5},{"damage":6,"enemies":"Sentry and Sphere","floor":25,"turns":7},{"damage":1,"enemies":"Snake Plant","floor":30,"turns":3},{"damage":76,"enemies":"Collector","floor":33,"turns":6}],"seed_played":"6005152937932976357","potions_obtained":[{"floor":0,"key":"LiquidBronze"},{"floor":0,"key":"EssenceOfSteel"},{"floor":10,"key":"Fire Potion"},{"floor":12,"key":"Energy Potion"},{"floor":16,"key":"EssenceOfSteel"},{"floor":21,"key":"Explosive Potion"},{"floor":24,"key":"EssenceOfSteel"},{"floor":25,"key":"Weak Potion"}],"is_trial":false,"path_per_floor":["M","?","$","M","?","R","M","?","T","E","$","M","R","M","R","B",null,"M","$","?","M","?","R","E","M","T","R","?","T","M","?","R","B"],"character_chosen":"THE_SILENT","items_purchased":["Blur","Blur","Noxious Fumes","DollysMirror"],"campfire_rested":2,"item_purchase_floors":[3,11,19,19],"current_hp_per_floor":[64,64,64,64,64,64,58,70,70,52,52,50,50,50,50,38,70,70,70,70,65,38,59,31,25,25,46,69,69,68,75,75,0],"gold":107,"neow_bonus":"THREE_SMALL_POTIONS","is_prod":false,"is_daily":false,"chose_seed":false,"campfire_upgraded":4,"win_rate":0,"timestamp":1564290429,"path_taken":["M","?","$","M","?","R","?","?","T","E","?","M","R","M","R","BOSS","M","$","?","M","?","R","E","M","T","R","?","?","?","?","R","BOSS"],"build_version":"2019-07-17","purchased_purges":0,"victory":false,"max_hp_per_floor":[70,70,70,70,70,70,70,70,70,70,70,70,70,70,70,70,70,70,70,70,70,70,70,70,70,70,70,70,70,70,77,77,77],"card_choices":[{"not_picked":["Dodge and Roll","PiercingWail"],"picked":"Dash","floor":1},{"not_picked":["Dagger Throw","Cloak And Dagger"],"picked":"Footwork","floor":4},{"not_picked":["Deadly Poison","Flying Knee"],"picked":"Footwork","floor":7},{"not_picked":["Noxious Fumes","Acrobatics"],"picked":"A Thousand Cuts","floor":10},{"not_picked":["Tactician","Bane"],"picked":"Poisoned Stab","floor":12},{"not_picked":["Backflip","Slice"],"picked":"Blade Dance","floor":14},{"not_picked":["Malaise","Wraith Form v2"],"picked":"Adrenaline","floor":16},{"not_picked":["PiercingWail","Deadly Poison"],"picked":"Outmaneuver+1","floor":18},{"not_picked":["Deflect","PiercingWail"],"picked":"Endless Agony","floor":21},{"not_picked":["Dodge and Roll","Footwork"],"picked":"Finisher+1","floor":22},{"not_picked":["Dagger Throw","Outmaneuver","Footwork"],"picked":"SKIP","floor":24},{"not_picked":["Catalyst","Escape Plan+1"],"picked":"Heel Hook","floor":25},{"not_picked":["Masterful Stab","Cloak And Dagger"],"picked":"Phantasmal Killer","floor":30}],"player_experience":695487,"relics_obtained":[{"floor":9,"key":"Bronze Scales"},{"floor":10,"key":"Bag of Marbles"},{"floor":22,"key":"Red Mask"},{"floor":24,"key":"Smiling Mask"},{"floor":26,"key":"Anchor"},{"floor":29,"key":"Matryoshka"}],"event_choices":[{"damage_healed":0,"gold_gain":64,"player_choice":"Gained Gold","damage_taken":0,"max_hp_gain":0,"max_hp_loss":0,"event_name":"Golden Wing","floor":2,"gold_loss":0},{"damage_healed":0,"gold_gain":0,"player_choice":"Trade","damage_taken":0,"relics_obtained":["GremlinMask"],"max_hp_gain":0,"max_hp_loss":0,"event_name":"FaceTrader","floor":5,"gold_loss":0},{"damage_healed":17,"gold_gain":0,"player_choice":"Healed","damage_taken":0,"max_hp_gain":0,"max_hp_loss":0,"event_name":"The Cleric","floor":8,"gold_loss":35},{"damage_healed":0,"gold_gain":0,"player_choice":"Opened","damage_taken":0,"relics_obtained":["Oddly Smooth Stone"],"max_hp_gain":0,"max_hp_loss":0,"event_name":"The Mausoleum","floor":20,"gold_loss":0},{"damage_healed":0,"gold_gain":0,"player_choice":"Fought Bandits","damage_taken":0,"max_hp_gain":0,"max_hp_loss":0,"event_name":"Masked Bandits","floor":22,"gold_loss":0},{"damage_healed":23,"gold_gain":0,"player_choice":"Heal","damage_taken":0,"max_hp_gain":0,"max_hp_loss":0,"event_name":"The Library","floor":28,"gold_loss":0},{"damage_healed":0,"gold_gain":0,"player_choice":"Obtained Relic","damage_taken":0,"relics_obtained":["Strawberry"],"max_hp_gain":0,"max_hp_loss":0,"event_name":"Addict","floor":31,"gold_loss":85}],"is_beta":false,"boss_relics":[{"not_picked":["Fusion Hammer","Sozu"],"picked":"WristBlade"}],"items_purged_floors":[],"is_endless":false,"potions_floor_spawned":[10,12,16,21,24,25],"killed_by":"Collector","ascension_level":4}