{"gold_per_floor":[111,13,32,107,107,107,207,217,217,217,234,234,234,31,31,130,130,143,143,143,154,9,9],"floor_reached":23,"playtime":949,"items_purged":["Strike_R","Strike_R"],"score":204,"play_id":"b177fd46-8388-4315-a502-8b8a33aa9766","local_time":"20190116090614","is_ascension_mode":true,"campfire_choices":[{"data":"Body Slam","floor":6,"key":"SMITH"},{"data":"Clothesline","floor":10,"key":"SMITH"},{"floor":12,"key":"REST"},{"data":"True Grit","floor":15,"key":"SMITH"}],"neow_cost":"NONE","seed_source_timestamp":725058804675162,"circlet_count":0,"master_deck":["Strike_R","Strike_R","Defend_R","Defend_R","Defend_R","Bash","Body Slam+1","Thunderclap","Anger","Clothesline+1","Body Slam+1","True Grit+1","Dropkick","Limit Break","Flame Barrier","Heavy Blade","Searing Blow","Intimidate+1","Cleave","Shrug It Off","Inflame"],"relics":["Burning Blood","Potion Belt","Regal Pillow","Bottled Lightning","Black Star"],"potions_floor_usage":[16,21,23],"damage_taken":[{"damage":4,"enemies":"Jaw Worm","floor":1,"turns":4},{"damage":6,"enemies":"2 Louse","floor":3,"turns":2},{"damage":1,"enemies":"Cultist","floor":8,"turns":3},{"damage":13,"enemies":"Large Slime","floor":11,"turns":6},{"damage":67,"enemies":"The Guardian","floor":16,"turns":11},{"damage":15,"enemies":"Chosen","floor":18,"turns":5},{"damage":30,"enemies":"2 Thieves","floor":21,"turns":4},{"damage":53,"enemies":"Slavers","floor":23,"turns":5}],"seed_played":"6772941743469162670","potions_obtained":[{"floor":1,"key":"Poison Potion"},{"floor":8,"key":"SpeedPotion"},{"floor":18,"key":"SkillPotion"}],"is_trial":false,"path_per_floor":["M","$","M","?","?","R","?","M","T","R","M","R","?","$","R","B",null,"M","?","?","M","$","E"],"character_chosen":"IRONCLAD","items_purchased":["Thunderclap","True Grit","Dropkick","Cleave","Shrug It Off","Inflame"],"campfire_rested":1,"item_purchase_floors":[2,14,14,22,22,22],"current_hp_per_floor":[80,80,80,69,51,51,51,56,56,56,49,80,80,80,80,19,80,71,71,71,47,47,0],"gold":9,"neow_bonus":"RANDOM_COMMON_RELIC","is_prod":false,"is_daily":false,"chose_seed":false,"campfire_upgraded":3,"win_rate":0,"timestamp":1547589974,"path_taken":["M","$","M","?","?","R","?","?","T","R","M","R","?","?","R","BOSS","M","?","?","M","$","E"],"build_version":"2019-01-10","purchased_purges":2,"victory":false,"max_hp_per_floor":[80,80,80,80,80,80,80,80,80,80,80,80,80,80,80,80,80,80,80,80,80,80,80],"card_choices":[{"not_picked":["Seeing Red","Warcry"],"picked":"Body Slam","floor":1},{"not_picked":["Havoc","Headbutt"],"picked":"Anger","floor":3},{"not_picked":["Thunderclap","Rupture"],"picked":"Clothesline","floor":8},{"not_picked":["Thunderclap","Warcry"],"picked":"Body Slam","floor":11},{"not_picked":["Offering","Exhume"],"picked":"Limit Break","floor":16},{"not_picked":["Ghostly Armor","Pommel Strike"],"picked":"Flame Barrier","floor":18},{"not_picked":["Warcry","Clothesline+1"],"picked":"Intimidate+1","floor":21}],"player_experience":445856,"relics_obtained":[{"floor":9,"key":"Bottled Lightning"}],"event_choices":[{"damage_healed":0,"gold_gain":75,"player_choice":"Gather Gold","damage_taken":11,"max_hp_gain":0,"max_hp_loss":0,"event_name":"World of Goop","floor":4,"gold_loss":0},{"damage_healed":0,"gold_gain":0,"player_choice":"Success","damage_taken":18,"relics_obtained":["Regal Pillow"],"max_hp_gain":0,"max_hp_loss":0,"event_name":"Scrap Ooze","floor":5,"gold_loss":0},{"damage_healed":0,"gold_gain":100,"player_choice":"Pray","damage_taken":0,"max_hp_gain":0,"max_hp_loss":0,"event_name":"Golden Shrine","floor":7,"gold_loss":0},{"damage_healed":0,"gold_gain":0,"player_choice":"Upgraded","damage_taken":0,"max_hp_gain":0,"max_hp_loss":0,"event_name":"Upgrade Shrine","floor":13,"gold_loss":0,"cards_upgraded":["Body Slam"]},{"damage_healed":0,"gold_gain":0,"cards_transformed":["Strike_R","Defend_R"],"player_choice":"Became Test Subject","damage_taken":0,"max_hp_gain":0,"max_hp_loss":0,"event_name":"Drug Dealer","floor":19,"gold_loss":0,"cards_obtained":["Heavy Blade","Searing Blow"]},{"damage_healed":0,"gold_gain":0,"player_choice":"Ignored","damage_taken":0,"max_hp_gain":0,"max_hp_loss":0,"event_name":"Ghosts","floor":20,"gold_loss":0}],"is_beta":false,"boss_relics":[{"not_picked":["Sozu","Cursed Key"],"picked":"Black Star"}],"items_purged_floors":[2,14],"is_endless":false,"potions_floor_spawned":[1,8,18],"killed_by":"Slavers","ascension_level":3}