{"gold_per_floor":[19,31,31,50,66,91,91,119,146,161,210,210,228,244,244,346,346,365,379,379,399,399,399,410,410,484,66,79,110,110,126,126,231,231,241,256,256,273,288,323,336,336,336,336,436,449,449,469,469,469],"floor_reached":51,"playtime":4107,"items_purged":["Decay"],"score":828,"play_id":"0f8eeb53-b716-4a73-979c-ca0dc9f0e11a","local_time":"20190712222237","is_ascension_mode":true,"campfire_choices":[{"data":"Flame Barrier","floor":7,"key":"SMITH"},{"floor":15,"key":"REST"},{"data":"Shockwave","floor":23,"key":"SMITH"},{"floor":25,"key":"REST"},{"floor":30,"key":"REST"},{"data":"Demon Form","floor":32,"key":"SMITH"},{"floor":47,"key":"REST"},{"data":"Decay","floor":49,"key":"PURGE"}],"neow_cost":"NO_GOLD","seed_source_timestamp":2337445438498800,"circlet_count":0,"master_deck":["Strike_R","Strike_R","Strike_R","Strike_R","Strike_R","Defend_R","Defend_R","Defend_R","Defend_R","Bash","Entrench+1","Flame Barrier+1","Spot Weakness","Corruption","Offering","Shockwave+1","Immolate","Intimidate+1","Burning Pact","Bludgeon","Shrug It Off","Armaments+1","Demon Form+1","Mind Blast","Writhe","Flame Barrier"],"relics":["Black Blood","Ice Cream","Blood Vial","Vajra","Bronze Scales","Dream Catcher","Cursed Key","Paper Frog","Pocketwatch","Bag of Marbles","Pantograph","Darkstone Periapt","Peace Pipe"],"potions_floor_usage":[6,8,10,16,28,29,33,36,40,41,50],"damage_taken":[{"damage":1,"enemies":"Cultist","floor":1,"turns":3},{"damage":6,"enemies":"Jaw Worm","floor":2,"turns":5},{"damage":7,"enemies":"2 Louse","floor":4,"turns":3},{"damage":5,"enemies":"2 Fungi Beasts","floor":5,"turns":4},{"damage":40,"enemies":"3 Sentries","floor":6,"turns":10},{"damage":20,"enemies":"Gremlin Nob","floor":8,"turns":6},{"damage":10,"enemies":"3 Louse","floor":10,"turns":2},{"damage":7,"enemies":"Looter","floor":13,"turns":4},{"damage":7,"enemies":"Exordium Wildlife","floor":14,"turns":5},{"damage":39,"enemies":"Hexaghost","floor":16,"turns":7},{"damage":15,"enemies":"Shell Parasite","floor":18,"turns":3},{"damage":13,"enemies":"Chosen","floor":19,"turns":3},{"damage":15,"enemies":"3 Cultists","floor":21,"turns":4},{"damage":32,"enemies":"Shelled Parasite and Fungi","floor":24,"turns":4},{"damage":24,"enemies":"Snake Plant","floor":28,"turns":3},{"damage":6,"enemies":"Book of Stabbing","floor":29,"turns":3},{"damage":0,"enemies":"Centurion and Healer","floor":31,"turns":4},{"damage":16,"enemies":"Champ","floor":33,"turns":7},{"damage":10,"enemies":"3 Shapes","floor":35,"turns":4},{"damage":6,"enemies":"3 Darklings","floor":36,"turns":3},{"damage":29,"enemies":"Jaw Worm Horde","floor":38,"turns":6},{"damage":23,"enemies":"Spire Growth","floor":39,"turns":4},{"damage":44,"enemies":"Giant Head","floor":40,"turns":6},{"damage":17,"enemies":"Writhing Mass","floor":41,"turns":3},{"damage":7,"enemies":"Mind Bloom Boss Battle","floor":45,"turns":6},{"damage":6,"enemies":"4 Shapes","floor":46,"turns":1},{"damage":22,"enemies":"Sphere and 2 Shapes","floor":48,"turns":5},{"damage":84,"enemies":"Awakened One","floor":50,"turns":14}],"seed_played":"3916278198751959351","potions_obtained":[{"floor":2,"key":"SpeedPotion"},{"floor":5,"key":"Weak Potion"},{"floor":8,"key":"Fire Potion"},{"floor":13,"key":"Ancient Potion"},{"floor":21,"key":"SteroidPotion"},{"floor":29,"key":"Strength Potion"},{"floor":33,"key":"SteroidPotion"},{"floor":35,"key":"Explosive Potion"},{"floor":40,"key":"GamblersBrew"},{"floor":46,"key":"FairyPotion"},{"floor":48,"key":"Strength Potion"}],"is_trial":false,"path_per_floor":["M","M","?","M","M","E","R","E","T","M","T","?","M","M","R","B",null,"M","M","?","M","$","R","M","R","T","$","M","E","R","M","R","B",null,"M","M","?","M","M","E","M","?","T","?","?","M","R","M","R","B",null],"character_chosen":"IRONCLAD","items_purchased":["Pocketwatch","SpeedPotion"],"campfire_rested":4,"item_purchase_floors":[27,27],"current_hp_per_floor":[80,80,80,79,80,46,46,34,34,32,32,32,33,34,58,27,80,71,66,51,44,44,44,20,45,45,45,29,31,56,64,64,56,85,85,85,85,66,55,23,18,39,39,39,69,75,85,73,73,11],"gold":469,"neow_bonus":"ONE_RARE_RELIC","is_prod":false,"is_daily":false,"chose_seed":false,"campfire_upgraded":3,"win_rate":0,"timestamp":1562995357,"path_taken":["M","?","?","?","M","E","R","E","T","M","?","?","M","M","R","BOSS","M","M","?","M","$","R","M","R","T","$","M","E","R","M","R","BOSS","M","M","?","M","M","E","M","?","T","?","?","M","R","M","R","BOSS"],"build_version":"2019-07-05","purchased_purges":1,"victory":true,"max_hp_per_floor":[80,80,80,80,80,80,80,80,80,80,80,80,80,80,80,80,80,80,80,85,85,85,85,85,85,85,85,85,85,85,85,85,85,85,85,85,85,85,85,85,85,85,85,85,85,85,85,85,85,85],"card_choices":[{"not_picked":["Warcry","Disarm","Body Slam"],"picked":"SKIP","floor":1},{"not_picked":["Rupture","Inflame"],"picked":"Entrench","floor":2},{"not_picked":["Flex","Burning Pact"],"picked":"Flame Barrier","floor":4},{"not_picked":["Metallicize","Sword Boomerang"],"picked":"Spot Weakness","floor":5},{"not_picked":["Immolate","Headbutt","Combust"],"picked":"SKIP","floor":6},{"not_picked":["Sword Boomerang","Clothesline"],"picked":"Corruption","floor":8},{"not_picked":["Twin Strike","Rampage","Warcry"],"picked":"SKIP","floor":10},{"not_picked":["Headbutt","Flex","Warcry"],"picked":"SKIP","floor":13},{"not_picked":["Dropkick","Clothesline"],"picked":"Offering","floor":14},{"not_picked":["Wild Strike","Armaments"],"picked":"Shockwave","floor":15},{"not_picked":["Fiend Fire","Impervious"],"picked":"Immolate","floor":16},{"not_picked":["Heavy Blade+1","Headbutt","True Grit"],"picked":"SKIP","floor":18},{"not_picked":["Thunderclap","Metallicize"],"picked":"Intimidate+1","floor":19},{"not_picked":["Iron Wave","Shrug It Off","True Grit"],"picked":"SKIP","floor":21},{"not_picked":["Fire Breathing","Reckless Charge"],"picked":"Burning Pact","floor":24},{"not_picked":["Intimidate+1","Iron Wave"],"picked":"Bludgeon","floor":28},{"not_picked":["Perfected Strike","Intimidate"],"picked":"Shrug It Off","floor":29},{"not_picked":["Disarm","Anger"],"picked":"Armaments+1","floor":30},{"not_picked":["Perfected Strike","Corruption"],"picked":"Demon Form","floor":31},{"not_picked":["Iron Wave","Wild Strike","Cleave+1"],"picked":"SKIP","floor":35},{"not_picked":["Armaments","Perfected Strike","Iron Wave"],"picked":"SKIP","floor":36},{"not_picked":["Metamorphosis","Deep Breath"],"picked":"Mind Blast","floor":37},{"not_picked":["Body Slam+1","Thunderclap","Anger+1"],"picked":"SKIP","floor":38},{"not_picked":["Armaments+1","Flex","Evolve"],"picked":"SKIP","floor":39},{"not_picked":["Armaments+1","Flex","Evolve"],"picked":"SKIP","floor":39},{"not_picked":["Armaments+1","Flex","Evolve"],"picked":"SKIP","floor":39},{"not_picked":["Flex+1","Iron Wave","Headbutt"],"picked":"SKIP","floor":40},{"not_picked":["Second Wind","Armaments+1","Intimidate"],"picked":"SKIP","floor":41},{"not_picked":["Dark Embrace","Body Slam"],"picked":"Flame Barrier","floor":46},{"not_picked":["Dropkick+1","Spot Weakness+1","Searing Blow"],"picked":"SKIP","floor":48}],"player_experience":651877,"relics_obtained":[{"floor":6,"key":"Blood Vial"},{"floor":8,"key":"Vajra"},{"floor":9,"key":"Bronze Scales"},{"floor":11,"key":"Dream Catcher"},{"floor":26,"key":"Paper Frog"},{"floor":29,"key":"Bag of Marbles"},{"floor":40,"key":"Pantograph"},{"floor":43,"key":"Darkstone Periapt"},{"floor":45,"key":"Peace Pipe"}],"event_choices":[{"damage_healed":0,"gold_gain":0,"player_choice":"Forge","damage_taken":0,"max_hp_gain":0,"max_hp_loss":0,"event_name":"Accursed Blacksmith","floor":3,"gold_loss":0,"cards_upgraded":["Entrench"]},{"damage_healed":0,"gold_gain":0,"player_choice":"Ignored","damage_taken":0,"max_hp_gain":0,"max_hp_loss":0,"event_name":"Golden Wing","floor":12,"gold_loss":0},{"damage_healed":0,"gold_gain":0,"player_choice":"Shed Blood","damage_taken":20,"max_hp_gain":5,"max_hp_loss":0,"event_name":"Forgotten Altar","floor":20,"gold_loss":0},{"damage_healed":0,"gold_gain":0,"player_choice":"Memory 1","damage_taken":0,"max_hp_gain":0,"max_hp_loss":0,"event_name":"SensoryStone","floor":37,"gold_loss":0},{"damage_healed":21,"gold_gain":0,"player_choice":"Writhe","damage_taken":0,"max_hp_gain":0,"max_hp_loss":0,"event_name":"Winding Halls","floor":42,"gold_loss":0,"cards_obtained":["Writhe"]},{"damage_healed":0,"gold_gain":0,"player_choice":"Ignored","damage_taken":0,"max_hp_gain":0,"max_hp_loss":0,"event_name":"Mysterious Sphere","floor":44,"gold_loss":0},{"damage_healed":0,"gold_gain":0,"player_choice":"Fight","damage_taken":0,"max_hp_gain":0,"max_hp_loss":0,"event_name":"MindBloom","floor":45,"gold_loss":0}],"is_beta":false,"boss_relics":[{"not_picked":["Runic Dome","Lizard Tail"],"picked":"Cursed Key"},{"not_picked":["White Beast Statue","Mark of Pain"],"picked":"Black Blood"}],"items_purged_floors":[27],"is_endless":false,"potions_floor_spawned":[2,5,8,13,21,29,33,35,40,46,48],"ascension_level":4}