{"gold_per_floor":[109,190,115,130,130,161,161,171,171,71,71,25,38,58,58,58],"floor_reached":16,"playtime":283,"items_purged":["Strike_R","Strike_R"],"score":125,"play_id":"7034248a-94e0-4fcc-8988-4a478be41d46","local_time":"20190520144246","is_ascension_mode":false,"campfire_choices":[{"data":"Whirlwind","floor":7.0,"key":"SMITH"},{"data":"Bash","floor":11.0,"key":"SMITH"},{"data":"Defend_R","floor":15.0,"key":"SMITH"}],"neow_cost":"NONE","seed_source_timestamp":314812571322189,"circlet_count":0,"master_deck":["Strike_R+1","Strike_R","Strike_R","Defend_R+1","Defend_R","Defend_R+1","Defend_R","Bash+1","Whirlwind+1","Armaments+1","Battle Trance+1"],"special_seed":0,"relics":["Burning Blood","NeowsBlessing","Paper Frog","Toxic Egg 2","Self Forming Clay"],"potions_floor_usage":[16,16],"damage_taken":[{"damage":0.0,"enemies":"Cultist","floor":1.0,"turns":1.0},{"damage":0.0,"enemies":"2 Louse","floor":4.0,"turns":1.0},{"damage":0.0,"enemies":"Lagavulin","floor":6.0,"turns":1.0},{"damage":11.0,"enemies":"Jaw Worm","floor":8.0,"turns":2.0},{"damage":0.0,"enemies":"3 Louse","floor":13.0,"turns":1.0},{"damage":44.0,"enemies":"Large Slime","floor":14.0,"turns":11.0},{"damage":34,"enemies":"Hexaghost","floor":16,"turns":7}],"seed_played":"5093250143399199323","potions_obtained":[{"floor":4.0,"key":"Fruit Juice"},{"floor":6.0,"key":"SneckoOil"},{"floor":13.0,"key":"SteroidPotion"}],"is_trial":false,"path_per_floor":["M","T","$","M","?","E","R","M","T","$","R","$","M","M","R","B"],"character_chosen":"IRONCLAD","items_purchased":["Armaments+1"],"campfire_rested":0,"item_purchase_floors":[12],"current_hp_per_floor":[80,80,80,85,68,74,74,69,69,69,69,69,75,37,37,3],"gold":58,"neow_bonus":"THREE_ENEMY_KILL","is_prod":false,"is_daily":false,"chose_seed":false,"campfire_upgraded":3,"win_rate":0,"timestamp":1558334566,"path_taken":["M","?","$","M","?","E","R","M","T","$","R","?","M","M","R","BOSS"],"build_version":"2019-01-23","purchased_purges":2,"victory":false,"max_hp_per_floor":[80,80,80,85,85,85,85,85,85,85,85,85,85,85,85,85],"card_choices":[{"not_picked":["Havoc","Blood for Blood"],"picked":"Whirlwind","floor":1.0},{"not_picked":["Iron Wave","Headbutt","Body Slam"],"picked":"SKIP","floor":4.0},{"not_picked":["Shrug It Off","Dual Wield","Wild Strike"],"picked":"SKIP","floor":6.0},{"not_picked":["Heavy Blade","Wild Strike","Rage+1"],"picked":"SKIP","floor":8.0},{"not_picked":["Rampage","Infernal Blade+1","Power Through+1"],"picked":"SKIP","floor":13.0},{"not_picked":["Exhume+1","Clash"],"picked":"Battle Trance+1","floor":14.0}],"player_experience":894520,"relics_obtained":[{"floor":2.0,"key":"Paper Frog"},{"floor":6.0,"key":"Toxic Egg 2"},{"floor":9.0,"key":"Self Forming Clay"}],"event_choices":[{"damage_healed":0.0,"max_hp_gain":0.0,"max_hp_loss":0.0,"gold_gain":0.0,"event_name":"Shining Light","player_choice":"Entered Light","floor":5.0,"gold_loss":0.0,"damage_taken":17.0,"cards_upgraded":["Defend_R","Strike_R"]}],"is_beta":false,"boss_relics":[],"items_purged_floors":[3,10],"is_endless":false,"potions_floor_spawned":[4,6,13],"killed_by":"Hexaghost","ascension_level":0}