{"gold_per_floor":[115,115,127,127,302,337,337,11,11,58,83,95,58,77,77,173,173,185,185,8,8,8,33,33,36,36,71,71,48,48,63,63,161,161,177,127,127,54,71,105,105,105,130,130,140,153,153,163,163,163],"floor_reached":51,"playtime":4683,"items_purged":["Strike_B","Strike_B"],"score":1022,"play_id":"dc0e72c2-de90-4566-a3bb-e84980fa4825","local_time":"20190204164344","is_ascension_mode":true,"campfire_choices":[{"data":"Conserve Battery","floor":7.0,"key":"SMITH"},{"data":"Defragment","floor":12.0,"key":"SMITH"},{"floor":15.0,"key":"REST"},{"floor":24.0,"key":"REST"},{"floor":28.0,"key":"REST"},{"floor":32.0,"key":"REST"},{"floor":41.0,"key":"REST"},{"floor":44.0,"key":"REST"},{"floor":49,"key":"REST"}],"neow_cost":"NONE","seed_source_timestamp":95361223871492,"circlet_count":0,"master_deck":["Strike_B","Defend_B","Defend_B+1","Defend_B","Defend_B","Zap+1","Dualcast","Cold Snap","Ball Lightning","Conserve Battery+1","Doubt","Multi-Cast","Cold Snap","Defragment+1","White Noise","Coolheaded","Glacier","Creative AI","Coolheaded","RitualDagger","Beam Cell","Rip and Tear","Echo Form+1","Cold Snap","Redo","Seek","Capacitor","Chrysalis","Deep Breath","Cold Snap","Conserve Battery","Sweeping Beam+1","Cold Snap","Heatsinks","Madness","Madness","Stack+1"],"special_seed":0,"relics":["Cracked Core","NeowsBlessing","War Paint","Emotion Chip","MawBank","Anchor","Nuclear Battery","Lantern","Nilry\u0027s Codex","Torii","Ginger","Smiling Mask","Lizard Tail","Meat on the Bone","Boot"],"potions_floor_usage":[50,50],"damage_taken":[{"damage":0.0,"enemies":"Small Slimes","floor":1.0,"turns":1.0},{"damage":0.0,"enemies":"Cultist","floor":3.0,"turns":1.0},{"damage":0.0,"enemies":"Lagavulin","floor":6.0,"turns":1.0},{"damage":14.0,"enemies":"Gremlin Nob","floor":10.0,"turns":4.0},{"damage":0.0,"enemies":"Jaw Worm","floor":11.0,"turns":3.0},{"damage":0.0,"enemies":"Looter","floor":14.0,"turns":3.0},{"damage":31.0,"enemies":"Slime Boss","floor":16.0,"turns":15.0},{"damage":0.0,"enemies":"3 Byrds","floor":18.0,"turns":4.0},{"damage":40.0,"enemies":"Book of Stabbing","floor":23.0,"turns":9.0},{"damage":0.0,"enemies":"2 Thieves","floor":25.0,"turns":5.0},{"damage":22.0,"enemies":"Slavers","floor":27.0,"turns":10.0},{"damage":2.0,"enemies":"Shelled Parasite and Fungi","floor":31.0,"turns":7.0},{"damage":21.0,"enemies":"Collector","floor":33.0,"turns":11.0},{"damage":16.0,"enemies":"3 Darklings","floor":35.0,"turns":4.0},{"damage":8.0,"enemies":"Orb Walker","floor":39.0,"turns":5.0},{"damage":11.0,"enemies":"Giant Head","floor":40.0,"turns":13.0},{"damage":6.0,"enemies":"Maw","floor":45.0,"turns":9.0},{"damage":12.0,"enemies":"Sphere and 2 Shapes","floor":46.0,"turns":13.0},{"damage":30,"enemies":"3 Darklings","floor":48,"turns":10},{"damage":59,"enemies":"Awakened One","floor":50,"turns":33}],"seed_played":"978589633608988990","potions_obtained":[{"floor":3.0,"key":"SpeedPotion"},{"floor":11.0,"key":"SteroidPotion"},{"floor":16.0,"key":"Fire Potion"},{"floor":18.0,"key":"SkillPotion"},{"floor":23.0,"key":"Weak Potion"},{"floor":25.0,"key":"FairyPotion"},{"floor":27.0,"key":"GamblersBrew"},{"floor":35.0,"key":"Block Potion"},{"floor":45.0,"key":"FearPotion"},{"floor":48,"key":"Poison Potion"}],"is_trial":false,"path_per_floor":["M","?","M","?","?","E","R","$","T","E","M","R","$","M","R","B",null,"M","?","$","?","$","E","R","M","T","E","R","$","?","M","R","B",null,"M","$","?","$","M","E","R","?","T","R","M","M","?","M","R","B",null],"character_chosen":"DEFECT","items_purchased":["Emotion Chip","Cold Snap","Coolheaded","Lantern","Beam Cell","Cold Snap","Cold Snap"],"campfire_rested":7,"item_purchase_floors":[8,8,13,20,20,29,38],"current_hp_per_floor":[68,68,68,73,73,73,73,73,73,59,59,59,59,59,80,49,72,72,66,66,50,50,10,34,34,34,12,36,36,36,34,58,37,69,53,53,48,48,40,29,53,53,53,77,71,59,49,31,55,19],"gold":163,"neow_bonus":"THREE_ENEMY_KILL","is_prod":false,"is_daily":false,"chose_seed":false,"campfire_upgraded":2,"win_rate":0,"timestamp":1549269824,"path_taken":["M","?","?","?","?","E","R","$","T","E","M","R","$","M","R","BOSS","M","?","$","?","$","E","R","M","T","E","R","$","?","M","R","BOSS","M","$","?","$","M","E","R","?","T","R","M","?","?","M","R","BOSS"],"build_version":"2019-01-23","purchased_purges":2,"victory":true,"max_hp_per_floor":[75,75,75,80,80,80,80,80,80,80,80,80,80,80,80,80,80,80,80,80,80,80,80,80,80,80,80,80,80,80,80,80,80,80,80,80,80,80,80,80,80,80,80,80,80,80,80,80,80,80],"card_choices":[{"not_picked":["Beam Cell","Ball Lightning"],"picked":"Cold Snap","floor":1.0},{"not_picked":["Compile Driver","Go for the Eyes"],"picked":"Conserve Battery","floor":3.0},{"not_picked":["Skim","Tempest"],"picked":"Multi-Cast","floor":6.0},{"not_picked":["Compile Driver","Sunder"],"picked":"Defragment","floor":10.0},{"not_picked":["Scrape","Tempest"],"picked":"White Noise","floor":11.0},{"not_picked":["Lockon","Cold Snap"],"picked":"Glacier","floor":14.0},{"not_picked":["Thunder Strike","Seek"],"picked":"Creative AI","floor":16.0},{"not_picked":["FTL","Auto Shields+1"],"picked":"Coolheaded","floor":18.0},{"not_picked":["Rebound+1","Rainbow"],"picked":"Rip and Tear","floor":23.0},{"not_picked":["Fusion","Consume","Barrage+1"],"picked":"SKIP","floor":25.0},{"not_picked":["Steam","Streamline+1"],"picked":"Echo Form","floor":27.0},{"not_picked":["Rebound+1","Compile Driver"],"picked":"Redo","floor":31.0},{"not_picked":["Fission","Biased Cognition"],"picked":"Seek","floor":33.0},{"not_picked":["Stack+1","BootSequence+1"],"picked":"Capacitor","floor":35.0},{"not_picked":["Dramatic Entrance","PanicButton"],"picked":"Chrysalis","floor":37.0},{"not_picked":["Swift Strike","Flash of Steel"],"picked":"Deep Breath","floor":37.0},{"not_picked":["Reinforced Body+1","Streamline+1"],"picked":"Conserve Battery","floor":39.0},{"not_picked":["Streamline","Undo+1"],"picked":"Sweeping Beam+1","floor":40.0},{"not_picked":["Rebound","Aggregate"],"picked":"Cold Snap","floor":45.0},{"not_picked":["Static Discharge+1","Ball Lightning+1"],"picked":"Heatsinks","floor":46.0},{"not_picked":["Reinforced Body","Doom and Gloom"],"picked":"Stack+1","floor":48}],"player_experience":638097,"relics_obtained":[{"floor":6.0,"key":"War Paint"},{"floor":9.0,"key":"MawBank"},{"floor":10.0,"key":"Anchor"},{"floor":21.0,"key":"Nilry\u0027s Codex"},{"floor":23.0,"key":"Torii"},{"floor":26.0,"key":"Ginger"},{"floor":27.0,"key":"Smiling Mask"},{"floor":40.0,"key":"Meat on the Bone"},{"floor":43.0,"key":"Boot"}],"event_choices":[{"damage_healed":0.0,"max_hp_gain":0.0,"max_hp_loss":0.0,"gold_gain":0.0,"cards_transformed":["Strike_B"],"event_name":"Transmorgrifier","player_choice":"Transformed","floor":2.0,"gold_loss":0.0,"damage_taken":0.0,"cards_obtained":["Ball Lightning"]},{"damage_healed":0.0,"max_hp_gain":5.0,"max_hp_loss":0.0,"gold_gain":0.0,"event_name":"Big Fish","player_choice":"Donut","floor":4.0,"gold_loss":0.0,"damage_taken":0.0},{"damage_healed":0.0,"max_hp_gain":0.0,"max_hp_loss":0.0,"gold_gain":175.0,"event_name":"Liars Game","player_choice":"AGREE","floor":5.0,"gold_loss":0.0,"damage_taken":0.0,"cards_obtained":["Doubt"]},{"damage_healed":0.0,"max_hp_gain":0.0,"max_hp_loss":0.0,"gold_gain":0.0,"event_name":"Nest","player_choice":"Joined the Cult","floor":19.0,"gold_loss":0.0,"damage_taken":6.0,"cards_obtained":["RitualDagger"]},{"damage_healed":0.0,"max_hp_gain":0.0,"max_hp_loss":0.0,"gold_gain":0.0,"event_name":"Cursed Tome","player_choice":"Obtained Book","floor":21.0,"gold_loss":0.0,"damage_taken":16.0},{"damage_healed":0.0,"max_hp_gain":0.0,"max_hp_loss":0.0,"gold_gain":0.0,"event_name":"Beggar","player_choice":"Ignored","floor":30.0,"gold_loss":0.0,"damage_taken":0.0},{"damage_healed":0.0,"max_hp_gain":0.0,"max_hp_loss":0.0,"gold_gain":0.0,"event_name":"SensoryStone","player_choice":"Memory 2","floor":37.0,"gold_loss":0.0,"damage_taken":5.0},{"damage_healed":0.0,"max_hp_gain":0.0,"max_hp_loss":0.0,"gold_gain":0.0,"event_name":"Accursed Blacksmith","player_choice":"Forge","floor":42.0,"gold_loss":0.0,"damage_taken":0.0,"cards_upgraded":["Echo Form"]},{"damage_healed":0.0,"max_hp_gain":0.0,"max_hp_loss":0.0,"gold_gain":0.0,"event_name":"Winding Halls","player_choice":"Embrace Madness","floor":47.0,"gold_loss":0.0,"damage_taken":10.0,"cards_obtained":["Madness","Madness"]}],"is_beta":false,"boss_relics":[{"not_picked":["Calling Bell","Snecko Eye"],"picked":"Nuclear Battery"},{"not_picked":["Sozu","Tiny House"],"picked":"Lizard Tail"}],"items_purged_floors":[36,38],"is_endless":false,"potions_floor_spawned":[3,11,16,18,23,25,27,35,45,48],"ascension_level":8}