{"gold_per_floor":[117,130,9,19,54,54,54,54,104,119,84,99,274,293,293,397,397,414,0,0,0,15,47,65,65,65,97,97,47,59,86,86,187,187,203,2,16,26,26],"floor_reached":39,"playtime":5786,"items_purged":["Doubt"],"score":588,"play_id":"71c947e4-1ecd-4ff1-823b-662c738dcd6c","local_time":"20190224134105","is_ascension_mode":false,"campfire_choices":[{"floor":6,"key":"REST"},{"data":"Armaments","floor":8,"key":"SMITH"},{"data":"Demon Form","floor":15,"key":"SMITH"},{"data":"Barricade","floor":28,"key":"SMITH"},{"data":"Seeing Red","floor":32,"key":"SMITH"}],"neow_cost":"NONE","seed_source_timestamp":420023352443300,"circlet_count":0,"master_deck":["Strike_R+1","Strike_R+1","Strike_R+1","Strike_R+1","Strike_R+1","Defend_R+1","Defend_R+1","Defend_R+1","Bash","Demon Form+1","Sword Boomerang","Spot Weakness","Armaments+1","Jack Of All Trades","Burning Pact","Flame Barrier","Seeing Red+1","Power Through","Searing Blow","Immolate","Clothesline","Headbutt","Warcry","Inflame","Dramatic Entrance","Shrug It Off","Writhe","Flex","Searing Blow","Barricade+1","Decay","Entrench","Limit Break","Doubt","Regret","Pain","Evolve+1","Reaper","Pummel","Metallicize+1"],"relics":["Burning Blood","Orichalcum","Mark of Pain","Bag of Marbles","Bag of Preparation","Self Forming Clay","Lantern","Regal Pillow","Calling Bell","Centennial Puzzle","Pear","Mango"],"potions_floor_usage":[10,12,12,16,23,33,33,33,38],"damage_taken":[{"damage":20,"enemies":"Jaw Worm","floor":1,"turns":5},{"damage":0,"enemies":"Small Slimes","floor":2,"turns":4},{"damage":4,"enemies":"Cultist","floor":4,"turns":4},{"damage":36,"enemies":"Exordium Wildlife","floor":5,"turns":6},{"damage":9,"enemies":"Exordium Thugs","floor":10,"turns":3},{"damage":4,"enemies":"Lots of Slimes","floor":12,"turns":4},{"damage":6,"enemies":"Blue Slaver","floor":14,"turns":3},{"damage":50,"enemies":"The Guardian","floor":16,"turns":9},{"damage":19,"enemies":"Shell Parasite","floor":18,"turns":5},{"damage":0,"enemies":"Chosen","floor":22,"turns":4},{"damage":0,"enemies":"Slavers","floor":23,"turns":1},{"damage":6,"enemies":"Centurion and Healer","floor":24,"turns":7},{"damage":10,"enemies":"Gremlin Leader","floor":27,"turns":4},{"damage":3,"enemies":"3 Cultists","floor":30,"turns":5},{"damage":20,"enemies":"Champ","floor":33,"turns":15},{"damage":17,"enemies":"3 Darklings","floor":35,"turns":3},{"damage":16,"enemies":"Orb Walker","floor":37,"turns":4},{"damage":81,"enemies":"Transient","floor":38,"turns":5},{"damage":22,"enemies":"3 Darklings","floor":39,"turns":1}],"seed_played":"-5894300215822111798","potions_obtained":[{"floor":1,"key":"Fire Potion"},{"floor":2,"key":"LiquidBronze"},{"floor":5,"key":"AttackPotion"},{"floor":10,"key":"FearPotion"},{"floor":14,"key":"BloodPotion"},{"floor":18,"key":"Poison Potion"},{"floor":27,"key":"Swift Potion"},{"floor":30,"key":"SkillPotion"},{"floor":37,"key":"Explosive Potion"},{"floor":38,"key":"Poison Potion"}],"is_trial":false,"path_per_floor":["M","M","$","M","M","R","?","R","T","M","?","M","?","M","R","B",null,"M","$","?","?","M","E","M","?","T","E","R","?","M","T","R","B",null,"M","$","M","M","M"],"character_chosen":"IRONCLAD","items_purchased":["Armaments","Jack Of All Trades","Headbutt","Warcry","Inflame","Dramatic Entrance","Shrug It Off","SteroidPotion","Reaper","Pummel"],"campfire_rested":1,"item_purchase_floors":[3,3,19,19,19,19,19,19,36,36],"current_hp_per_floor":[66,72,72,74,44,68,73,73,73,70,85,85,85,85,85,49,85,72,72,72,72,78,84,84,84,84,80,80,80,83,83,83,69,109,98,98,88,18,0],"gold":26,"neow_bonus":"TRANSFORM_CARD","is_prod":false,"is_daily":false,"chose_seed":false,"campfire_upgraded":4,"win_rate":0.0,"timestamp":1551040865,"path_taken":["M","M","$","M","M","R","?","R","T","M","?","M","?","?","R","BOSS","M","$","?","?","M","E","M","?","T","E","R","?","?","?","R","BOSS","M","$","M","M","M"],"build_version":"2019-01-23","purchased_purges":1,"victory":false,"max_hp_per_floor":[80,80,80,80,80,80,85,85,85,85,85,85,85,85,85,85,85,85,85,85,85,85,85,85,85,85,85,85,85,85,85,85,85,109,109,109,109,109,109],"card_choices":[{"not_picked":["Sever Soul","Body Slam"],"picked":"Sword Boomerang","floor":1},{"not_picked":["Cleave","Sword Boomerang"],"picked":"Spot Weakness","floor":2},{"not_picked":["Sword Boomerang","Flex"],"picked":"Burning Pact","floor":4},{"not_picked":["Cleave","Shrug It Off"],"picked":"Flame Barrier","floor":5},{"not_picked":["Searing Blow","Shrug It Off"],"picked":"Seeing Red","floor":10},{"not_picked":["Seeing Red","Twin Strike"],"picked":"Power Through","floor":12},{"not_picked":["Clothesline","Dropkick"],"picked":"Searing Blow","floor":14},{"not_picked":["Bludgeon","Dark Embrace"],"picked":"Immolate","floor":16},{"not_picked":["Cleave+1","Clash+1"],"picked":"Clothesline","floor":18},{"not_picked":["Anger+1","Hemokinesis+1"],"picked":"Flex","floor":22},{"not_picked":["Armaments","Bloodletting"],"picked":"Searing Blow","floor":23},{"not_picked":["True Grit+1","Body Slam"],"picked":"Barricade","floor":24},{"not_picked":["Body Slam","Perfected Strike","Power Through+1"],"picked":"SKIP","floor":27},{"not_picked":["Flex","Shrug It Off"],"picked":"Entrench","floor":30},{"not_picked":["Barricade","Dark Embrace"],"picked":"Limit Break","floor":33},{"not_picked":["Perfected Strike+1","Thunderclap+1"],"picked":"Evolve+1","floor":35},{"not_picked":["Bludgeon","Inflame","Iron Wave+1"],"picked":"SKIP","floor":37},{"not_picked":["Clothesline","True Grit+1"],"picked":"Metallicize+1","floor":38}],"player_experience":81679,"relics_obtained":[{"floor":9,"key":"Orichalcum"},{"floor":23,"key":"Bag of Preparation"},{"floor":26,"key":"Self Forming Clay"},{"floor":27,"key":"Lantern"},{"floor":31,"key":"Regal Pillow"},{"floor":34,"key":"Centennial Puzzle"},{"floor":34,"key":"Pear"},{"floor":34,"key":"Mango"}],"event_choices":[{"damage_healed":0,"gold_gain":0,"player_choice":"Donut","damage_taken":0,"max_hp_gain":5,"max_hp_loss":0,"event_name":"Big Fish","floor":7,"gold_loss":0},{"damage_healed":21,"gold_gain":0,"player_choice":"Healed","damage_taken":0,"max_hp_gain":0,"max_hp_loss":0,"event_name":"The Cleric","floor":11,"gold_loss":35},{"damage_healed":0,"gold_gain":175,"player_choice":"AGREE","damage_taken":0,"max_hp_gain":0,"max_hp_loss":0,"event_name":"Liars Game","floor":13,"gold_loss":0,"cards_obtained":["Doubt"]},{"damage_healed":0,"gold_gain":0,"player_choice":"Simplicity","damage_taken":0,"max_hp_gain":0,"max_hp_loss":0,"event_name":"Back to Basics","floor":20,"gold_loss":0,"cards_upgraded":["Strike_R","Strike_R","Strike_R","Strike_R","Strike_R","Defend_R","Defend_R","Defend_R"]},{"damage_healed":0,"gold_gain":0,"player_choice":"Opened","damage_taken":0,"relics_obtained":["Bag of Marbles"],"max_hp_gain":0,"max_hp_loss":0,"event_name":"The Mausoleum","floor":21,"gold_loss":0,"cards_obtained":["Writhe"]},{"damage_healed":0,"gold_gain":0,"player_choice":"Smashed Altar","damage_taken":0,"max_hp_gain":0,"max_hp_loss":0,"event_name":"Forgotten Altar","floor":25,"gold_loss":0,"cards_obtained":["Decay"]},{"damage_healed":0,"gold_gain":0,"player_choice":"Bet on Murderer","damage_taken":0,"max_hp_gain":0,"max_hp_loss":0,"event_name":"The Joust","floor":29,"gold_loss":50}],"is_beta":false,"boss_relics":[{"not_picked":["Runic Pyramid","Runic Cube"],"picked":"Mark of Pain"},{"not_picked":["Orrery","Eternal Feather"],"picked":"Calling Bell"}],"items_purged_floors":[19],"is_endless":false,"potions_floor_spawned":[1,2,5,10,14,18,27,30,37,38],"killed_by":"3 Darklings","ascension_level":0}