{"gold_per_floor":[113,113,129,129,129,154,55,80,80,80],"floor_reached":10,"playtime":505,"items_purged":["Strike_G"],"score":100,"play_id":"1e15d804-d9a3-4010-9137-b272828f92c2","local_time":"20190714212755","is_ascension_mode":true,"campfire_choices":[],"neow_cost":"CURSE","seed_source_timestamp":266678342676301,"circlet_count":0,"master_deck":["Strike_G","Strike_G","Strike_G","Defend_G","Defend_G","Defend_G","Defend_G","Defend_G","Survivor","Neutralize","Trip","Good Instincts","Normality","Blade Dance","Caltrops","Poisoned Stab","Infinite Blades","Dodge and Roll","PiercingWail"],"relics":["Ring of the Snake","Singing Bowl","Kunai","Mercury Hourglass","Bag of Marbles"],"potions_floor_usage":[],"damage_taken":[{"damage":2,"enemies":"Small Slimes","floor":1,"turns":6},{"damage":1,"enemies":"2 Louse","floor":3,"turns":3},{"damage":21,"enemies":"Lagavulin","floor":6,"turns":8},{"damage":38,"enemies":"3 Sentries","floor":8,"turns":10},{"damage":3,"enemies":"Jaw Worm","floor":10,"turns":1}],"seed_played":"4746976417818181459","potions_obtained":[{"floor":1,"key":"FearPotion"},{"floor":6,"key":"Energy Potion"}],"is_trial":false,"path_per_floor":["M","?","M","?","?","E","$","E","T","M"],"character_chosen":"THE_SILENT","items_purchased":["Dodge and Roll"],"campfire_rested":0,"item_purchase_floors":[7],"current_hp_per_floor":[61,58,57,57,62,41,41,3,3,0],"gold":80,"neow_bonus":"RANDOM_COLORLESS_2","is_prod":false,"is_daily":false,"chose_seed":false,"campfire_upgraded":0,"win_rate":0,"timestamp":1563154075,"path_taken":["M","?","M","?","?","E","?","E","T","M"],"build_version":"2019-07-05","purchased_purges":1,"victory":false,"max_hp_per_floor":[70,70,70,70,75,75,75,75,75,75],"card_choices":[{"not_picked":["Prepared","Slice"],"picked":"Blade Dance","floor":1},{"not_picked":["Escape Plan","Setup"],"picked":"Caltrops","floor":3},{"not_picked":["Leg Sweep","Bouncing Flask"],"picked":"Infinite Blades","floor":6},{"not_picked":["Night Terror","Storm of Steel"],"picked":"PiercingWail","floor":8}],"player_experience":383425,"relics_obtained":[{"floor":6,"key":"Kunai"},{"floor":8,"key":"Mercury Hourglass"},{"floor":9,"key":"Bag of Marbles"}],"event_choices":[{"damage_healed":0,"gold_gain":0,"player_choice":"Success","damage_taken":3,"relics_obtained":["Singing Bowl"],"max_hp_gain":0,"max_hp_loss":0,"event_name":"Scrap Ooze","floor":2,"gold_loss":0},{"damage_healed":0,"gold_gain":0,"cards_transformed":["Strike_G"],"player_choice":"Change","damage_taken":0,"max_hp_gain":0,"max_hp_loss":0,"event_name":"Living Wall","floor":4,"gold_loss":0,"cards_obtained":["Poisoned Stab"]},{"damage_healed":0,"gold_gain":0,"player_choice":"Donut","damage_taken":0,"max_hp_gain":5,"max_hp_loss":0,"event_name":"Big Fish","floor":5,"gold_loss":0}],"is_beta":false,"boss_relics":[],"items_purged_floors":[7],"is_endless":false,"potions_floor_spawned":[1,6],"killed_by":"Jaw Worm","ascension_level":7}