{"gold_per_floor":[109,128,142,142,152,180,180,193,193,212,212,222,222,249,249,351,351,363,363,379,390,403,403,403,403,403,403,418,418,451,71,71,176,176,189,207,256,256,256],"floor_reached":39,"playtime":2420,"items_purged":["Strike_B"],"score":413,"play_id":"798c5b7f-5526-4a17-8ecf-81c6926bd794","local_time":"20190714090434","is_ascension_mode":false,"campfire_choices":[{"data":"Echo Form","floor":7.0,"key":"SMITH"},{"data":"Coolheaded","floor":11.0,"key":"SMITH"},{"floor":13.0,"key":"REST"},{"floor":15.0,"key":"REST"},{"data":"Coolheaded","floor":23.0,"key":"SMITH"},{"data":"Defragment","floor":25.0,"key":"SMITH"},{"data":"Redo","floor":27.0,"key":"SMITH"},{"data":"Leap","floor":29.0,"key":"SMITH"},{"floor":32.0,"key":"REST"}],"neow_cost":"NONE","seed_source_timestamp":59790006188146,"circlet_count":0,"master_deck":["Strike_B","Strike_B","Strike_B","Defend_B","Defend_B","Defend_B","Defend_B","Zap","Dualcast","Compile Driver","Rebound","Echo Form+1","Coolheaded+1","Redo+1","Coolheaded+1","Cold Snap","Rebound","Multi-Cast","Rainbow","Lockon+1","Defragment+1","Sweeping Beam+1","Leap+1","Rebound+1","Seek","Capacitor","Chill","Beam Cell+1","Electrodynamics","Conserve Battery+1"],"special_seed":0,"relics":["Cracked Core","NeowsBlessing","Pen Nib","Regal Pillow","Bag of Marbles","Kunai","Snecko Eye","Bottled Flame","Molten Egg 2","Velvet Choker","Shovel"],"potions_floor_usage":[],"damage_taken":[{"damage":0.0,"enemies":"2 Louse","floor":1.0,"turns":1.0},{"damage":0.0,"enemies":"Jaw Worm","floor":2.0,"turns":1.0},{"damage":0.0,"enemies":"Small Slimes","floor":3.0,"turns":1.0},{"damage":11.0,"enemies":"Blue Slaver","floor":5.0,"turns":4.0},{"damage":5.0,"enemies":"Lagavulin","floor":6.0,"turns":7.0},{"damage":19.0,"enemies":"Large Slime","floor":8.0,"turns":6.0},{"damage":15.0,"enemies":"Looter","floor":10.0,"turns":4.0},{"damage":9.0,"enemies":"Red Slaver","floor":12.0,"turns":6.0},{"damage":20.0,"enemies":"3 Sentries","floor":14.0,"turns":7.0},{"damage":3.0,"enemies":"Slime Boss","floor":16.0,"turns":12.0},{"damage":10.0,"enemies":"Shell Parasite","floor":18.0,"turns":5.0},{"damage":3.0,"enemies":"Chosen","floor":20.0,"turns":4.0},{"damage":10.0,"enemies":"Centurion and Healer","floor":21.0,"turns":7.0},{"damage":0.0,"enemies":"Snecko","floor":22.0,"turns":4.0},{"damage":0.0,"enemies":"3 Cultists","floor":28.0,"turns":4.0},{"damage":32.0,"enemies":"Slavers","floor":30.0,"turns":4.0},{"damage":2.0,"enemies":"Automaton","floor":33.0,"turns":8.0},{"damage":0.0,"enemies":"Orb Walker","floor":35.0,"turns":3.0},{"damage":2.0,"enemies":"3 Shapes","floor":36.0,"turns":5.0},{"damage":25.0,"enemies":"2 Orb Walkers","floor":37.0,"turns":3.0},{"damage":49,"enemies":"Transient","floor":39,"turns":4}],"seed_played":"-3154942799929375549","potions_obtained":[{"floor":5.0,"key":"SpeedPotion"},{"floor":12.0,"key":"FocusPotion"},{"floor":14.0,"key":"Poison Potion"},{"floor":16.0,"key":"Poison Potion"},{"floor":18.0,"key":"PowerPotion"},{"floor":20.0,"key":"GamblersBrew"},{"floor":22.0,"key":"Swift Potion"},{"floor":36.0,"key":"FocusPotion"}],"is_trial":false,"path_per_floor":["M","M","M","?","M","E","R","M","T","M","R","M","R","E","R","B",null,"M","?","M","M","M","R","?","R","T","R","M","R","E","$","R","B",null,"M","M","?","?","M"],"character_chosen":"DEFECT","items_purchased":["Capacitor","Chill","PowerPotion","Beam Cell+1","SkillPotion"],"campfire_rested":3,"item_purchase_floors":[31,31,31,31,31],"current_hp_per_floor":[75,75,75,68,57,52,52,33,33,18,18,9,46,26,63,60,75,65,65,62,52,52,52,52,52,52,52,52,52,20,20,57,55,75,75,73,48,48,0],"gold":256,"neow_bonus":"THREE_ENEMY_KILL","is_prod":false,"is_daily":false,"chose_seed":false,"campfire_upgraded":6,"win_rate":0.0,"timestamp":1563113074,"path_taken":["M","M","M","?","M","E","R","M","T","M","R","M","R","E","R","BOSS","M","?","M","M","M","R","?","R","T","R","M","R","E","$","R","BOSS","M","M","?","?","M"],"build_version":"2019-07-05","purchased_purges":1,"victory":false,"max_hp_per_floor":[75,75,75,75,75,75,75,75,75,75,75,75,75,75,75,75,75,75,75,75,75,75,75,75,75,75,75,75,75,75,75,75,75,75,75,75,75,71,71],"card_choices":[{"not_picked":["Barrage","Heatsinks"],"picked":"Compile Driver","floor":1.0},{"not_picked":["Streamline","Barrage"],"picked":"Rebound","floor":2.0},{"not_picked":["Darkness","Go for the Eyes"],"picked":"Echo Form","floor":3.0},{"not_picked":["Hologram","Streamline"],"picked":"Coolheaded","floor":5.0},{"not_picked":["Doom and Gloom","Streamline"],"picked":"Redo","floor":6.0},{"not_picked":["Fission","Darkness"],"picked":"Coolheaded","floor":8.0},{"not_picked":["Redo","Barrage"],"picked":"Cold Snap","floor":10.0},{"not_picked":["Compile Driver","Static Discharge"],"picked":"Rebound","floor":12.0},{"not_picked":["Streamline","Doom and Gloom"],"picked":"Multi-Cast","floor":14.0},{"not_picked":["All For One","Fission"],"picked":"Rainbow","floor":16.0},{"not_picked":["Barrage","Scrape+1"],"picked":"Lockon+1","floor":18.0},{"not_picked":["Rebound","Gash"],"picked":"Sweeping Beam+1","floor":20.0},{"not_picked":["Streamline","Stack","Rebound"],"picked":"SKIP","floor":21.0},{"not_picked":["Tempest","Darkness"],"picked":"Leap","floor":22.0},{"not_picked":["Cold Snap","Ball Lightning"],"picked":"Rebound+1","floor":28.0},{"not_picked":["Consume","Cold Snap"],"picked":"Seek","floor":30.0},{"not_picked":["Amplify","All For One+1"],"picked":"Electrodynamics","floor":33.0},{"not_picked":["Reinforced Body+1","Reprogram","Steam"],"picked":"SKIP","floor":35.0},{"not_picked":["Beam Cell+1","Static Discharge+1","Reinforced Body"],"picked":"SKIP","floor":36.0},{"not_picked":["Darkness","Tempest+1"],"picked":"Conserve Battery+1","floor":37.0}],"player_experience":206911,"relics_obtained":[{"floor":6.0,"key":"Regal Pillow"},{"floor":9.0,"key":"Bag of Marbles"},{"floor":14.0,"key":"Kunai"},{"floor":26.0,"key":"Bottled Flame"},{"floor":30.0,"key":"Molten Egg 2"},{"floor":37.0,"key":"Shovel"}],"event_choices":[{"damage_healed":0.0,"max_hp_gain":0.0,"max_hp_loss":0.0,"gold_gain":0.0,"event_name":"Scrap Ooze","player_choice":"Success","floor":4.0,"gold_loss":0.0,"damage_taken":7.0,"relics_obtained":["Pen Nib"]},{"damage_healed":0.0,"max_hp_gain":0.0,"max_hp_loss":0.0,"gold_gain":0.0,"event_name":"The Library","player_choice":"Read","floor":19.0,"gold_loss":0.0,"damage_taken":0.0,"cards_obtained":["Defragment"]},{"damage_healed":0.0,"max_hp_gain":0.0,"max_hp_loss":0.0,"gold_gain":0.0,"event_name":"Cursed Tome","player_choice":"Ignored","floor":24.0,"gold_loss":0.0,"damage_taken":0.0},{"damage_healed":0.0,"max_hp_gain":0.0,"max_hp_loss":0.0,"gold_gain":0.0,"event_name":"Mysterious Sphere","player_choice":"Fight","floor":37.0,"gold_loss":0.0,"damage_taken":0.0},{"damage_healed":0.0,"max_hp_gain":0.0,"max_hp_loss":4.0,"gold_gain":0.0,"event_name":"Winding Halls","player_choice":"Max HP","floor":38.0,"gold_loss":0.0,"damage_taken":0.0}],"is_beta":false,"boss_relics":[{"not_picked":["Busted Crown","Ectoplasm"],"picked":"Snecko Eye"},{"not_picked":["White Beast Statue","Sozu"],"picked":"Velvet Choker"}],"items_purged_floors":[31],"is_endless":false,"potions_floor_spawned":[5,12,14,16,18,20,22,36],"killed_by":"Transient","ascension_level":0}