{"gold_per_floor":[119,119,137,62,62,62,88,88,113,144,163,163,176,101,101,172,172,184,184,184,109,109,109,124,124,149,182,198,216,247,272,272,349,349,364,364,380,480,380,405,405,423,449,449,176,176,196,209,209,209,209,209,209,76,105,105],"floor_reached":57,"playtime":2689,"items_purged":["Strike_R","Twin Strike","Armaments+1"],"score":3302,"play_id":"86fec6b4-9384-4464-b5ad-3da6a8016cd3","local_time":"20190518121717","is_ascension_mode":true,"campfire_choices":[{"floor":6.0,"key":"RECALL"},{"data":"Sword Boomerang","floor":8.0,"key":"SMITH"},{"data":"Flex","floor":15.0,"key":"SMITH"},{"data":"Body Slam","floor":23.0,"key":"SMITH"},{"data":"True Grit","floor":25.0,"key":"SMITH"},{"data":"Offering","floor":32.0,"key":"SMITH"},{"data":"Limit Break","floor":41.0,"key":"SMITH"},{"data":"Ghostly","floor":44.0,"key":"SMITH"},{"data":"Deep Breath","floor":49,"key":"SMITH"},{"data":"Burning Pact","floor":53,"key":"SMITH"}],"neow_cost":"NONE","seed_source_timestamp":130839406391582,"circlet_count":0,"master_deck":["AscendersBane","Evolve","Sword Boomerang+1","True Grit+1","Flex+1","Feel No Pain","Exhume","Offering+1","Second Wind","Limit Break+1","Barricade","Ghostly+1","Ghostly","Ghostly","Body Slam+1","Seeing Red+1","Offering","Burning Pact+1","Clumsy","Deep Breath+1","Pommel Strike+1"],"special_seed":0,"relics":["Burning Blood","NeowsBlessing","War Paint","Centennial Puzzle","Nunchaku","Pandora\u0027s Box","MutagenicStrength","Anchor","Pear","Red Mask","Cursed Key","Champion Belt","Mummified Hand","Smiling Mask","Medical Kit","Bottled Tornado"],"potions_floor_usage":[56],"damage_taken":[{"damage":0.0,"enemies":"Jaw Worm","floor":1.0,"turns":1.0},{"damage":0.0,"enemies":"Cultist","floor":3.0,"turns":1.0},{"damage":0.0,"enemies":"3 Sentries","floor":7.0,"turns":2.0},{"damage":8.0,"enemies":"Gremlin Nob","floor":10.0,"turns":3.0},{"damage":4.0,"enemies":"2 Louse","floor":11.0,"turns":3.0},{"damage":4.0,"enemies":"2 Fungi Beasts","floor":13.0,"turns":4.0},{"damage":45.0,"enemies":"Hexaghost","floor":16.0,"turns":8.0},{"damage":9.0,"enemies":"3 Byrds","floor":18.0,"turns":3.0},{"damage":1.0,"enemies":"Chosen","floor":24.0,"turns":3.0},{"damage":1.0,"enemies":"Book of Stabbing","floor":27.0,"turns":4.0},{"damage":6.0,"enemies":"Snake Plant","floor":28.0,"turns":4.0},{"damage":1.0,"enemies":"Centurion and Healer","floor":29.0,"turns":4.0},{"damage":16.0,"enemies":"Slavers","floor":30.0,"turns":6.0},{"damage":1.0,"enemies":"Masked Bandits","floor":31.0,"turns":5.0},{"damage":1.0,"enemies":"Champ","floor":33.0,"turns":10.0},{"damage":7.0,"enemies":"Orb Walker","floor":35.0,"turns":2.0},{"damage":2.0,"enemies":"3 Shapes","floor":37.0,"turns":3.0},{"damage":7.0,"enemies":"Mind Bloom Boss Battle","floor":38.0,"turns":1.0},{"damage":2.0,"enemies":"Reptomancer","floor":40.0,"turns":4.0},{"damage":2.0,"enemies":"Spire Growth","floor":42.0,"turns":4.0},{"damage":7,"enemies":"Transient","floor":47,"turns":5},{"damage":2,"enemies":"3 Darklings","floor":48,"turns":3},{"damage":8,"enemies":"Donu and Deca","floor":50,"turns":5},{"damage":2,"enemies":"Awakened One","floor":51,"turns":4},{"damage":2,"enemies":"Shield and Spear","floor":55,"turns":2},{"damage":13,"enemies":"The Heart","floor":56,"turns":6}],"seed_played":"4583433556394110753","potions_obtained":[{"floor":1.0,"key":"SpeedPotion"},{"floor":3.0,"key":"Weak Potion"},{"floor":7.0,"key":"Fire Potion"},{"floor":24.0,"key":"AttackPotion"},{"floor":28.0,"key":"BloodPotion"},{"floor":29.0,"key":"EssenceOfSteel"},{"floor":37.0,"key":"Energy Potion"},{"floor":40.0,"key":"PowerPotion"}],"is_trial":false,"path_per_floor":["M","?","M","$","?","R","E","R","T","E","M","?","M","?","R","B",null,"M","?","?","?","?","R","M","R","T","E","M","M","E","?","R","B",null,"M","?","M","?","$","E","R","M","T","R","$","?","M","M","R","B","B",null,"R","$","E","B",null],"character_chosen":"IRONCLAD","items_purchased":["Medical Kit","GamblersBrew","SteroidPotion"],"campfire_rested":0,"item_purchase_floors":[45,54,54],"current_hp_per_floor":[74,74,75,75,52,52,58,58,58,56,58,51,53,53,53,14,60,57,37,37,37,37,37,37,37,37,37,37,37,37,42,42,47,47,46,45,45,44,44,45,45,45,45,45,45,45,44,45,45,43,45,45,45,45,45,38],"gold":105,"neow_bonus":"THREE_ENEMY_KILL","is_prod":false,"is_daily":false,"chose_seed":false,"campfire_upgraded":9,"win_rate":0,"timestamp":1558153037,"path_taken":["M","?","M","?","?","R","E","R","T","E","M","?","M","?","R","BOSS","M","?","?","?","?","R","M","R","T","E","?","M","E","?","R","BOSS","M","?","M","?","$","E","R","M","T","R","$","?","M","M","R","BOSS","BOSS","R","$","E","BOSS"],"build_version":"2019-01-23","purchased_purges":3,"victory":true,"max_hp_per_floor":[75,75,75,75,75,75,75,75,75,75,75,75,75,75,75,75,75,75,37,37,37,37,37,37,37,37,37,37,37,47,47,47,47,47,47,45,45,45,45,45,45,45,45,45,45,45,45,45,45,45,45,45,45,45,45,45],"card_choices":[{"not_picked":["Disarm","Rupture"],"picked":"Evolve","floor":1.0},{"not_picked":["Havoc","Heavy Blade","Perfected Strike"],"picked":"SKIP","floor":3.0},{"not_picked":["Evolve","Pommel Strike"],"picked":"Sword Boomerang","floor":7.0},{"not_picked":["Rupture","Intimidate"],"picked":"True Grit","floor":10.0},{"not_picked":["Wild Strike","Sword Boomerang"],"picked":"Flex","floor":11.0},{"not_picked":["Intimidate","Wild Strike"],"picked":"Feel No Pain","floor":13.0},{"not_picked":["Double Tap","Berserk"],"picked":"Exhume","floor":16.0},{"not_picked":["Wild Strike","Flame Barrier","Thunderclap+1"],"picked":"SKIP","floor":18.0},{"not_picked":["Sever Soul","Armaments","Twin Strike"],"picked":"SKIP","floor":24.0},{"not_picked":["Bloodletting","Clash","Clothesline"],"picked":"SKIP","floor":27.0},{"not_picked":["Spot Weakness","Headbutt"],"picked":"Seeing Red+1","floor":28.0},{"not_picked":["Fire Breathing","Bloodletting","Warcry"],"picked":"SKIP","floor":29.0},{"not_picked":["Fire Breathing","Bloodletting","Warcry"],"picked":"SKIP","floor":29.0},{"not_picked":["Iron Wave","Rage+1"],"picked":"Armaments+1","floor":30.0},{"not_picked":["Berserk","Immolate"],"picked":"Offering","floor":33.0},{"not_picked":["Perfected Strike","Warcry+1"],"picked":"Burning Pact","floor":35.0},{"not_picked":["Intimidate+1","Disarm","True Grit"],"picked":"SKIP","floor":37.0},{"not_picked":["Bloodletting","Battle Trance+1","Clothesline+1"],"picked":"SKIP","floor":40.0},{"not_picked":["Bloodletting","Battle Trance+1","Clothesline+1"],"picked":"SKIP","floor":40.0},{"not_picked":["Shrug It Off","Perfected Strike","Sword Boomerang+1"],"picked":"SKIP","floor":42.0},{"not_picked":["Panacea","Swift Strike"],"picked":"Deep Breath","floor":46},{"not_picked":["Shrug It Off+1","Pummel","Anger+1"],"picked":"SKIP","floor":47},{"not_picked":["Intimidate","Metallicize","Body Slam"],"picked":"SKIP","floor":48},{"not_picked":["Twin Strike","Flame Barrier+1"],"picked":"Pommel Strike+1","floor":55}],"player_experience":867816,"relics_obtained":[{"floor":7.0,"key":"War Paint"},{"floor":9.0,"key":"Centennial Puzzle"},{"floor":10.0,"key":"Nunchaku"},{"floor":27.0,"key":"Anchor"},{"floor":30.0,"key":"Pear"},{"floor":31.0,"key":"Red Mask"},{"floor":38.0,"key":"Champion Belt"},{"floor":40.0,"key":"Mummified Hand"},{"floor":43.0,"key":"Smiling Mask"},{"floor":55,"key":"Bottled Tornado"}],"event_choices":[{"cards_removed":["Strike_R"],"damage_healed":0.0,"max_hp_gain":0.0,"max_hp_loss":0.0,"gold_gain":0.0,"event_name":"Purifier","player_choice":"Purged","floor":2.0,"gold_loss":0.0,"damage_taken":0.0},{"damage_healed":0.0,"max_hp_gain":0.0,"max_hp_loss":0.0,"gold_gain":0.0,"event_name":"Shining Light","player_choice":"Entered Light","floor":5.0,"gold_loss":0.0,"damage_taken":23.0,"cards_upgraded":["Strike_R","Strike_R"]},{"cards_removed":["Strike_R"],"damage_healed":0.0,"max_hp_gain":0.0,"max_hp_loss":0.0,"gold_gain":0.0,"event_name":"Golden Wing","player_choice":"Card Removal","floor":12.0,"gold_loss":0.0,"damage_taken":7.0},{"cards_removed":["Defend_R"],"damage_healed":0.0,"max_hp_gain":0.0,"max_hp_loss":0.0,"gold_gain":0.0,"event_name":"The Cleric","player_choice":"Card Removal","floor":14.0,"gold_loss":75.0,"damage_taken":0.0},{"damage_healed":0.0,"max_hp_gain":0.0,"max_hp_loss":38.0,"gold_gain":0.0,"event_name":"Ghosts","player_choice":"Became a Ghost","floor":19.0,"gold_loss":0.0,"damage_taken":0.0,"cards_obtained":["Ghostly","Ghostly","Ghostly"]},{"damage_healed":0.0,"max_hp_gain":0.0,"max_hp_loss":0.0,"gold_gain":0.0,"event_name":"Drug Dealer","player_choice":"Inject Mutagens","floor":20.0,"gold_loss":0.0,"damage_taken":0.0,"relics_obtained":["MutagenicStrength"]},{"cards_removed":["Bash"],"damage_healed":0.0,"max_hp_gain":0.0,"max_hp_loss":0.0,"gold_gain":0.0,"event_name":"Beggar","player_choice":"Gave Gold","floor":21.0,"gold_loss":75.0,"damage_taken":0.0},{"damage_healed":0.0,"max_hp_gain":0.0,"max_hp_loss":0.0,"gold_gain":0.0,"event_name":"The Library","player_choice":"Read","floor":22.0,"gold_loss":0.0,"damage_taken":0.0,"cards_obtained":["Body Slam"]},{"damage_healed":0.0,"max_hp_gain":0.0,"max_hp_loss":0.0,"gold_gain":0.0,"event_name":"Masked Bandits","player_choice":"Fought Bandits","floor":31.0,"gold_loss":0.0,"damage_taken":0.0},{"damage_healed":0.0,"max_hp_gain":0.0,"max_hp_loss":2.0,"gold_gain":0.0,"event_name":"Winding Halls","player_choice":"Max HP","floor":36.0,"gold_loss":0.0,"damage_taken":0.0},{"damage_healed":0.0,"max_hp_gain":0.0,"max_hp_loss":0.0,"gold_gain":0.0,"event_name":"MindBloom","player_choice":"Fight","floor":38.0,"gold_loss":0.0,"damage_taken":0.0},{"damage_healed":0,"gold_gain":0,"player_choice":"Memory 1","damage_taken":0,"max_hp_gain":0,"max_hp_loss":0,"event_name":"SensoryStone","floor":46,"gold_loss":0}],"is_beta":false,"boss_relics":[{"not_picked":["Black Star","Lizard Tail"],"picked":"Pandora\u0027s Box"},{"not_picked":["Runic Dome","Snecko Eye"],"picked":"Cursed Key"}],"items_purged_floors":[4,39,45],"is_endless":false,"potions_floor_spawned":[1,3,7,11,13,24,28,29,37,40,42,48],"ascension_level":20}