{"gold_per_floor":[365,377,3,22,197,229,229,29,83,83,183,197,217,217,217,317,317,334,32,52,52,52,52,52,52,52,1,51,63,63,78,78,181,181,193,205,205,257,257,257,268,286,286,286,286,286,63,63,63,63],"floor_reached":51,"playtime":6005,"items_purged":["Defend_G","Pain"],"score":666,"play_id":"3d02ed6a-237d-4d74-bedc-f0edb853ca06","local_time":"20190303173943","is_ascension_mode":false,"campfire_choices":[{"data":"Blur","floor":7.0,"key":"SMITH"},{"data":"Crippling Poison","floor":10.0,"key":"SMITH"},{"data":"Survivor","floor":15.0,"key":"SMITH"},{"floor":23.0,"key":"REST"},{"data":"Well Laid Plans","floor":25.0,"key":"SMITH"},{"floor":32.0,"key":"REST"},{"floor":40,"key":"REST"},{"data":"Bite","floor":44,"key":"SMITH"},{"data":"Wraith Form v2","floor":46,"key":"SMITH"},{"data":"Noxious Fumes","floor":49,"key":"SMITH"}],"neow_cost":"CURSE","seed_source_timestamp":0,"circlet_count":0,"master_deck":["Defend_G","Defend_G","Defend_G","Survivor+1","Neutralize+1","Predator","Masterful Stab","Well Laid Plans+1","Crippling Poison+1","Blur+1","Terror","Corpse Explosion","Caltrops","Noxious Fumes+1","Bite","Bite","Bite","Bite","Bite+1","Dash","Wraith Form v2+1","Parasite","Leg Sweep+1","PanicButton","Outmaneuver"],"special_seed":0,"relics":["Ring of the Snake","TwistedFunnel","Whetstone","HandDrill","Omamori","Cursed Key","Frozen Eye","Strawberry","Nilry\u0027s Codex","Pen Nib","Dream Catcher","Eternal Feather","Prayer Wheel","Juzu Bracelet"],"potions_floor_usage":[50,50,50],"damage_taken":[{"damage":0.0,"enemies":"Small Slimes","floor":1.0,"turns":4.0},{"damage":1.0,"enemies":"2 Louse","floor":2.0,"turns":3.0},{"damage":0.0,"enemies":"Cultist","floor":4.0,"turns":2.0},{"damage":8.0,"enemies":"Lagavulin","floor":6.0,"turns":5.0},{"damage":0.0,"enemies":"Exordium Wildlife","floor":12.0,"turns":2.0},{"damage":0.0,"enemies":"Red Slaver","floor":13.0,"turns":4.0},{"damage":6.0,"enemies":"The Guardian","floor":16.0,"turns":11.0},{"damage":4.0,"enemies":"Spheric Guardian","floor":18.0,"turns":4.0},{"damage":3.0,"enemies":"Shell Parasite","floor":20.0,"turns":5.0},{"damage":0.0,"enemies":"Centurion and Healer","floor":29.0,"turns":5.0},{"damage":25.0,"enemies":"Sentry and Sphere","floor":31.0,"turns":5.0},{"damage":49.0,"enemies":"Collector","floor":33.0,"turns":9.0},{"damage":12.0,"enemies":"3 Darklings","floor":35.0,"turns":4.0},{"damage":38,"enemies":"Orb Walker","floor":36,"turns":6},{"damage":15,"enemies":"2 Orb Walkers","floor":38,"turns":5},{"damage":20,"enemies":"Sphere and 2 Shapes","floor":41,"turns":7},{"damage":13,"enemies":"Writhing Mass","floor":42,"turns":8},{"damage":63,"enemies":"Donu and Deca","floor":50,"turns":10}],"seed_played":"2736803842326643115","potions_obtained":[{"floor":2.0,"key":"Energy Potion"},{"floor":4.0,"key":"Fire Potion"},{"floor":12.0,"key":"Explosive Potion"},{"floor":13.0,"key":"Block Potion"},{"floor":18.0,"key":"EssenceOfSteel"},{"floor":29.0,"key":"SpeedPotion"},{"floor":31.0,"key":"GamblersBrew"},{"floor":35,"key":"Weak Potion"},{"floor":42,"key":"Strength Potion"}],"is_trial":false,"path_per_floor":["M","M","$","M","?","E","R","$","T","R","?","M","M","?","R","B",null,"M","$","M","?","?","R","?","R","T","$","T","M","?","M","R","B",null,"M","M","?","?","?","R","M","M","T","R","?","R","$","?","R","B",null],"character_chosen":"THE_SILENT","items_purchased":["TwistedFunnel","Well Laid Plans","GhostInAJar","Riddle With Holes","HandDrill","Frozen Eye","Noxious Fumes","AttackPotion","Regen Potion","PowerPotion"],"campfire_rested":3,"item_purchase_floors":[3,3,3,3,8,19,19,27,47,47],"current_hp_per_floor":[70,69,69,69,69,61,61,61,61,61,61,61,61,61,61,55,70,66,66,63,70,54,77,53,53,53,53,53,53,53,34,49,18,53,43,17,17,12,12,39,31,36,36,51,51,53,53,53,53,7],"gold":63,"neow_bonus":"TWO_FIFTY_GOLD","is_prod":false,"is_daily":false,"chose_seed":false,"campfire_upgraded":7,"win_rate":0,"timestamp":1551659983,"path_taken":["M","M","$","M","?","E","R","$","T","R","?","?","M","?","R","BOSS","M","$","M","?","?","R","?","R","T","$","?","M","?","M","R","BOSS","M","M","?","?","?","R","M","M","T","R","?","R","$","?","R","BOSS"],"build_version":"2019-01-23","purchased_purges":2,"victory":true,"max_hp_per_floor":[70,70,70,70,70,70,70,70,70,70,70,70,70,70,70,70,70,70,70,70,77,77,77,53,53,53,53,53,53,53,53,53,53,53,53,53,53,53,53,53,53,53,53,53,53,53,53,53,53,53],"card_choices":[{"not_picked":["PiercingWail","Reflex"],"picked":"Predator","floor":1.0},{"not_picked":["Dodge and Roll","Predator"],"picked":"Masterful Stab","floor":2.0},{"not_picked":["Expertise","Catalyst"],"picked":"Crippling Poison","floor":4.0},{"not_picked":["Terror","Flying Knee"],"picked":"Blur","floor":6.0},{"not_picked":["Riddle With Holes","Underhanded Strike"],"picked":"Terror","floor":12.0},{"not_picked":["Deflect","Flechettes","Skewer"],"picked":"SKIP","floor":13.0},{"not_picked":["Storm of Steel","Venomology"],"picked":"Corpse Explosion","floor":16.0},{"not_picked":["Backflip","Underhanded Strike"],"picked":"Caltrops","floor":18.0},{"not_picked":["Sucker Punch+1","Finisher","Endless Agony+1"],"picked":"SKIP","floor":20.0},{"not_picked":["Deadly Poison","Riddle With Holes"],"picked":"Dash","floor":29.0},{"not_picked":["Dodge and Roll","Dagger Throw+1","Choke"],"picked":"SKIP","floor":31.0},{"not_picked":["Night Terror","Malaise"],"picked":"Wraith Form v2","floor":33.0},{"not_picked":["Dagger Throw+1","Sucker Punch","Calculated Gamble+1"],"picked":"SKIP","floor":35},{"not_picked":["Slice","Sucker Punch+1","Bane+1"],"picked":"SKIP","floor":36},{"not_picked":["Dagger Throw","Backstab","Tactician"],"picked":"SKIP","floor":41},{"not_picked":["Dagger Spray","Deadly Poison","Sucker Punch"],"picked":"SKIP","floor":41},{"not_picked":["Bouncing Flask","Backflip"],"picked":"Leg Sweep+1","floor":42},{"not_picked":["Finisher","Slice+1","Accuracy"],"picked":"SKIP","floor":42},{"not_picked":["Jack Of All Trades","Dramatic Entrance"],"picked":"PanicButton","floor":45}],"player_experience":175502,"relics_obtained":[{"floor":6.0,"key":"Whetstone"},{"floor":9.0,"key":"Omamori"},{"floor":22.0,"key":"Nilry\u0027s Codex"},{"floor":26.0,"key":"Pen Nib"},{"floor":28.0,"key":"Dream Catcher"},{"floor":38,"key":"Prayer Wheel"},{"floor":43,"key":"Juzu Bracelet"}],"event_choices":[{"damage_healed":0.0,"max_hp_gain":0.0,"max_hp_loss":0.0,"gold_gain":175.0,"event_name":"Liars Game","player_choice":"AGREE","floor":5.0,"gold_loss":0.0,"damage_taken":0.0,"cards_obtained":["Doubt"]},{"damage_healed":0.0,"max_hp_gain":0.0,"max_hp_loss":0.0,"gold_gain":100.0,"event_name":"Wheel of Change","player_choice":"Gold","floor":11.0,"gold_loss":0.0,"damage_taken":0.0},{"cards_removed":["Doubt","Injury"],"damage_healed":0.0,"max_hp_gain":0.0,"max_hp_loss":0.0,"gold_gain":0.0,"event_name":"Fountain of Cleansing","player_choice":"Removed Curses","floor":14.0,"gold_loss":0.0,"damage_taken":0.0},{"damage_healed":0.0,"max_hp_gain":0.0,"max_hp_loss":0.0,"gold_gain":0.0,"event_name":"The Mausoleum","player_choice":"Opened","floor":21.0,"gold_loss":0.0,"damage_taken":0.0,"relics_obtained":["Strawberry"]},{"damage_healed":0.0,"max_hp_gain":0.0,"max_hp_loss":0.0,"gold_gain":0.0,"event_name":"Cursed Tome","player_choice":"Obtained Book","floor":22.0,"gold_loss":0.0,"damage_taken":16.0},{"damage_healed":0.0,"max_hp_gain":0.0,"max_hp_loss":24.0,"gold_gain":0.0,"event_name":"Vampires","player_choice":"Became a vampire","floor":24.0,"gold_loss":0.0,"damage_taken":0.0,"cards_obtained":["Bite","Bite","Bite","Bite","Bite"]},{"damage_healed":0.0,"max_hp_gain":0.0,"max_hp_loss":0.0,"gold_gain":0.0,"event_name":"Beggar","player_choice":"Ignored","floor":30.0,"gold_loss":0.0,"damage_taken":0.0},{"cards_removed":["Riddle With Holes"],"damage_healed":0,"gold_gain":0,"player_choice":"Removed Attack","damage_taken":0,"max_hp_gain":0,"max_hp_loss":0,"event_name":"Falling","floor":37,"gold_loss":0},{"damage_healed":0,"gold_gain":0,"player_choice":"Fight","damage_taken":0,"max_hp_gain":0,"max_hp_loss":0,"event_name":"Mysterious Sphere","floor":38,"gold_loss":0},{"damage_healed":0,"gold_gain":0,"player_choice":"Ignored","damage_taken":0,"max_hp_gain":0,"max_hp_loss":0,"event_name":"Tomb of Lord Red Mask","floor":39,"gold_loss":0},{"damage_healed":0,"gold_gain":0,"player_choice":"Memory 1","damage_taken":0,"max_hp_gain":0,"max_hp_loss":0,"event_name":"SensoryStone","floor":45,"gold_loss":0},{"damage_healed":0,"gold_gain":0,"cards_transformed":["Defend_G"],"player_choice":"Transformed","damage_taken":0,"max_hp_gain":0,"max_hp_loss":0,"event_name":"Transmorgrifier","floor":48,"gold_loss":0,"cards_obtained":["Outmaneuver"]}],"is_beta":false,"boss_relics":[{"not_picked":["Ring of the Serpent","Fusion Hammer"],"picked":"Cursed Key"},{"not_picked":["Snecko Eye","Calling Bell"],"picked":"Eternal Feather"}],"items_purged_floors":[19,47],"is_endless":false,"potions_floor_spawned":[2,4,12,13,18,29,31,35,42],"ascension_level":0}