{"gold_per_floor":[119,119,119,132,22,22,47,47,47,47,57,57,76,102,102,205,205,224,51,51,0,0,0,11,23,23,33,109,62,91,105,105,204,204,224,73,86,86],"floor_reached":38,"playtime":2084,"items_purged":["Strike_R","Strike_R","Strike_R"],"score":516,"play_id":"711efcc4-1601-4b64-b379-5aedfe3b4a67","local_time":"20190116211931","is_ascension_mode":true,"campfire_choices":[{"data":"Demon Form","floor":6.0,"key":"SMITH"},{"data":"Feel No Pain","floor":8.0,"key":"SMITH"},{"floor":10.0,"key":"REST"},{"data":"True Grit","floor":15.0,"key":"SMITH"},{"floor":23.0,"key":"REST"},{"floor":32.0,"key":"REST"}],"neow_cost":"NONE","seed_source_timestamp":749632261004733,"circlet_count":0,"master_deck":["Strike_R","Defend_R","Defend_R","Defend_R","Defend_R","Bash+1","Anger","Demon Form+1","Sword Boomerang","Feel No Pain+1","Sentinel","Clothesline","Heavy Blade+1","True Grit+1","Juggernaut","Body Slam+1","Whirlwind+1","Shrug It Off","Shame","Rage+1","True Grit","Shrug It Off+1","Shrug It Off","Flame Barrier+1","Shrug It Off","Barricade","Shrug It Off"],"special_seed":0,"relics":["Burning Blood","Bag of Marbles","Singing Bowl","Molten Egg 2","Matryoshka","Eternal Feather","Mercury Hourglass","Potion Belt","Pen Nib","Anchor","Kunai","Strawberry","Black Star"],"potions_floor_usage":[35],"damage_taken":[{"damage":14.0,"enemies":"2 Louse","floor":1.0,"turns":2.0},{"damage":6.0,"enemies":"Small Slimes","floor":4.0,"turns":3.0},{"damage":28.0,"enemies":"3 Sentries","floor":7.0,"turns":6.0},{"damage":0.0,"enemies":"Cultist","floor":11.0,"turns":2.0},{"damage":12.0,"enemies":"Gremlin Gang","floor":13.0,"turns":4.0},{"damage":10.0,"enemies":"Lagavulin","floor":14.0,"turns":5.0},{"damage":29.0,"enemies":"The Guardian","floor":16.0,"turns":9.0},{"damage":48.0,"enemies":"Spheric Guardian","floor":18.0,"turns":6.0},{"damage":0.0,"enemies":"3 Byrds","floor":24.0,"turns":1.0},{"damage":9.0,"enemies":"Snake Plant","floor":25.0,"turns":4.0},{"damage":2.0,"enemies":"3 Cultists","floor":27.0,"turns":3.0},{"damage":46.0,"enemies":"Slavers","floor":30.0,"turns":6.0},{"damage":35.0,"enemies":"Sentry and Sphere","floor":31.0,"turns":7.0},{"damage":66.0,"enemies":"Automaton","floor":33.0,"turns":12.0},{"damage":33,"enemies":"Orb Walker","floor":35,"turns":5},{"damage":1,"enemies":"3 Shapes","floor":37,"turns":2},{"damage":69,"enemies":"Spire Growth","floor":38,"turns":5}],"seed_played":"-563758292223453642","potions_obtained":[{"floor":1.0,"key":"AttackPotion"},{"floor":3.0,"key":"Ancient Potion"},{"floor":3.0,"key":"BloodPotion"},{"floor":3.0,"key":"LiquidBronze"},{"floor":7.0,"key":"Explosive Potion"},{"floor":13.0,"key":"Strength Potion"},{"floor":14.0,"key":"Ancient Potion"},{"floor":18.0,"key":"Explosive Potion"},{"floor":30.0,"key":"SteroidPotion"},{"floor":31.0,"key":"SteroidPotion"},{"floor":33.0,"key":"PowerPotion"}],"is_trial":false,"path_per_floor":["M","?","?","M","$","R","E","R","T","R","M","T","M","E","R","B",null,"M","$","?","$","?","R","M","M","T","M","T","$","E","M","R","B",null,"M","$","M","M"],"character_chosen":"IRONCLAD","items_purchased":["Feel No Pain","Whirlwind+1","Shrug It Off","Shrug It Off","Shrug It Off"],"campfire_rested":3,"item_purchase_floors":[5,19,21,29,36],"current_hp_per_floor":[72,72,72,72,72,72,50,50,50,74,80,80,74,70,70,47,80,38,38,38,38,38,74,80,77,77,80,80,80,47,26,67,7,87,62,62,69,0],"gold":86,"neow_bonus":"UPGRADE_CARD","is_prod":false,"is_daily":false,"chose_seed":false,"campfire_upgraded":3,"win_rate":0,"timestamp":1547633971,"path_taken":["M","?","?","?","$","R","E","R","T","R","?","?","M","E","R","BOSS","M","$","?","$","?","R","M","M","T","M","?","?","E","M","R","BOSS","M","?","?","M"],"build_version":"2019-01-10","purchased_purges":3,"victory":false,"max_hp_per_floor":[80,80,80,80,80,80,80,80,80,80,80,80,80,80,80,80,80,80,80,80,80,80,80,80,80,80,80,80,80,87,87,87,87,87,89,89,91,91],"card_choices":[{"not_picked":["Hemokinesis","Flame Barrier"],"picked":"Anger","floor":1.0},{"not_picked":["Second Wind","Inflame"],"picked":"Sword Boomerang","floor":4.0},{"not_picked":["Sword Boomerang","Cleave"],"picked":"Sentinel","floor":7.0},{"not_picked":["Perfected Strike","Carnage"],"picked":"Clothesline","floor":11.0},{"not_picked":["Clothesline+1","Feel No Pain"],"picked":"Heavy Blade+1","floor":13.0},{"not_picked":["Iron Wave+1","Shrug It Off"],"picked":"True Grit","floor":14.0},{"not_picked":["Demon Form","Brutality"],"picked":"Juggernaut","floor":16.0},{"not_picked":["Anger+1","Rampage+1"],"picked":"Body Slam+1","floor":18.0},{"not_picked":["Clash+1","Wild Strike+1"],"picked":"Rage+1","floor":24.0},{"not_picked":["Intimidate+1","Shockwave"],"picked":"True Grit","floor":25.0},{"not_picked":["Rampage+1","Flex"],"picked":"Shrug It Off+1","floor":27.0},{"not_picked":["Shrug It Off+1","Sentinel"],"picked":"Flame Barrier+1","floor":30.0},{"not_picked":["Headbutt+1","Iron Wave+1"],"picked":"Shrug It Off","floor":31.0},{"not_picked":["Feed+1","Demon Form"],"picked":"Barricade","floor":33.0},{"not_picked":["Flex+1","Blood for Blood+1","Twin Strike+1"],"picked":"Singing Bowl","floor":35},{"not_picked":["Flex","Warcry","Iron Wave+1"],"picked":"Singing Bowl","floor":37}],"player_experience":450911,"relics_obtained":[{"floor":7.0,"key":"Bag of Marbles"},{"floor":9.0,"key":"Singing Bowl"},{"floor":12.0,"key":"Molten Egg 2"},{"floor":14.0,"key":"Matryoshka"},{"floor":26.0,"key":"Potion Belt"},{"floor":26.0,"key":"Pen Nib"},{"floor":28.0,"key":"Anchor"},{"floor":28.0,"key":"Kunai"},{"floor":30.0,"key":"Strawberry"}],"event_choices":[{"damage_healed":0.0,"max_hp_gain":0.0,"max_hp_loss":0.0,"gold_gain":0.0,"cards_transformed":["Strike_R"],"event_name":"Living Wall","player_choice":"Change","floor":2.0,"gold_loss":0.0,"damage_taken":0.0,"cards_obtained":["Demon Form"]},{"damage_healed":0.0,"max_hp_gain":0.0,"max_hp_loss":0.0,"gold_gain":0.0,"event_name":"Lab","player_choice":"Got Potions","floor":3.0,"gold_loss":0.0,"damage_taken":0.0},{"damage_healed":0.0,"max_hp_gain":0.0,"max_hp_loss":0.0,"gold_gain":0.0,"event_name":"Beggar","player_choice":"Ignored","floor":20.0,"gold_loss":0.0,"damage_taken":0.0},{"damage_healed":0.0,"max_hp_gain":0.0,"max_hp_loss":0.0,"gold_gain":0.0,"event_name":"Addict","player_choice":"Stole Relic","floor":22.0,"gold_loss":0.0,"damage_taken":0.0,"relics_obtained":["Mercury Hourglass"],"cards_obtained":["Shame"]}],"is_beta":false,"boss_relics":[{"not_picked":["Cursed Key","Calling Bell"],"picked":"Eternal Feather"},{"not_picked":["White Beast Statue","Busted Crown"],"picked":"Black Star"}],"items_purged_floors":[5,19,36],"is_endless":false,"potions_floor_spawned":[1,7,13,14,18,30,31,33],"killed_by":"Spire Growth","ascension_level":3}