{"gold_per_floor":[112,122,139,152,211,211,245,245,245,245,307,84,102,277,277,378,378,398,417,417,417],"floor_reached":21,"playtime":815,"items_purged":[],"score":242,"play_id":"b8bef741-494c-4eb8-a4a8-8ed9640e830f","local_time":"20190202173801","is_ascension_mode":true,"campfire_choices":[{"floor":6.0,"key":"REST"},{"data":"Streamline","floor":8.0,"key":"SMITH"},{"floor":10.0,"key":"REST"},{"floor":15.0,"key":"REST"}],"neow_cost":"NONE","seed_source_timestamp":31729894903634,"circlet_count":0,"master_deck":["Strike_B","Strike_B","Strike_B","Strike_B","Defend_B","Defend_B","Defend_B","Defend_B","Zap","Dualcast","Conserve Battery","Turbo","Streamline+1","Rebound","Redo","Self Repair+1","Panache+1","Loop+1","Gash","Doubt","Creative AI+1","Conserve Battery+1","Impatience"],"special_seed":0,"relics":["Cracked Core","Mercury Hourglass","Shuriken","Frozen Egg 2","Eternal Feather"],"potions_floor_usage":[],"damage_taken":[{"damage":1.0,"enemies":"Cultist","floor":1.0,"turns":3.0},{"damage":7.0,"enemies":"Small Slimes","floor":2.0,"turns":4.0},{"damage":7.0,"enemies":"Jaw Worm","floor":3.0,"turns":3.0},{"damage":13.0,"enemies":"Exordium Thugs","floor":4.0,"turns":5.0},{"damage":25.0,"enemies":"Lagavulin","floor":7.0,"turns":7.0},{"damage":8.0,"enemies":"Gremlin Nob","floor":11.0,"turns":3.0},{"damage":9.0,"enemies":"3 Louse","floor":13.0,"turns":2.0},{"damage":26.0,"enemies":"Slime Boss","floor":16.0,"turns":9.0},{"damage":12.0,"enemies":"3 Byrds","floor":18.0,"turns":3.0},{"damage":43.0,"enemies":"Shell Parasite","floor":19.0,"turns":5.0},{"damage":35,"enemies":"3 Cultists","floor":21,"turns":4}],"seed_played":"3552242765563813407","potions_obtained":[{"floor":4.0,"key":"LiquidBronze"},{"floor":7.0,"key":"LiquidBronze"},{"floor":13.0,"key":"Swift Potion"}],"is_trial":false,"path_per_floor":["M","M","M","M","?","R","E","R","T","R","?","$","M","?","R","B",null,"M","M","?","M"],"character_chosen":"DEFECT","items_purchased":["Panache+1","Loop+1"],"campfire_rested":3,"item_purchase_floors":[12,12],"current_hp_per_floor":[74,67,60,47,47,71,46,46,46,70,62,62,53,53,77,61,77,75,42,26,0],"gold":417,"neow_bonus":"TEN_PERCENT_HP_BONUS","is_prod":false,"is_daily":false,"chose_seed":false,"campfire_upgraded":1,"win_rate":0,"timestamp":1549100281,"path_taken":["M","M","M","?","?","R","E","R","T","R","?","?","?","?","R","BOSS","M","M","?","?"],"build_version":"2019-01-23","purchased_purges":0,"victory":false,"max_hp_per_floor":[82,82,82,82,82,82,82,82,82,82,82,82,82,82,82,82,82,82,82,82,82],"card_choices":[{"not_picked":["Hologram","Compile Driver"],"picked":"Conserve Battery","floor":1.0},{"not_picked":["Consume","Compile Driver"],"picked":"Turbo","floor":2.0},{"not_picked":["Beam Cell","Doom and Gloom"],"picked":"Streamline","floor":3.0},{"not_picked":["Skim","Barrage"],"picked":"Rebound","floor":4.0},{"not_picked":["Consume","Barrage"],"picked":"Redo","floor":7.0},{"not_picked":["Redo","Turbo"],"picked":"Self Repair","floor":11.0},{"not_picked":["Undo","Core Surge"],"picked":"Gash","floor":13.0},{"not_picked":["Reboot","Hyperbeam"],"picked":"Creative AI+1","floor":16.0},{"not_picked":["Barrage","Rebound","Fusion"],"picked":"SKIP","floor":18.0},{"not_picked":["Cold Snap+1","Go for the Eyes"],"picked":"Conserve Battery+1","floor":19.0}],"player_experience":605554,"relics_obtained":[{"floor":7.0,"key":"Mercury Hourglass"},{"floor":9.0,"key":"Shuriken"},{"floor":11.0,"key":"Frozen Egg 2"}],"event_choices":[{"damage_healed":0.0,"max_hp_gain":0.0,"max_hp_loss":0.0,"gold_gain":59.0,"event_name":"Golden Wing","player_choice":"Gained Gold","floor":5.0,"gold_loss":0.0,"damage_taken":0.0},{"damage_healed":0.0,"max_hp_gain":0.0,"max_hp_loss":0.0,"gold_gain":30.0,"event_name":"Dead Adventurer","player_choice":"Searched \u00272\u0027 times","floor":11.0,"gold_loss":0.0,"damage_taken":0.0},{"damage_healed":0.0,"max_hp_gain":0.0,"max_hp_loss":0.0,"gold_gain":175.0,"event_name":"Liars Game","player_choice":"AGREE","floor":14.0,"gold_loss":0.0,"damage_taken":0.0,"cards_obtained":["Doubt"]},{"damage_healed":0.0,"max_hp_gain":0.0,"max_hp_loss":0.0,"gold_gain":0.0,"event_name":"Knowing Skull","player_choice":"CARD ","floor":20.0,"potions_obtained":[],"gold_loss":0.0,"damage_taken":16.0,"cards_obtained":["Impatience"]}],"is_beta":false,"boss_relics":[{"not_picked":["White Beast Statue","Empty Cage"],"picked":"Eternal Feather"}],"items_purged_floors":[],"is_endless":false,"potions_floor_spawned":[4,7,13],"killed_by":"3 Cultists","ascension_level":7}