{"gold_per_floor":[110,23,38,53,73,104,116,159,197,209,296,343,355,377,389,500,512,535,562,574,586,71,71,98,111,111,111],"floor_reached":27,"playtime":2172,"items_purged":["Strike_B"],"score":314,"play_id":"df391a5b-34a7-4f58-b2e3-7ee4784e9b69","local_time":"20190128145738","is_ascension_mode":true,"campfire_choices":[{"floor":7,"key":"REST"},{"floor":10,"key":"REST"},{"floor":15,"key":"REST"},{"data":"Buffer","floor":23,"key":"SMITH"}],"neow_cost":"NONE","seed_source_timestamp":42599437318456,"circlet_count":0,"master_deck":["Strike_B","Strike_B","Defend_B","Defend_B","Defend_B","Defend_B","Zap","Dualcast+1","Hologram","Coolheaded","Melter","Rip and Tear","Rebound","Stack","Buffer","Aggregate","Reinforced Body","FTL","Coolheaded","Buffer+1","Gash","Conserve Battery+1","Streamline","Hello World","Hologram","Redo","Turbo"],"special_seed":0,"relics":["Cracked Core","MawBank","Regal Pillow","PreservedInsect","Lizard Tail","Nloth\u0027s Gift","Bag of Marbles","Boot","War Paint","Sundial"],"potions_floor_usage":[12,16,19,25,25,27],"damage_taken":[{"damage":2.0,"enemies":"Jaw Worm","floor":1.0,"turns":4.0},{"damage":8.0,"enemies":"Small Slimes","floor":3.0,"turns":4.0},{"damage":0.0,"enemies":"2 Louse","floor":4.0,"turns":2.0},{"damage":5.0,"enemies":"Gremlin Gang","floor":5.0,"turns":3.0},{"damage":22.0,"enemies":"Gremlin Nob","floor":6.0,"turns":4.0},{"damage":18,"enemies":"Lagavulin","floor":8,"turns":5},{"damage":16,"enemies":"3 Sentries","floor":12,"turns":4},{"damage":9,"enemies":"Exordium Thugs","floor":14,"turns":3},{"damage":44,"enemies":"The Guardian","floor":16,"turns":14},{"damage":0,"enemies":"Spheric Guardian","floor":18,"turns":1},{"damage":2,"enemies":"Chosen","floor":19,"turns":6},{"damage":84,"enemies":"Book of Stabbing","floor":24,"turns":9},{"damage":17,"enemies":"Centurion and Healer","floor":25,"turns":13},{"damage":28,"enemies":"Cultist and Chosen","floor":27,"turns":6}],"seed_played":"-5691453035180986291","potions_obtained":[{"floor":3.0,"key":"Fire Potion"},{"floor":6.0,"key":"Ancient Potion"},{"floor":8,"key":"Explosive Potion"},{"floor":12,"key":"Swift Potion"},{"floor":16,"key":"Poison Potion"},{"floor":24,"key":"EssenceOfSteel"},{"floor":25,"key":"Regen Potion"}],"is_trial":false,"path_per_floor":["M","$","M","M","M","E","R","E","T","R","?","E","?","M","R","B",null,"M","M","?","?","$","R","E","M","T","M"],"character_chosen":"DEFECT","items_purchased":["Coolheaded","Melter","Streamline","Bag of Marbles","Boot","Hello World","Hologram"],"campfire_rested":3,"item_purchase_floors":[2,2,22,22,22,22,22],"current_hp_per_floor":[80,80,72,72,67,45,69,51,51,82,71,55,55,46,82,38,71,71,69,69,69,69,69,30,13,13,0],"gold":111,"neow_bonus":"TEN_PERCENT_HP_BONUS","is_prod":false,"is_daily":false,"chose_seed":false,"campfire_upgraded":1,"win_rate":0,"timestamp":1548647858,"path_taken":["M","$","M","M","M","E","R","E","T","R","?","E","?","?","R","BOSS","M","M","?","?","$","R","E","?","T","M"],"build_version":"2019-01-23","purchased_purges":1,"victory":false,"max_hp_per_floor":[82,82,82,82,82,82,82,82,82,82,82,82,82,82,82,82,82,82,82,82,82,82,82,82,82,82,82],"card_choices":[{"not_picked":["Gash","Turbo"],"picked":"Hologram","floor":1.0},{"not_picked":["Leap","Tempest"],"picked":"Rip and Tear","floor":3.0},{"not_picked":["Turbo","Auto Shields"],"picked":"Rebound","floor":4.0},{"not_picked":["Rip and Tear","Leap"],"picked":"Stack","floor":5.0},{"not_picked":["Compile Driver","Hologram"],"picked":"Buffer","floor":6.0},{"not_picked":["Steam","Double Energy"],"picked":"Aggregate","floor":8},{"not_picked":["Lockon","Hologram"],"picked":"Reinforced Body","floor":12},{"not_picked":["Steam","Ball Lightning"],"picked":"Coolheaded","floor":14},{"not_picked":["Seek","Electrodynamics"],"picked":"Buffer","floor":16},{"not_picked":["Hologram","Genetic Algorithm"],"picked":"Gash","floor":18},{"not_picked":["Streamline","Beam Cell"],"picked":"Conserve Battery","floor":19},{"not_picked":["Thunder Strike","Consume"],"picked":"Redo","floor":24},{"not_picked":["Steam Power","Rip and Tear"],"picked":"Turbo","floor":25}],"player_experience":561112,"relics_obtained":[{"floor":6.0,"key":"MawBank"},{"floor":8,"key":"Regal Pillow"},{"floor":9,"key":"PreservedInsect"},{"floor":12,"key":"Omamori"},{"floor":24,"key":"War Paint"},{"floor":26,"key":"Sundial"}],"event_choices":[{"damage_healed":0,"gold_gain":75,"player_choice":"Gather Gold","damage_taken":11,"max_hp_gain":0,"max_hp_loss":0,"event_name":"World of Goop","floor":11,"gold_loss":0},{"damage_healed":0,"gold_gain":0,"cards_transformed":["Strike_B"],"player_choice":"Change","damage_taken":0,"max_hp_gain":0,"max_hp_loss":0,"event_name":"Living Wall","floor":13,"gold_loss":0,"cards_obtained":["FTL"]},{"damage_healed":0,"gold_gain":0,"player_choice":"Ignored","damage_taken":0,"max_hp_gain":0,"max_hp_loss":0,"event_name":"Vampires","floor":20,"gold_loss":0},{"damage_healed":0,"gold_gain":0,"player_choice":"Traded Relic","damage_taken":0,"relics_obtained":["Nloth\u0027s Gift"],"max_hp_gain":0,"max_hp_loss":0,"event_name":"N\u0027loth","floor":21,"relics_lost":["Omamori"],"gold_loss":0}],"is_beta":false,"boss_relics":[{"not_picked":["White Beast Statue","Tiny House"],"picked":"Lizard Tail"}],"items_purged_floors":[22],"is_endless":false,"potions_floor_spawned":[3,6,8,12,16,24,25],"killed_by":"Cultist and Chosen","ascension_level":5}