{"gold_per_floor":[115,115,40,40,56,84,84,97,97,112,112,143,159,170,170,274,274,293,313,213,226,136,171,171,46,114,131,131,141,156,190,190,291,291,311,311,161,175,175,200,215,231,282,294,294,313,190,225,225,225],"floor_reached":51,"playtime":6245,"items_purged":["Strike_R","Strike_R","Strike_R+1","Pommel Strike","Defend_R"],"score":1011,"play_id":"fe78a0a4-b19a-4fb0-b49a-7b9d5efe9844","local_time":"20190808193919","is_ascension_mode":false,"campfire_choices":[{"floor":11.0,"key":"REST"},{"data":"True Grit","floor":15.0,"key":"SMITH"},{"floor":24.0,"key":"REST"},{"data":"Anger","floor":28.0,"key":"SMITH"},{"floor":32.0,"key":"REST"},{"floor":49,"key":"REST"}],"neow_cost":"NONE","seed_source_timestamp":0,"circlet_count":0,"master_deck":["Defend_R+1","Defend_R+1","True Grit+1","Anger+1","Flex+1"],"special_seed":0,"relics":["Burning Blood","Unceasing Top","Pen Nib","Paper Frog","Vajra","Black Star","Blood Vial","Oddly Smooth Stone","Pear","Shuriken","PreservedInsect","Fusion Hammer","Orichalcum","War Paint","Smiling Mask","StoneCalendar","Strawberry"],"potions_floor_usage":[50,50,50],"damage_taken":[{"damage":7.0,"enemies":"2 Louse","floor":1.0,"turns":3.0},{"damage":1.0,"enemies":"Cultist","floor":5.0,"turns":3.0},{"damage":15.0,"enemies":"Gremlin Nob","floor":6.0,"turns":4.0},{"damage":12.0,"enemies":"Small Slimes","floor":8.0,"turns":3.0},{"damage":9.0,"enemies":"Blue Slaver","floor":10.0,"turns":3.0},{"damage":19.0,"enemies":"3 Sentries","floor":12.0,"turns":6.0},{"damage":0.0,"enemies":"Large Slime","floor":13.0,"turns":4.0},{"damage":13.0,"enemies":"Red Slaver","floor":14.0,"turns":2.0},{"damage":0.0,"enemies":"Slime Boss","floor":16.0,"turns":8.0},{"damage":11.0,"enemies":"Spheric Guardian","floor":18.0,"turns":5.0},{"damage":15.0,"enemies":"3 Byrds","floor":19.0,"turns":6.0},{"damage":24.0,"enemies":"Snecko","floor":21.0,"turns":6.0},{"damage":45.0,"enemies":"Slavers","floor":23.0,"turns":5.0},{"damage":0.0,"enemies":"Shelled Parasite and Fungi","floor":27.0,"turns":4.0},{"damage":30.0,"enemies":"Cultist and Chosen","floor":29.0,"turns":7.0},{"damage":0.0,"enemies":"Centurion and Healer","floor":30.0,"turns":4.0},{"damage":12.0,"enemies":"Gremlin Leader","floor":31.0,"turns":4.0},{"damage":31.0,"enemies":"Collector","floor":33.0,"turns":7.0},{"damage":30.0,"enemies":"3 Shapes","floor":35.0,"turns":5.0},{"damage":0.0,"enemies":"3 Darklings","floor":38.0,"turns":3.0},{"damage":0.0,"enemies":"Giant Head","floor":40.0,"turns":2.0},{"damage":33.0,"enemies":"4 Shapes","floor":41.0,"turns":4.0},{"damage":0.0,"enemies":"Spire Growth","floor":42.0,"turns":3.0},{"damage":0.0,"enemies":"Transient","floor":44.0,"turns":3.0},{"damage":0,"enemies":"Jaw Worm Horde","floor":46,"turns":3},{"damage":0,"enemies":"Nemesis","floor":48,"turns":2},{"damage":59,"enemies":"Donu and Deca","floor":50,"turns":6}],"seed_played":"2803342443217662497","potions_obtained":[{"floor":1.0,"key":"SteroidPotion"},{"floor":6.0,"key":"Explosive Potion"},{"floor":10.0,"key":"EssenceOfSteel"},{"floor":13.0,"key":"FearPotion"},{"floor":21.0,"key":"Ancient Potion"},{"floor":27.0,"key":"Regen Potion"},{"floor":29.0,"key":"Swift Potion"},{"floor":30.0,"key":"EssenceOfSteel"},{"floor":35.0,"key":"AttackPotion"},{"floor":46,"key":"Explosive Potion"},{"floor":48,"key":"LiquidBronze"}],"is_trial":false,"path_per_floor":["M","?","$","?","M","E","?","M","T","M","R","E","M","M","R","B",null,"M","M","$","M","?","E","R","$","T","M","R","M","M","E","R","B",null,"M","?","$","M","?","E","M","M","T","M","?","M","$","E","R","B",null],"character_chosen":"IRONCLAD","items_purchased":["Ancient Potion"],"campfire_rested":4,"item_purchase_floors":[47],"current_hp_per_floor":[79,79,79,79,80,71,55,49,49,46,70,57,63,56,56,62,80,75,66,66,48,48,9,33,33,43,51,51,29,49,45,72,49,90,66,66,66,74,74,82,57,65,65,73,73,81,81,92,92,39],"gold":225,"neow_bonus":"REMOVE_CARD","is_prod":false,"is_daily":false,"chose_seed":false,"campfire_upgraded":2,"win_rate":0,"timestamp":1565318359,"path_taken":["M","?","?","?","M","E","?","?","T","M","R","E","M","M","R","BOSS","M","M","$","M","?","E","R","$","T","M","R","M","?","E","R","BOSS","M","?","$","M","?","E","?","?","T","M","?","M","$","E","R","BOSS"],"build_version":"2019-07-17","purchased_purges":5,"victory":true,"max_hp_per_floor":[80,80,80,80,80,80,80,80,80,80,80,80,80,80,80,80,80,80,80,80,80,80,80,80,80,90,90,90,90,90,90,90,90,90,90,90,90,90,85,85,85,85,85,85,85,85,85,92,92,92],"card_choices":[{"not_picked":["Entrench","Thunderclap"],"picked":"Pommel Strike","floor":1.0},{"not_picked":["Rupture","Pommel Strike","Shockwave"],"picked":"SKIP","floor":5.0},{"not_picked":["Thunderclap","Uppercut","Reckless Charge"],"picked":"SKIP","floor":6.0},{"not_picked":["Havoc","Thunderclap","Feel No Pain"],"picked":"SKIP","floor":8.0},{"not_picked":["Headbutt","Searing Blow","Iron Wave"],"picked":"SKIP","floor":10.0},{"not_picked":["Fiend Fire","Iron Wave"],"picked":"True Grit","floor":12.0},{"not_picked":["Rampage","Sword Boomerang"],"picked":"Anger","floor":13.0},{"not_picked":["Armaments","Body Slam","Perfected Strike"],"picked":"SKIP","floor":14.0},{"not_picked":["Cleave","Spot Weakness","Battle Trance"],"picked":"SKIP","floor":18.0},{"not_picked":["Infernal Blade","Searing Blow+1","Havoc+1"],"picked":"SKIP","floor":19.0},{"not_picked":["Anger","Havoc"],"picked":"Flex+1","floor":21.0},{"not_picked":["Dual Wield","Armaments","Blood for Blood"],"picked":"SKIP","floor":23.0},{"not_picked":["Perfected Strike","Seeing Red","Heavy Blade"],"picked":"SKIP","floor":27.0},{"not_picked":["Second Wind","Shrug It Off+1","Clothesline"],"picked":"SKIP","floor":29.0},{"not_picked":["Feel No Pain","Body Slam","Burning Pact"],"picked":"SKIP","floor":30.0},{"not_picked":["Iron Wave","Power Through+1","Sever Soul"],"picked":"SKIP","floor":31.0},{"not_picked":["Iron Wave","Power Through+1","Sever Soul"],"picked":"SKIP","floor":31.0},{"not_picked":["Battle Trance+1","Disarm+1","Sentinel+1"],"picked":"SKIP","floor":35.0},{"not_picked":["Body Slam+1","Armaments","Flex"],"picked":"SKIP","floor":38.0},{"not_picked":["Iron Wave+1","Sword Boomerang+1","Armaments+1"],"picked":"SKIP","floor":40.0},{"not_picked":["Iron Wave+1","Sword Boomerang+1","Armaments+1"],"picked":"SKIP","floor":40.0},{"not_picked":["Inflame+1","Warcry","Clothesline+1"],"picked":"SKIP","floor":41.0},{"not_picked":["Shrug It Off","Cleave+1","Havoc"],"picked":"SKIP","floor":42.0},{"not_picked":["Perfected Strike","Sword Boomerang","Fiend Fire"],"picked":"SKIP","floor":44.0},{"not_picked":["Combust+1","Dropkick+1","Second Wind"],"picked":"SKIP","floor":46},{"not_picked":["Warcry","Reckless Charge","Cleave"],"picked":"SKIP","floor":48}],"player_experience":76017,"relics_obtained":[{"floor":6.0,"key":"Pen Nib"},{"floor":9.0,"key":"Paper Frog"},{"floor":12.0,"key":"Vajra"},{"floor":23.0,"key":"Blood Vial"},{"floor":23.0,"key":"Oddly Smooth Stone"},{"floor":26.0,"key":"Pear"},{"floor":31.0,"key":"Shuriken"},{"floor":31.0,"key":"PreservedInsect"},{"floor":40.0,"key":"Orichalcum"},{"floor":40.0,"key":"War Paint"},{"floor":43.0,"key":"Smiling Mask"},{"floor":48,"key":"StoneCalendar"},{"floor":48,"key":"Strawberry"}],"event_choices":[{"damage_healed":0.0,"max_hp_gain":0.0,"max_hp_loss":0.0,"gold_gain":0.0,"event_name":"WeMeetAgain","player_choice":"Gave Potion","floor":2.0,"gold_loss":0.0,"damage_taken":0.0,"relics_obtained":["Unceasing Top"]},{"cards_removed":["Strike_R"],"damage_healed":0.0,"max_hp_gain":0.0,"max_hp_loss":0.0,"gold_gain":0.0,"event_name":"Living Wall","player_choice":"Forget","floor":4.0,"gold_loss":0.0,"damage_taken":0.0},{"damage_healed":0.0,"max_hp_gain":0.0,"max_hp_loss":0.0,"gold_gain":0.0,"event_name":"Shining Light","player_choice":"Entered Light","floor":7.0,"gold_loss":0.0,"damage_taken":16.0,"cards_upgraded":["Bash","Strike_R"]},{"cards_removed":["Bash"],"damage_healed":0.0,"max_hp_gain":0.0,"max_hp_loss":0.0,"gold_gain":0.0,"event_name":"Designer","player_choice":"Upgrade and Remove","floor":22.0,"gold_loss":90.0,"damage_taken":0.0,"cards_upgraded":["Defend_R"]},{"cards_removed":["Defend_R"],"damage_healed":0.0,"max_hp_gain":0.0,"max_hp_loss":0.0,"gold_gain":0.0,"event_name":"Falling","player_choice":"Removed Skill","floor":36.0,"gold_loss":0.0,"damage_taken":0.0},{"damage_healed":0.0,"max_hp_gain":0.0,"max_hp_loss":5.0,"gold_gain":0.0,"event_name":"Winding Halls","player_choice":"Max HP","floor":39.0,"gold_loss":0.0,"damage_taken":0.0},{"damage_healed":0,"gold_gain":0,"player_choice":"Ignored","damage_taken":0,"max_hp_gain":0,"max_hp_loss":0,"event_name":"Mysterious Sphere","floor":45,"gold_loss":0}],"is_beta":false,"boss_relics":[{"not_picked":["Eternal Feather","Mark of Pain"],"picked":"Black Star"},{"not_picked":["Velvet Choker","Snecko Eye"],"picked":"Fusion Hammer"}],"items_purged_floors":[3,20,25,37,47],"is_endless":false,"potions_floor_spawned":[1,6,10,13,21,27,29,30,35,38,46,48],"ascension_level":0}