{"gold_per_floor":[109,184,184,201,213,213,229,249,249,249,261,272,71,71,71,149,149,165,179,179,196,196],"floor_reached":22,"playtime":801,"items_purged":[],"score":360,"play_id":"e1712a16-b4b1-41db-a557-74c3c5759339","local_time":"20190518185009","is_ascension_mode":true,"campfire_choices":[{"data":"Flex","floor":6.0,"key":"SMITH"},{"data":"Burning Pact","floor":10.0,"key":"SMITH"},{"data":"Apotheosis","floor":15.0,"key":"SMITH"}],"neow_cost":"NONE","seed_source_timestamp":156277444445139,"circlet_count":0,"master_deck":["AscendersBane","Strike_R","Strike_R","Strike_R","Strike_R","Defend_R","Defend_R","Defend_R","Defend_R","Bash","Burning Pact+1","Shrug It Off","Flex+1","Cleave","Sword Boomerang","Power Through","Apotheosis+1","Feed","Body Slam","Evolve"],"special_seed":0,"relics":["Burning Blood","CultistMask","FossilizedHelix","Mango","Mark of Pain"],"potions_floor_usage":[],"damage_taken":[{"damage":8.0,"enemies":"Small Slimes","floor":1.0,"turns":6.0},{"damage":24.0,"enemies":"Jaw Worm","floor":4.0,"turns":4.0},{"damage":4.0,"enemies":"Cultist","floor":5.0,"turns":4.0},{"damage":3.0,"enemies":"Exordium Wildlife","floor":7.0,"turns":4.0},{"damage":4.0,"enemies":"Looter","floor":8.0,"turns":4.0},{"damage":0.0,"enemies":"2 Fungi Beasts","floor":11.0,"turns":3.0},{"damage":0.0,"enemies":"Blue Slaver","floor":12.0,"turns":3.0},{"damage":4.0,"enemies":"The Guardian","floor":16.0,"turns":16.0},{"damage":0.0,"enemies":"Shell Parasite","floor":18.0,"turns":4.0},{"damage":23.0,"enemies":"3 Byrds","floor":19.0,"turns":6.0},{"damage":35,"enemies":"Snake Plant","floor":21,"turns":5},{"damage":0,"enemies":"Centurion and Healer","floor":22,"turns":3}],"seed_played":"4727129671507894809","potions_obtained":[{"floor":5.0,"key":"FearPotion"},{"floor":11.0,"key":"Weak Potion"}],"is_trial":false,"path_per_floor":["M","?","?","M","M","R","M","M","T","R","M","M","$","?","R","B",null,"M","M","?","M","M"],"character_chosen":"IRONCLAD","items_purchased":["Apotheosis"],"campfire_rested":0,"item_purchase_floors":[13],"current_hp_per_floor":[66,55,55,37,39,39,42,44,44,44,50,56,56,52,52,54,80,86,69,43,14,14],"gold":196,"neow_bonus":"TRANSFORM_CARD","is_prod":false,"is_daily":false,"chose_seed":false,"campfire_upgraded":3,"win_rate":0,"timestamp":1558176609,"path_taken":["M","?","?","M","?","R","M","M","T","R","M","M","$","?","R","BOSS","M","M","?","M","M"],"build_version":"2019-01-23","purchased_purges":0,"victory":false,"max_hp_per_floor":[75,75,75,75,75,75,75,75,75,75,75,75,75,89,89,89,89,89,89,94,94,94],"card_choices":[{"not_picked":["Clothesline","Wild Strike","Blood for Blood"],"picked":"SKIP","floor":1.0},{"not_picked":["Body Slam","Clash"],"picked":"Shrug It Off","floor":4.0},{"not_picked":["Rage","Twin Strike"],"picked":"Flex","floor":5.0},{"not_picked":["Rage","Sentinel","Body Slam"],"picked":"SKIP","floor":7.0},{"not_picked":["Headbutt","Thunderclap"],"picked":"Cleave","floor":8.0},{"not_picked":["Iron Wave","Wild Strike"],"picked":"Sword Boomerang","floor":11.0},{"not_picked":["Uppercut","Headbutt"],"picked":"Power Through","floor":12.0},{"not_picked":["Limit Break","Berserk"],"picked":"Feed","floor":16.0},{"not_picked":["Pummel","Cleave"],"picked":"Body Slam","floor":18.0},{"not_picked":["Cleave","Clash"],"picked":"Evolve","floor":19.0},{"not_picked":["Fire Breathing","Heavy Blade","Havoc+1"],"picked":"SKIP","floor":21}],"player_experience":875201,"relics_obtained":[{"floor":9.0,"key":"FossilizedHelix"}],"event_choices":[{"damage_healed":0.0,"max_hp_gain":0.0,"max_hp_loss":0.0,"gold_gain":75.0,"event_name":"World of Goop","player_choice":"Gather Gold","floor":2.0,"gold_loss":0.0,"damage_taken":11.0},{"damage_healed":0.0,"max_hp_gain":0.0,"max_hp_loss":0.0,"gold_gain":0.0,"event_name":"FaceTrader","player_choice":"Trade","floor":3.0,"gold_loss":0.0,"damage_taken":0.0,"relics_obtained":["CultistMask"]},{"damage_healed":0.0,"max_hp_gain":0.0,"max_hp_loss":0.0,"gold_gain":0.0,"event_name":"Scrap Ooze","player_choice":"Success","floor":14.0,"gold_loss":0.0,"damage_taken":18.0,"relics_obtained":["Mango"]},{"damage_healed":0.0,"max_hp_gain":5.0,"max_hp_loss":0.0,"gold_gain":0.0,"event_name":"Forgotten Altar","player_choice":"Shed Blood","floor":20.0,"gold_loss":0.0,"damage_taken":31.0}],"is_beta":false,"boss_relics":[{"not_picked":["Runic Pyramid","Calling Bell"],"picked":"Mark of Pain"}],"items_purged_floors":[],"is_endless":false,"potions_floor_spawned":[5,11,12,16],"killed_by":"Centurion and Healer","ascension_level":20}