{"gold_per_floor":[118,133,150,160,171,202,216,247,247,247],"floor_reached":10,"playtime":784,"items_purged":[],"score":144,"play_id":"8af8d05a-cfdc-4458-b142-0225379f2661","local_time":"20190720002707","is_ascension_mode":true,"campfire_choices":[],"neow_cost":"TEN_PERCENT_HP_LOSS","seed_source_timestamp":709175721794243,"circlet_count":0,"master_deck":["AscendersBane","Strike_R","Strike_R","Strike_R","Defend_R","Defend_R","Defend_R","Defend_R","Bash","Carnage","Shrug It Off","Shrug It Off","Shrug It Off","True Grit","Clothesline","Seeing Red","Exhume","Cleave","Sword Boomerang"],"relics":["Burning Blood","Unceasing Top","Darkstone Periapt","Dodecahedron"],"potions_floor_usage":[10],"damage_taken":[{"damage":0,"enemies":"Cultist","floor":1,"turns":3},{"damage":0,"enemies":"Jaw Worm","floor":2,"turns":4},{"damage":1,"enemies":"Small Slimes","floor":3,"turns":5},{"damage":6,"enemies":"Looter","floor":4,"turns":4},{"damage":9,"enemies":"Exordium Wildlife","floor":5,"turns":8},{"damage":20,"enemies":"Gremlin Nob","floor":6,"turns":4},{"damage":13,"enemies":"Lots of Slimes","floor":7,"turns":7},{"damage":43,"enemies":"3 Sentries","floor":8,"turns":11},{"damage":15,"enemies":"Gremlin Nob","floor":10,"turns":4}],"seed_played":"3072521333197813141","potions_obtained":[{"floor":3,"key":"Weak Potion"},{"floor":5,"key":"Ancient Potion"},{"floor":8,"key":"Dexterity Potion"}],"is_trial":false,"path_per_floor":["M","M","M","M","M","E","M","E","T","E"],"character_chosen":"IRONCLAD","items_purchased":[],"campfire_rested":0,"item_purchase_floors":[],"current_hp_per_floor":[68,68,68,68,65,51,44,7,7,0],"gold":247,"neow_bonus":"TRANSFORM_TWO_CARDS","is_prod":false,"is_daily":false,"chose_seed":false,"campfire_upgraded":0,"win_rate":0,"timestamp":1563596827,"path_taken":["M","?","M","M","M","E","M","E","T","E"],"build_version":"2019-07-17","purchased_purges":0,"victory":false,"max_hp_per_floor":[68,68,68,68,68,68,68,68,68,68],"card_choices":[{"not_picked":["Reckless Charge","Body Slam"],"picked":"Shrug It Off","floor":1},{"not_picked":["Havoc","Intimidate"],"picked":"Shrug It Off","floor":2},{"not_picked":["Havoc","Power Through"],"picked":"True Grit","floor":3},{"not_picked":["Iron Wave","Carnage"],"picked":"Clothesline","floor":4},{"not_picked":["Wild Strike","Havoc"],"picked":"Seeing Red","floor":5},{"not_picked":["Armaments","Iron Wave"],"picked":"Exhume","floor":6},{"not_picked":["Heavy Blade","Thunderclap"],"picked":"Cleave","floor":7},{"not_picked":["Dark Embrace","Thunderclap"],"picked":"Sword Boomerang","floor":8}],"player_experience":399231,"relics_obtained":[{"floor":6,"key":"Unceasing Top"},{"floor":8,"key":"Darkstone Periapt"},{"floor":9,"key":"Dodecahedron"}],"event_choices":[],"is_beta":false,"boss_relics":[],"items_purged_floors":[],"is_endless":false,"potions_floor_spawned":[3,5,7,8],"killed_by":"Gremlin Nob","ascension_level":15}