{"gold_per_floor":[109,125,135,135,135,158,192,217,217,232,232,262,262,276,276,405,405,405,286,201,141,141,141,141,141,141,141,141,141,141,141,141,141,141,141,141,141,141,141,141,141,141,141,141,141,141,141,141,141,141,141,141,10,10],"floor_reached":54,"playtime":4152,"items_purged":["Strike_B"],"score":790,"play_id":"4d965df2-fecb-4335-88e1-7c0406c281bb","local_time":"20190615230602","is_ascension_mode":true,"campfire_choices":[{"floor":11.0,"key":"REST"},{"data":"Doom and Gloom","floor":13.0,"key":"SMITH"},{"data":"Machine Learning","floor":15.0,"key":"SMITH"},{"data":"Buffer","floor":23.0,"key":"SMITH"},{"floor":30,"key":"REST"},{"floor":32,"key":"REST"},{"data":"Streamline","floor":40,"key":"SMITH"},{"floor":44,"key":"RECALL"},{"floor":47,"key":"REST"},{"floor":49,"key":"REST"},{"data":"Coolheaded","floor":52,"key":"SMITH"}],"neow_cost":"NONE","seed_source_timestamp":0,"circlet_count":0,"master_deck":["Strike_B","Strike_B","Strike_B","Defend_B","Defend_B","Defend_B","Zap","Dualcast","Leap","Gash","Coolheaded","Skim","Machine Learning+1","Coolheaded","Doom and Gloom+1","Chill","Buffer+1","Double Energy+1","Conserve Battery","Sunder","Self Repair","Hologram+1","Cold Snap","Stack+1","Undo","Coolheaded+1","Auto Shields","Hyperbeam","Streamline+1","Tempest+1","Compile Driver","Stack","Streamline+1","Steam","Gash+1","Streamline","Chill"],"special_seed":0,"relics":["Cracked Core","Letter Opener","Lantern","Ectoplasm","Potion Belt","Smiling Mask","Bag of Preparation","Mummified Hand","Nuclear Battery","Vajra"],"potions_floor_usage":[29,29,33,45,50,50],"damage_taken":[{"damage":3.0,"enemies":"Jaw Worm","floor":1.0,"turns":4.0},{"damage":3.0,"enemies":"Small Slimes","floor":2.0,"turns":3.0},{"damage":0.0,"enemies":"2 Louse","floor":3.0,"turns":2.0},{"damage":3.0,"enemies":"Exordium Wildlife","floor":6.0,"turns":5.0},{"damage":27.0,"enemies":"Lagavulin","floor":7.0,"turns":11.0},{"damage":4.0,"enemies":"Looter","floor":8.0,"turns":3.0},{"damage":20.0,"enemies":"Gremlin Gang","floor":10.0,"turns":4.0},{"damage":0.0,"enemies":"Large Slime","floor":14.0,"turns":4.0},{"damage":5.0,"enemies":"The Guardian","floor":16.0,"turns":11.0},{"damage":8.0,"enemies":"3 Byrds","floor":18.0,"turns":5.0},{"damage":13.0,"enemies":"2 Thieves","floor":21.0,"turns":4.0},{"damage":33.0,"enemies":"Sentry and Sphere","floor":22.0,"turns":6.0},{"damage":7.0,"enemies":"Cultist and Chosen","floor":25.0,"turns":5.0},{"damage":18,"enemies":"Snake Plant","floor":27,"turns":3},{"damage":0,"enemies":"Sentry and Sphere","floor":28,"turns":5},{"damage":28,"enemies":"Slavers","floor":29,"turns":6},{"damage":4,"enemies":"Cultist and Chosen","floor":31,"turns":9},{"damage":24,"enemies":"Automaton","floor":33,"turns":12},{"damage":0,"enemies":"3 Shapes","floor":35,"turns":1},{"damage":0,"enemies":"Orb Walker","floor":36,"turns":2},{"damage":13,"enemies":"3 Darklings","floor":37,"turns":3},{"damage":42,"enemies":"Transient","floor":38,"turns":5},{"damage":11,"enemies":"Sphere and 2 Shapes","floor":39,"turns":4},{"damage":0,"enemies":"Reptomancer","floor":42,"turns":8},{"damage":18,"enemies":"Spire Growth","floor":45,"turns":4},{"damage":68,"enemies":"Donu and Deca","floor":50,"turns":14},{"damage":119,"enemies":"Shield and Spear","floor":54,"turns":8}],"seed_played":"3479302401555354596","potions_obtained":[{"floor":2.0,"key":"Block Potion"},{"floor":7.0,"key":"Weak Potion"},{"floor":10.0,"key":"Energy Potion"},{"floor":16.0,"key":"EssenceOfSteel"},{"floor":18.0,"key":"Weak Potion"},{"floor":27,"key":"FairyPotion"},{"floor":29,"key":"Swift Potion"},{"floor":33,"key":"Regen Potion"},{"floor":35,"key":"Fire Potion"},{"floor":38,"key":"Fire Potion"},{"floor":39,"key":"Energy Potion"},{"floor":45,"key":"Swift Potion"}],"is_trial":false,"path_per_floor":["M","M","M","?","?","M","E","M","T","M","R","?","R","M","R","B",null,"M","$","?","M","M","R","T","M","T","M","M","E","R","M","R","B",null,"M","M","M","M","M","R","?","E","T","R","M","?","R","?","R","B",null,"R","$","E"],"character_chosen":"DEFECT","items_purchased":["Conserve Battery","Sunder","Streamline","Chill"],"campfire_rested":5,"item_purchase_floors":[19,19,53,53],"current_hp_per_floor":[79,76,76,81,60,57,30,26,26,6,32,32,32,32,32,27,87,79,79,79,66,40,40,40,40,40,22,29,8,34,37,63,46,87,87,87,74,39,35,35,35,42,42,42,31,31,57,57,83,34,87,87,87,0],"gold":10,"neow_bonus":"TEN_PERCENT_HP_BONUS","is_prod":false,"is_daily":false,"chose_seed":false,"campfire_upgraded":5,"win_rate":0,"timestamp":1560654362,"path_taken":["M","M","M","?","?","M","E","M","T","M","R","?","R","?","R","BOSS","M","$","?","M","M","R","?","?","T","M","M","E","R","M","R","BOSS","M","M","M","M","M","R","?","E","T","R","M","?","R","?","R","BOSS","R","$","E"],"build_version":"2019-01-23","purchased_purges":1,"victory":false,"max_hp_per_floor":[82,82,82,87,87,87,87,87,87,87,87,87,87,87,87,87,87,87,87,87,87,87,87,87,87,87,87,87,87,87,87,87,87,87,87,87,87,87,87,87,87,87,87,87,87,87,87,87,87,87,87,87,87,87],"card_choices":[{"not_picked":["Stack","Redo"],"picked":"Leap","floor":1.0},{"not_picked":["Recycle","Stack"],"picked":"Gash","floor":2.0},{"not_picked":["Ball Lightning","Redo"],"picked":"Coolheaded","floor":3.0},{"not_picked":["Hologram","Double Energy"],"picked":"Skim","floor":6.0},{"not_picked":["Conserve Battery","Coolheaded"],"picked":"Machine Learning","floor":7.0},{"not_picked":["Rebound","Redo"],"picked":"Coolheaded","floor":8.0},{"not_picked":["Lockon","Recycle"],"picked":"Doom and Gloom","floor":10.0},{"not_picked":["Go for the Eyes","Stack"],"picked":"Chill","floor":14.0},{"not_picked":["All For One","Biased Cognition"],"picked":"Buffer","floor":16.0},{"not_picked":["Aggregate","Hologram"],"picked":"Double Energy+1","floor":18.0},{"not_picked":["Rebound","Streamline"],"picked":"Self Repair","floor":21.0},{"not_picked":["Redo","Sweeping Beam"],"picked":"Hologram+1","floor":22.0},{"not_picked":["Conserve Battery+1","Ball Lightning"],"picked":"Cold Snap","floor":25},{"not_picked":["Streamline","Conserve Battery"],"picked":"Stack+1","floor":27},{"not_picked":["Multi-Cast","Hologram+1"],"picked":"Undo","floor":28},{"not_picked":["Double Energy+1","Go for the Eyes+1"],"picked":"Coolheaded","floor":29},{"not_picked":["Gash","Sweeping Beam"],"picked":"Auto Shields","floor":31},{"not_picked":["Reboot","Fission"],"picked":"Hyperbeam","floor":33},{"not_picked":["Scrape","Coolheaded"],"picked":"Streamline+1","floor":35},{"not_picked":["Sweeping Beam+1","Rebound"],"picked":"Tempest+1","floor":36},{"not_picked":["Recycle+1","Darkness"],"picked":"Compile Driver","floor":37},{"not_picked":["BootSequence+1","Sweeping Beam+1"],"picked":"Stack","floor":38},{"not_picked":["Self Repair+1","Conserve Battery"],"picked":"Streamline","floor":39},{"not_picked":["Recycle","Storm"],"picked":"Steam","floor":42},{"not_picked":["Force Field","Beam Cell+1"],"picked":"Gash+1","floor":45}],"player_experience":263985,"relics_obtained":[{"floor":7.0,"key":"Letter Opener"},{"floor":9.0,"key":"Lantern"},{"floor":24.0,"key":"Smiling Mask"},{"floor":26,"key":"Bag of Preparation"},{"floor":29,"key":"Mummified Hand"},{"floor":42,"key":"Vajra"}],"event_choices":[{"damage_healed":0.0,"max_hp_gain":5.0,"max_hp_loss":0.0,"gold_gain":0.0,"event_name":"Big Fish","player_choice":"Donut","floor":4.0,"gold_loss":0.0,"damage_taken":0.0},{"damage_healed":0.0,"max_hp_gain":0.0,"max_hp_loss":0.0,"gold_gain":0.0,"event_name":"Golden Idol","player_choice":"Take Damage","floor":5.0,"gold_loss":0.0,"damage_taken":21.0,"relics_obtained":["Golden Idol"]},{"damage_healed":0.0,"max_hp_gain":0.0,"max_hp_loss":0.0,"gold_gain":30.0,"event_name":"Dead Adventurer","player_choice":"Searched \u00271\u0027 times","floor":12.0,"gold_loss":0.0,"damage_taken":0.0},{"damage_healed":0.0,"max_hp_gain":0.0,"max_hp_loss":0.0,"gold_gain":0.0,"event_name":"Addict","player_choice":"Obtained Relic","floor":20.0,"gold_loss":85.0,"damage_taken":0.0,"relics_obtained":["Potion Belt"]},{"damage_healed":0,"gold_gain":333,"player_choice":"Gave Idol","damage_taken":0,"max_hp_gain":0,"max_hp_loss":0,"event_name":"The Moai Head","floor":41,"relics_lost":["Golden Idol"],"gold_loss":0},{"cards_removed":["Defend_B"],"damage_healed":0,"gold_gain":0,"player_choice":"Removed Skill","damage_taken":0,"max_hp_gain":0,"max_hp_loss":0,"event_name":"Falling","floor":46,"gold_loss":0},{"damage_healed":0,"gold_gain":0,"player_choice":"Ignored","damage_taken":0,"max_hp_gain":0,"max_hp_loss":0,"event_name":"Mysterious Sphere","floor":48,"gold_loss":0}],"is_beta":false,"boss_relics":[{"not_picked":["Philosopher\u0027s Stone","Coffee Dripper"],"picked":"Ectoplasm"},{"not_picked":["Lizard Tail","Runic Pyramid"],"picked":"Nuclear Battery"}],"items_purged_floors":[53],"is_endless":false,"potions_floor_spawned":[2,7,10,16,18,27,29,33,35,38,39,45],"killed_by":"Shield and Spear","ascension_level":2}