{"gold_per_floor":[366,377,185,260,279,279,304,125,125,144,144,144,144,144],"floor_reached":14,"playtime":341,"items_purged":["Strike_R","Strike_R"],"score":176,"play_id":"3cc7b5e4-63c7-417e-8572-eb637d94b120","local_time":"20190715122216","is_ascension_mode":true,"campfire_choices":[{"data":"Inflame","floor":6.0,"key":"SMITH"},{"data":"Whirlwind","floor":12.0,"key":"SMITH"}],"neow_cost":"PERCENT_DAMAGE","seed_source_timestamp":344203983433391,"circlet_count":0,"master_deck":["AscendersBane","Strike_R","Strike_R","Defend_R","Defend_R","Defend_R","Defend_R","Bash","True Grit","Shockwave","Inflame+1","Whirlwind+1","Burning Pact","Shrug It Off"],"special_seed":0,"relics":["Burning Blood","Blue Candle","Oddly Smooth Stone"],"potions_floor_usage":[],"damage_taken":[{"damage":14.0,"enemies":"Small Slimes","floor":1.0,"turns":5.0},{"damage":2.0,"enemies":"Jaw Worm","floor":2.0,"turns":6.0},{"damage":0.0,"enemies":"Cultist","floor":5.0,"turns":4.0},{"damage":35.0,"enemies":"Lagavulin","floor":7.0,"turns":7.0},{"damage":4.0,"enemies":"2 Fungi Beasts","floor":10.0,"turns":4.0},{"damage":0,"enemies":"Exordium Wildlife","floor":14,"turns":1}],"seed_played":"5841029828029361312","potions_obtained":[{"floor":2.0,"key":"Poison Potion"},{"floor":7.0,"key":"SpeedPotion"}],"is_trial":false,"path_per_floor":["M","M","$","?","M","R","E","$","T","M","?","R","?","M"],"character_chosen":"IRONCLAD","items_purchased":["Shockwave","Inflame","Burning Pact"],"campfire_rested":0,"item_purchase_floors":[3,3,8],"current_hp_per_floor":[42,46,46,35,41,41,12,12,12,14,7,7,7,7],"gold":144,"neow_bonus":"TWO_FIFTY_GOLD","is_prod":false,"is_daily":false,"chose_seed":false,"campfire_upgraded":2,"win_rate":0,"timestamp":1563164536,"path_taken":["M","M","$","?","M","R","E","$","T","M","?","R","?","?"],"build_version":"2019-07-05","purchased_purges":2,"victory":false,"max_hp_per_floor":[75,75,75,75,75,75,75,75,75,75,75,75,75,75],"card_choices":[{"not_picked":["Havoc","Body Slam"],"picked":"True Grit","floor":1.0},{"not_picked":["Fire Breathing","True Grit","Intimidate"],"picked":"SKIP","floor":2.0},{"not_picked":["True Grit","Warcry","Flex"],"picked":"SKIP","floor":5.0},{"not_picked":["Body Slam","Impervious"],"picked":"Whirlwind","floor":7.0},{"not_picked":["Whirlwind","Flex"],"picked":"Shrug It Off","floor":10.0}],"player_experience":1114936,"relics_obtained":[{"floor":7.0,"key":"Blue Candle"},{"floor":9.0,"key":"Oddly Smooth Stone"}],"event_choices":[{"damage_healed":0.0,"max_hp_gain":0.0,"max_hp_loss":0.0,"gold_gain":75.0,"event_name":"World of Goop","player_choice":"Gather Gold","floor":4.0,"gold_loss":0.0,"damage_taken":11.0},{"cards_removed":["Strike_R"],"damage_healed":0.0,"max_hp_gain":0.0,"max_hp_loss":0.0,"gold_gain":0.0,"event_name":"Golden Wing","player_choice":"Card Removal","floor":11.0,"gold_loss":0.0,"damage_taken":7.0},{"damage_healed":0,"gold_gain":0,"player_choice":"Fled","damage_taken":0,"max_hp_gain":0,"max_hp_loss":0,"event_name":"Scrap Ooze","floor":13,"gold_loss":0}],"is_beta":false,"boss_relics":[],"items_purged_floors":[3,8],"is_endless":false,"potions_floor_spawned":[2,7],"killed_by":"Exordium Wildlife","ascension_level":20}