{"gold_per_floor":[112,112,262,262,227,302,320,345,417,417,436,467,467],"floor_reached":13,"playtime":317,"items_purged":[],"score":158,"play_id":"f6545cfa-b290-4f52-b3f0-093ffea03225","local_time":"20190313181253","is_ascension_mode":true,"campfire_choices":[{"data":"Whirlwind","floor":10,"key":"SMITH"}],"neow_cost":"NONE","seed_source_timestamp":318994562174269,"circlet_count":0,"master_deck":["AscendersBane","Strike_R","Strike_R","Strike_R","Strike_R","Defend_R","Defend_R","Defend_R","Defend_R","Bash","Whirlwind+1","Doubt","Hemokinesis","Armaments","Disarm","Cleave","Corruption"],"relics":["Burning Blood","NeowsBlessing","Golden Idol","Bottled Lightning","Mummified Hand"],"potions_floor_usage":[12,13],"damage_taken":[{"damage":0,"enemies":"Cultist","floor":1,"turns":1},{"damage":0,"enemies":"2 Louse","floor":7,"turns":1},{"damage":0,"enemies":"Small Slimes","floor":8,"turns":1},{"damage":10,"enemies":"2 Fungi Beasts","floor":11,"turns":3},{"damage":25,"enemies":"3 Sentries","floor":12,"turns":5},{"damage":39,"enemies":"Exordium Wildlife","floor":13,"turns":6}],"seed_played":"-8946492842904078170","potions_obtained":[{"floor":7,"key":"SkillPotion"},{"floor":11,"key":"Ancient Potion"}],"is_trial":false,"path_per_floor":["M","?","?","?","?","?","M","M","T","R","M","E","M"],"character_chosen":"IRONCLAD","items_purchased":[],"campfire_rested":0,"item_purchase_floors":[],"current_hp_per_floor":[74,48,48,48,66,55,61,67,67,67,63,44,5],"gold":467,"neow_bonus":"THREE_ENEMY_KILL","is_prod":false,"is_daily":false,"chose_seed":false,"campfire_upgraded":1,"win_rate":0,"timestamp":1552461173,"path_taken":["M","?","?","?","?","?","M","M","T","R","M","E","M"],"build_version":"2019-01-23","purchased_purges":0,"victory":false,"max_hp_per_floor":[75,75,75,75,75,75,75,75,75,75,75,75,75],"card_choices":[{"not_picked":["Cleave","Inflame"],"picked":"Whirlwind","floor":1},{"not_picked":["Sever Soul","Power Through"],"picked":"Armaments","floor":7},{"not_picked":["Clash","Thunderclap"],"picked":"Disarm","floor":8},{"not_picked":["Pummel","Sword Boomerang"],"picked":"Cleave","floor":11},{"not_picked":["Spot Weakness","Bloodletting"],"picked":"Corruption","floor":12}],"player_experience":843136,"relics_obtained":[{"floor":9,"key":"Bottled Lightning"},{"floor":12,"key":"Mummified Hand"}],"event_choices":[{"damage_healed":0,"gold_gain":0,"player_choice":"Take Damage","damage_taken":26,"relics_obtained":["Golden Idol"],"max_hp_gain":0,"max_hp_loss":0,"event_name":"Golden Idol","floor":2,"gold_loss":0},{"damage_healed":0,"gold_gain":150,"player_choice":"AGREE","damage_taken":0,"max_hp_gain":0,"max_hp_loss":0,"event_name":"Liars Game","floor":3,"gold_loss":0,"cards_obtained":["Doubt"]},{"damage_healed":0,"gold_gain":0,"cards_transformed":["Strike_R"],"player_choice":"Change","damage_taken":0,"max_hp_gain":0,"max_hp_loss":0,"event_name":"Living Wall","floor":4,"gold_loss":0,"cards_obtained":["Hemokinesis"]},{"damage_healed":18,"gold_gain":0,"player_choice":"Healed","damage_taken":0,"max_hp_gain":0,"max_hp_loss":0,"event_name":"The Cleric","floor":5,"gold_loss":35},{"damage_healed":0,"gold_gain":75,"player_choice":"Gather Gold","damage_taken":11,"max_hp_gain":0,"max_hp_loss":0,"event_name":"World of Goop","floor":6,"gold_loss":0}],"is_beta":false,"boss_relics":[],"items_purged_floors":[],"is_endless":false,"potions_floor_spawned":[7,11],"killed_by":"Exordium Wildlife","ascension_level":18}