{"gold_per_floor":[111,129,147,160,84,84,84,123,123,164,164,189,189,222,222,351,351,346,78,78,78,2,35,35,69,69,69,69,69,89,110,110,233,233,257,257,257,257,278,22,22,46,69,106,118,130,142,189,201,213],"floor_reached":50,"playtime":6749,"items_purged":["Injury"],"score":617,"play_id":"5ffdc651-8fd6-4dfd-bc58-3108974091aa","local_time":"20190730113953","is_ascension_mode":true,"campfire_choices":[{"data":"Neutralize","floor":6,"key":"SMITH"},{"floor":13,"key":"REST"},{"floor":15,"key":"REST"},{"data":"Dodge and Roll","floor":24,"key":"SMITH"},{"data":"Prepared","floor":27,"key":"SMITH"},{"floor":28,"key":"REST"},{"data":"Noxious Fumes","floor":29,"key":"SMITH"},{"data":"Footwork","floor":32,"key":"SMITH"},{"floor":41,"key":"DIG"},{"floor":45,"key":"DIG"},{"floor":49,"key":"REST"}],"neow_cost":"NONE","seed_source_timestamp":214358064395600,"circlet_count":0,"master_deck":["Strike_G+1","Strike_G+1","Strike_G+1","Strike_G+1","Strike_G+1","Defend_G+1","Defend_G+1","Defend_G+1","Defend_G+1","Defend_G+1","Survivor","Neutralize+1","Dagger Spray","Prepared+1","Infinite Blades","Well Laid Plans","Caltrops","Noxious Fumes+1","Dodge and Roll+1","Venomology","PiercingWail+1","Crippling Poison+1","Outmaneuver+1","Terror","Footwork+1","Adrenaline+1","Choke+1","Deflect+1","Cloak And Dagger+1","Skewer+1","Distraction"],"relics":["Ring of the Snake","Golden Idol","Shovel","Prayer Wheel","Bird Faced Urn","Odd Mushroom","Black Star","PreservedInsect","Paper Crane","WingedGreaves","Letter Opener","Smiling Mask","Bottled Lightning","Busted Crown","War Paint","Anchor","MawBank","Question Card","Sundial","Dream Catcher"],"potions_floor_usage":[8,10,10,10,12,16,18,18,23,23,23,31,31,33,33,33,35,39,42,48,50,50],"damage_taken":[{"damage":1,"enemies":"Cultist","floor":1,"turns":3},{"damage":0,"enemies":"2 Louse","floor":2,"turns":3},{"damage":1,"enemies":"Small Slimes","floor":3,"turns":4},{"damage":0,"enemies":"Blue Slaver","floor":4,"turns":5},{"damage":38,"enemies":"Gremlin Nob","floor":8,"turns":5},{"damage":12,"enemies":"Lagavulin","floor":10,"turns":6},{"damage":26,"enemies":"Exordium Wildlife","floor":12,"turns":4},{"damage":24,"enemies":"The Mushroom Lair","floor":14,"turns":4},{"damage":59,"enemies":"Hexaghost","floor":16,"turns":11},{"damage":22,"enemies":"2 Thieves","floor":18,"turns":4},{"damage":13,"enemies":"Gremlin Leader","floor":23,"turns":8},{"damage":20,"enemies":"Slavers","floor":25,"turns":5},{"damage":10,"enemies":"Chosen","floor":30,"turns":6},{"damage":11,"enemies":"Centurion and Healer","floor":31,"turns":5},{"damage":48,"enemies":"Collector","floor":33,"turns":10},{"damage":6,"enemies":"3 Darklings","floor":35,"turns":6},{"damage":4,"enemies":"Orb Walker","floor":39,"turns":5},{"damage":0,"enemies":"4 Shapes","floor":42,"turns":2},{"damage":9,"enemies":"Jaw Worm Horde","floor":44,"turns":4},{"damage":66,"enemies":"Giant Head","floor":48,"turns":8},{"damage":54,"enemies":"Donu and Deca","floor":50,"turns":7}],"seed_played":"8815054962696783427","potions_obtained":[{"floor":3,"key":"Explosive Potion"},{"floor":8,"key":"EntropicBrew"},{"floor":14,"key":"LiquidBronze"},{"floor":16,"key":"Poison Potion"},{"floor":25,"key":"Strength Potion"},{"floor":31,"key":"AttackPotion"},{"floor":33,"key":"SteroidPotion"},{"floor":35,"key":"GhostInAJar"},{"floor":39,"key":"SpeedPotion"},{"floor":42,"key":"GhostInAJar"}],"is_trial":false,"path_per_floor":["M","M","M","M","$","R","?","E","T","E","?","M","R","?","R","B",null,"M","$","?","?","$","E","R","E","T","R","R","R","M","M","R","B",null,"M","?","?","$","M","$","R","M","T","M","R","?","?","E","R","B"],"character_chosen":"THE_SILENT","items_purchased":["Well Laid Plans","PreservedInsect","PowerPotion","EssenceOfSteel","War Paint","FairyPotion"],"campfire_rested":4,"item_purchase_floors":[5,19,19,22,40,40],"current_hp_per_floor":[76,76,75,75,75,75,75,37,37,25,50,30,53,37,60,9,77,61,61,61,77,77,70,70,58,58,58,77,77,67,64,64,26,77,76,73,73,73,73,73,73,73,73,66,66,66,66,7,28,0],"gold":213,"neow_bonus":"TEN_PERCENT_HP_BONUS","is_prod":false,"is_daily":false,"chose_seed":false,"campfire_upgraded":5,"win_rate":0,"timestamp":1564511993,"path_taken":["M","M","?","M","$","R","?","E","T","E","?","M","R","?","R","BOSS","M","$","?","?","?","E","R","E","T","R","R","R","?","M","R","BOSS","M","?","?","$","M","$","R","M","T","M","R","?","?","E","R","BOSS"],"build_version":"2019-07-17","purchased_purges":1,"victory":false,"max_hp_per_floor":[77,77,77,77,77,77,77,77,77,77,77,77,77,77,77,77,77,77,77,77,77,77,77,77,77,77,77,77,77,77,77,77,77,77,77,73,73,73,73,73,73,73,73,73,73,73,73,73,73,73],"card_choices":[{"not_picked":["Underhanded Strike","Tactician"],"picked":"Dagger Spray","floor":1},{"not_picked":["Sucker Punch","Terror"],"picked":"Prepared","floor":2},{"not_picked":["Backflip","Slice"],"picked":"Infinite Blades","floor":3},{"not_picked":["Dagger Throw","Acrobatics"],"picked":"Doppelganger","floor":4},{"not_picked":["Deflect","Skewer"],"picked":"Caltrops","floor":8},{"not_picked":["Endless Agony","Flying Knee","Acrobatics"],"picked":"SKIP","floor":10},{"not_picked":["Masterful Stab","Dagger Spray"],"picked":"Noxious Fumes","floor":12},{"not_picked":["Dagger Spray","Bane","Eviscerate"],"picked":"SKIP","floor":12},{"not_picked":["Bane","Deflect"],"picked":"Dodge and Roll","floor":14},{"not_picked":["Glass Knife","Storm of Steel"],"picked":"Venomology","floor":16},{"not_picked":["Prepared","Underhanded Strike"],"picked":"PiercingWail","floor":18},{"not_picked":["Slice","Sucker Punch","Bane"],"picked":"SKIP","floor":18},{"not_picked":["Deadly Poison+1","Acrobatics"],"picked":"Crippling Poison+1","floor":23},{"not_picked":["Tactician","Prepared","Outmaneuver"],"picked":"SKIP","floor":25},{"not_picked":["Dodge and Roll","Backflip"],"picked":"Outmaneuver","floor":30},{"not_picked":["Underhanded Strike+1","Predator+1"],"picked":"Terror","floor":30},{"not_picked":["Bullet Time","Backflip"],"picked":"Footwork","floor":31},{"not_picked":["Flying Knee+1","Deadly Poison","Backstab"],"picked":"SKIP","floor":31},{"not_picked":["Wraith Form v2","Storm of Steel"],"picked":"Adrenaline","floor":33},{"not_picked":[],"picked":"Choke+1","floor":35},{"not_picked":[],"picked":"Deflect+1","floor":35},{"not_picked":[],"picked":"Cloak And Dagger+1","floor":39},{"not_picked":["Terror+1"],"picked":"SKIP","floor":39},{"not_picked":[],"picked":"Skewer+1","floor":42},{"not_picked":["Dagger Spray+1"],"picked":"SKIP","floor":42},{"not_picked":["Outmaneuver"],"picked":"SKIP","floor":44},{"not_picked":["Bouncing Flask"],"picked":"SKIP","floor":44},{"not_picked":["Bouncing Flask+1"],"picked":"Distraction","floor":48}],"player_experience":797775,"relics_obtained":[{"floor":8,"key":"Shovel"},{"floor":9,"key":"Prayer Wheel"},{"floor":10,"key":"Bird Faced Urn"},{"floor":14,"key":"Odd Mushroom"},{"floor":23,"key":"Paper Crane"},{"floor":23,"key":"WingedGreaves"},{"floor":25,"key":"Letter Opener"},{"floor":25,"key":"Smiling Mask"},{"floor":26,"key":"Bottled Lightning"},{"floor":41,"key":"Anchor"},{"floor":43,"key":"MawBank"},{"floor":45,"key":"Question Card"},{"floor":48,"key":"Sundial"},{"floor":48,"key":"Dream Catcher"}],"event_choices":[{"damage_healed":0,"gold_gain":0,"player_choice":"Take Wound","damage_taken":0,"relics_obtained":["Golden Idol"],"max_hp_gain":0,"max_hp_loss":0,"event_name":"Golden Idol","floor":7,"gold_loss":0,"cards_obtained":["Injury"]},{"damage_healed":25,"gold_gain":0,"player_choice":"Banana","damage_taken":0,"max_hp_gain":0,"max_hp_loss":0,"event_name":"Big Fish","floor":11,"gold_loss":0},{"damage_healed":0,"gold_gain":0,"player_choice":"Fought Mushrooms","damage_taken":0,"max_hp_gain":0,"max_hp_loss":0,"event_name":"Mushrooms","floor":14,"gold_loss":0},{"damage_healed":0,"gold_gain":0,"player_choice":"Simplicity","damage_taken":0,"max_hp_gain":0,"max_hp_loss":0,"event_name":"Back to Basics","floor":20,"gold_loss":0,"cards_upgraded":["Strike_G","Strike_G","Strike_G","Strike_G","Strike_G","Defend_G","Defend_G","Defend_G","Defend_G","Defend_G"]},{"damage_healed":25,"gold_gain":0,"player_choice":"Heal","damage_taken":0,"max_hp_gain":0,"max_hp_loss":0,"event_name":"The Library","floor":21,"gold_loss":0},{"damage_healed":0,"gold_gain":0,"player_choice":"Max HP","damage_taken":0,"max_hp_gain":0,"max_hp_loss":4,"event_name":"Winding Halls","floor":36,"gold_loss":0},{"cards_removed":["Doppelganger"],"damage_healed":0,"gold_gain":0,"player_choice":"Removed Skill","damage_taken":0,"max_hp_gain":0,"max_hp_loss":0,"event_name":"Falling","floor":37,"gold_loss":0},{"damage_healed":0,"gold_gain":0,"player_choice":"Ignored","damage_taken":0,"max_hp_gain":0,"max_hp_loss":0,"event_name":"Mysterious Sphere","floor":46,"gold_loss":0},{"damage_healed":0,"gold_gain":0,"player_choice":"Upgraded","damage_taken":0,"max_hp_gain":0,"max_hp_loss":0,"event_name":"Upgrade Shrine","floor":47,"gold_loss":0,"cards_upgraded":["Outmaneuver"]}],"is_beta":false,"boss_relics":[{"not_picked":["Runic Dome","Ectoplasm"],"picked":"Black Star"},{"not_picked":["Sozu","Pandora\u0027s Box"],"picked":"Busted Crown"}],"items_purged_floors":[19],"is_endless":false,"potions_floor_spawned":[3,8,14,16,25,31,33,35,39,42],"killed_by":"Donu and Deca","ascension_level":4}