{"gold_per_floor":[217,142,160,160,175,175,187,187,187,87,98,123,133,153,153,153],"floor_reached":16,"playtime":1029,"items_purged":["Strike_R","Defend_R"],"score":104,"play_id":"9d4b6e42-4291-4ae0-9cd4-03066696281a","local_time":"20181212232352","is_ascension_mode":false,"campfire_choices":[{"floor":6,"key":"RECALL"},{"floor":15,"key":"REST"}],"neow_cost":"NONE","seed_source_timestamp":1633055987602620,"circlet_count":0,"master_deck":["Strike_R","Strike_R","Strike_R","Defend_R","Defend_R","Defend_R","Bash","Seeing Red","Iron Wave","Warcry","Double Tap","Body Slam","Reaper"],"relics":["Burning Blood","Mango"],"potions_floor_usage":[12,14,16],"damage_taken":[{"damage":1,"enemies":"Cultist","floor":1,"turns":3},{"damage":10,"enemies":"Jaw Worm","floor":3,"turns":4},{"damage":0,"enemies":"2 Louse","floor":5,"turns":3},{"damage":11,"enemies":"Lots of Slimes","floor":7,"turns":7},{"damage":13,"enemies":"Large Slime","floor":11,"turns":7},{"damage":27,"enemies":"Gremlin Nob","floor":12,"turns":5},{"damage":19,"enemies":"Blue Slaver","floor":13,"turns":3},{"damage":10,"enemies":"Exordium Thugs","floor":14,"turns":4},{"damage":100,"enemies":"Slime Boss","floor":16,"turns":11}],"seed_played":"9178099338080695084","potions_obtained":[{"floor":1,"key":"FearPotion"},{"floor":7,"key":"SkillPotion"},{"floor":11,"key":"Dexterity Potion"},{"floor":12,"key":"SkillPotion"}],"is_trial":false,"path_per_floor":["M","$","M","?","M","R","M","$","T","$","M","E","M","M","R","B"],"character_chosen":"IRONCLAD","items_purchased":[],"campfire_rested":1,"item_purchase_floors":[],"current_hp_per_floor":[80,80,76,76,80,80,75,75,75,75,68,61,54,62,90,0],"gold":153,"neow_bonus":"HUNDRED_GOLD","is_prod":false,"is_daily":false,"chose_seed":false,"campfire_upgraded":0,"win_rate":0,"timestamp":1544617432,"path_taken":["M","$","M","?","?","R","M","$","T","$","M","E","M","M","R","BOSS"],"build_version":"2018-12-06","purchased_purges":2,"victory":false,"max_hp_per_floor":[80,80,80,80,80,80,80,80,80,80,80,94,94,94,94,94],"card_choices":[{"not_picked":["Combust","Iron Wave","Sword Boomerang"],"picked":"SKIP","floor":1},{"not_picked":["Carnage","Intimidate"],"picked":"Seeing Red","floor":3},{"not_picked":["Feel No Pain","Clothesline"],"picked":"Warcry","floor":5},{"not_picked":["Cleave","Clash"],"picked":"Double Tap","floor":7},{"not_picked":["Havoc","Warcry"],"picked":"Body Slam","floor":11},{"not_picked":["Disarm","Bludgeon"],"picked":"Reaper","floor":12},{"not_picked":["Iron Wave","Wild Strike","Entrench"],"picked":"SKIP","floor":13},{"not_picked":["Pommel Strike","Power Through","Warcry"],"picked":"SKIP","floor":14}],"player_experience":214518,"relics_obtained":[{"floor":12,"key":"Mango"}],"event_choices":[{"cards_removed":["Strike_R"],"damage_healed":0,"gold_gain":0,"player_choice":"Took Card","damage_taken":0,"max_hp_gain":0,"max_hp_loss":0,"event_name":"NoteForYourself","floor":4,"gold_loss":0,"cards_obtained":["Iron Wave"]}],"is_beta":false,"boss_relics":[],"items_purged_floors":[2,10],"is_endless":false,"potions_floor_spawned":[1,7,11,12],"killed_by":"Slime Boss","ascension_level":0}