{"gold_per_floor":[119,136,136,136,136,167,167,187,187,201,201,201,201,211,211,310,310,325,325,173,98,25,60,73,73,73,105,105,115,132,147,147,247,247,267,267,122,140,152,152,152,182,230,230,244,244,263,263,263,263],"floor_reached":50,"playtime":5161,"items_purged":["Defend_G"],"score":585,"play_id":"5d90d8f8-dbb6-4b7d-a7f5-a67960f09afd","local_time":"20190806230036","is_ascension_mode":false,"campfire_choices":[{"floor":7,"key":"RECALL"},{"data":"Neutralize","floor":11,"key":"SMITH"},{"floor":13,"key":"REST"},{"data":"Deflect","floor":15,"key":"SMITH"},{"data":"Noxious Fumes","floor":25,"key":"SMITH"},{"data":"Well Laid Plans","floor":28,"key":"SMITH"},{"data":"After Image","floor":32,"key":"SMITH"},{"data":"After Image","floor":40,"key":"SMITH"},{"data":"Finisher","floor":44,"key":"SMITH"},{"data":"Bane","floor":46,"key":"SMITH"},{"data":"Slice","floor":49,"key":"SMITH"}],"neow_cost":"NONE","seed_source_timestamp":75072174653771,"circlet_count":0,"master_deck":["Strike_G","Strike_G","Strike_G","Strike_G","Defend_G","Survivor","Neutralize+1","Backflip","Backflip","Adrenaline","Bane+1","Deflect+1","After Image+1","Slice+1","After Image+1","Well Laid Plans+1","Noxious Fumes+1","Quick Slash","Escape Plan+1","Adrenaline","Infinite Blades+1","Adrenaline","Backflip+1","Adrenaline","Escape Plan+1","Flechettes+1","Finisher+1","Parasite","Slice+1","Writhe"],"relics":["Ring of the Serpent","NeowsBlessing","The Specimen","Mummified Hand","Coffee Dripper","Frozen Egg 2","Dream Catcher","Gambling Chip","Juzu Bracelet"],"potions_floor_usage":[16,33,42,50,50],"damage_taken":[{"damage":0,"enemies":"Small Slimes","floor":1,"turns":1},{"damage":0,"enemies":"2 Louse","floor":2,"turns":1},{"damage":0,"enemies":"Lagavulin","floor":6,"turns":1},{"damage":0,"enemies":"Cultist","floor":8,"turns":4},{"damage":16,"enemies":"Large Slime","floor":10,"turns":11},{"damage":0,"enemies":"Exordium Wildlife","floor":14,"turns":4},{"damage":43,"enemies":"The Guardian","floor":16,"turns":28},{"damage":0,"enemies":"Shell Parasite","floor":18,"turns":10},{"damage":40,"enemies":"Slavers","floor":23,"turns":7},{"damage":0,"enemies":"2 Thieves","floor":24,"turns":4},{"damage":0,"enemies":"Book of Stabbing","floor":27,"turns":6},{"damage":0,"enemies":"Shelled Parasite and Fungi","floor":29,"turns":6},{"damage":0,"enemies":"Snecko","floor":30,"turns":5},{"damage":0,"enemies":"Snake Plant","floor":31,"turns":6},{"damage":8,"enemies":"Collector","floor":33,"turns":8},{"damage":0,"enemies":"Orb Walker","floor":35,"turns":4},{"damage":8,"enemies":"3 Shapes","floor":38,"turns":4},{"damage":1,"enemies":"3 Darklings","floor":39,"turns":5},{"damage":33,"enemies":"Nemesis","floor":42,"turns":9},{"damage":0,"enemies":"Writhing Mass","floor":45,"turns":5},{"damage":20,"enemies":"4 Shapes","floor":47,"turns":6},{"damage":34,"enemies":"Time Eater","floor":50,"turns":7}],"seed_played":"1617488498888871494","potions_obtained":[{"floor":1,"key":"GhostInAJar"},{"floor":2,"key":"Swift Potion"},{"floor":14,"key":"Weak Potion"},{"floor":18,"key":"Poison Potion"},{"floor":39,"key":"SpeedPotion"},{"floor":45,"key":"LiquidBronze"}],"is_trial":false,"path_per_floor":["M","M","?","?","?","E","R","M","T","M","R","?","R","M","R","B",null,"M","?","$","?","$","E","M","R","T","E","R","M","M","M","R","B",null,"M","?","$","M","M","R","?","E","T","R","M","R","M","?","R","B"],"character_chosen":"THE_SILENT","items_purchased":["Well Laid Plans","Noxious Fumes","Adrenaline"],"campfire_rested":1,"item_purchase_floors":[20,22,37],"current_hp_per_floor":[70,70,70,63,63,63,63,63,63,47,47,52,74,74,74,31,75,75,75,75,75,75,35,35,35,35,35,35,35,35,35,35,27,75,75,75,75,67,66,66,66,33,33,33,33,33,13,32,32,0],"gold":263,"neow_bonus":"THREE_ENEMY_KILL","is_prod":false,"is_daily":false,"chose_seed":false,"campfire_upgraded":9,"win_rate":0,"timestamp":1565146836,"path_taken":["M","M","?","?","?","E","R","?","T","M","R","?","R","M","R","BOSS","M","?","?","?","$","E","M","R","T","E","R","M","M","M","R","BOSS","M","?","$","?","M","R","?","E","T","R","M","R","M","?","R","BOSS"],"build_version":"2019-07-17","purchased_purges":1,"victory":false,"max_hp_per_floor":[70,70,70,70,70,70,70,70,70,70,70,75,75,75,75,75,75,75,75,75,75,75,75,75,75,75,75,75,75,75,75,75,75,75,75,75,75,75,75,75,75,75,75,75,75,75,75,75,75,75],"card_choices":[{"not_picked":["Calculated Gamble","Flechettes"],"picked":"Backflip","floor":1},{"not_picked":["Underhanded Strike","Deadly Poison"],"picked":"Backflip","floor":2},{"not_picked":["Blade Dance","Outmaneuver"],"picked":"Adrenaline","floor":6},{"not_picked":["Dagger Spray","Heel Hook"],"picked":"Bane","floor":8},{"not_picked":["Dash","Blur"],"picked":"Deflect","floor":10},{"not_picked":["Dagger Spray","Calculated Gamble","Predator"],"picked":"SKIP","floor":14},{"not_picked":["Die Die Die","Envenom"],"picked":"After Image","floor":16},{"not_picked":["Deflect+1","Blade Dance"],"picked":"Slice+1","floor":18},{"not_picked":["Dagger Spray","Deadly Poison"],"picked":"Quick Slash","floor":23},{"not_picked":["PiercingWail","Riddle With Holes"],"picked":"Escape Plan+1","floor":24},{"not_picked":["Dagger Spray","Acrobatics+1"],"picked":"Adrenaline","floor":27},{"not_picked":["Backstab","Dodge and Roll+1","Deflect"],"picked":"SKIP","floor":29},{"not_picked":["Dagger Throw","Flying Knee"],"picked":"Infinite Blades+1","floor":30},{"not_picked":["Finisher","Sucker Punch+1","Backflip"],"picked":"SKIP","floor":31},{"not_picked":["Envenom+1","Tools of the Trade+1"],"picked":"Adrenaline","floor":33},{"not_picked":["Quick Slash","PiercingWail"],"picked":"Backflip+1","floor":35},{"not_picked":["Dodge and Roll","Footwork+1"],"picked":"Escape Plan+1","floor":38},{"not_picked":["Riddle With Holes","Deadly Poison"],"picked":"Flechettes+1","floor":39},{"not_picked":["Poisoned Stab+1","Slice"],"picked":"Finisher","floor":42},{"not_picked":["Choke","Riddle With Holes","Eviscerate"],"picked":"SKIP","floor":45},{"not_picked":["PiercingWail","Bane+1"],"picked":"Slice","floor":47}],"player_experience":32932,"relics_obtained":[{"floor":6,"key":"The Specimen"},{"floor":9,"key":"Mummified Hand"},{"floor":23,"key":"Frozen Egg 2"},{"floor":27,"key":"Dream Catcher"},{"floor":42,"key":"Gambling Chip"},{"floor":43,"key":"Juzu Bracelet"}],"event_choices":[{"damage_healed":0,"gold_gain":0,"player_choice":"Ignored","damage_taken":0,"max_hp_gain":0,"max_hp_loss":0,"event_name":"Liars Game","floor":3,"gold_loss":0},{"cards_removed":["Strike_G"],"damage_healed":0,"gold_gain":0,"player_choice":"Card Removal","damage_taken":7,"max_hp_gain":0,"max_hp_loss":0,"event_name":"Golden Wing","floor":4,"gold_loss":0},{"cards_removed":["Defend_G"],"damage_healed":0,"gold_gain":0,"player_choice":"Purged","damage_taken":0,"max_hp_gain":0,"max_hp_loss":0,"event_name":"Purifier","floor":5,"gold_loss":0},{"damage_healed":0,"gold_gain":0,"player_choice":"Donut","damage_taken":0,"max_hp_gain":5,"max_hp_loss":0,"event_name":"Big Fish","floor":12,"gold_loss":0},{"damage_healed":0,"gold_gain":0,"player_choice":"Copied","damage_taken":0,"max_hp_gain":0,"max_hp_loss":0,"event_name":"Duplicator","floor":19,"gold_loss":0,"cards_obtained":["After Image"]},{"cards_removed":["Defend_G"],"damage_healed":0,"gold_gain":0,"player_choice":"Gave Gold","damage_taken":0,"max_hp_gain":0,"max_hp_loss":0,"event_name":"Beggar","floor":21,"gold_loss":75},{"damage_healed":0,"gold_gain":0,"player_choice":"Ignored","damage_taken":0,"max_hp_gain":0,"max_hp_loss":0,"event_name":"SecretPortal","floor":36,"gold_loss":0},{"cards_removed":["Defend_G"],"damage_healed":0,"gold_gain":0,"player_choice":"Removed Skill","damage_taken":0,"max_hp_gain":0,"max_hp_loss":0,"event_name":"Falling","floor":41,"gold_loss":0},{"damage_healed":19,"gold_gain":0,"player_choice":"Writhe","damage_taken":0,"max_hp_gain":0,"max_hp_loss":0,"event_name":"Winding Halls","floor":48,"gold_loss":0,"cards_obtained":["Writhe"]}],"is_beta":false,"boss_relics":[{"not_picked":["White Beast Statue","Snecko Eye"],"picked":"Coffee Dripper"},{"not_picked":["Empty Cage","Eternal Feather"],"picked":"Ring of the Serpent"}],"items_purged_floors":[20],"is_endless":false,"potions_floor_spawned":[1,2,14,18,27,29,31,39,45],"killed_by":"Time Eater","ascension_level":0}