{"gold_per_floor":[116,116,37,49,124,124,95,122,200,225,297,297,262,279,279,279],"floor_reached":16,"playtime":379,"items_purged":[],"score":249,"play_id":"3bc39cd6-51f4-4bb4-8a1a-06fbfeec026f","local_time":"20190310214834","is_ascension_mode":true,"campfire_choices":[{"data":"Corruption","floor":6,"key":"SMITH"},{"floor":12,"key":"REST"},{"data":"True Grit","floor":15,"key":"SMITH"}],"neow_cost":"NONE","seed_source_timestamp":186856032615022,"circlet_count":0,"master_deck":["AscendersBane","Strike_R+1","Strike_R","Strike_R+1","Strike_R","Strike_R","Defend_R","Defend_R","Defend_R","Defend_R","Bash","Clothesline","Corruption+1","Battle Trance","Armaments","Entrench","Warcry","True Grit+1"],"relics":["Burning Blood","NeowsBlessing","Turnip","Ornamental Fan","Whetstone"],"potions_floor_usage":[16],"damage_taken":[{"damage":0,"enemies":"Small Slimes","floor":1,"turns":1},{"damage":0,"enemies":"Jaw Worm","floor":4,"turns":1},{"damage":0,"enemies":"Lagavulin","floor":8,"turns":1},{"damage":61,"enemies":"3 Sentries","floor":10,"turns":15},{"damage":14,"enemies":"2 Louse","floor":14,"turns":2},{"damage":59,"enemies":"The Guardian","floor":16,"turns":10}],"seed_played":"6971789789239197786","potions_obtained":[{"floor":10,"key":"SkillPotion"},{"floor":14,"key":"SpeedPotion"}],"is_trial":false,"path_per_floor":["M","?","$","M","?","R","$","E","T","E","?","R","?","M","R","B"],"character_chosen":"IRONCLAD","items_purchased":["Corruption","Armaments"],"campfire_rested":1,"item_purchase_floors":[3,7],"current_hp_per_floor":[74,79,79,80,69,69,69,75,75,20,20,44,64,56,56,0],"gold":279,"neow_bonus":"THREE_ENEMY_KILL","is_prod":false,"is_daily":false,"chose_seed":false,"campfire_upgraded":2,"win_rate":0,"timestamp":1552214914,"path_taken":["M","?","$","M","?","R","$","E","T","E","?","R","?","M","R","BOSS"],"build_version":"2019-01-23","purchased_purges":0,"victory":false,"max_hp_per_floor":[75,80,80,80,80,80,80,80,80,80,80,80,80,80,80,80],"card_choices":[{"not_picked":["Pommel Strike","Twin Strike"],"picked":"Clothesline","floor":1},{"not_picked":["Perfected Strike","Heavy Blade"],"picked":"Battle Trance","floor":4},{"not_picked":["Iron Wave","Spot Weakness"],"picked":"Entrench","floor":8},{"not_picked":["Sever Soul","Rupture"],"picked":"Warcry","floor":10},{"not_picked":["Iron Wave","Heavy Blade"],"picked":"True Grit","floor":14}],"player_experience":829033,"relics_obtained":[{"floor":8,"key":"Turnip"},{"floor":9,"key":"Ornamental Fan"},{"floor":10,"key":"Whetstone"}],"event_choices":[{"damage_healed":0,"gold_gain":0,"player_choice":"Donut","damage_taken":0,"max_hp_gain":5,"max_hp_loss":0,"event_name":"Big Fish","floor":2,"gold_loss":0},{"damage_healed":0,"gold_gain":75,"player_choice":"Gather Gold","damage_taken":11,"max_hp_gain":0,"max_hp_loss":0,"event_name":"World of Goop","floor":5,"gold_loss":0},{"damage_healed":0,"gold_gain":72,"player_choice":"Gained Gold","damage_taken":0,"max_hp_gain":0,"max_hp_loss":0,"event_name":"Golden Wing","floor":11,"gold_loss":0},{"damage_healed":20,"gold_gain":0,"player_choice":"Healed","damage_taken":0,"max_hp_gain":0,"max_hp_loss":0,"event_name":"The Cleric","floor":13,"gold_loss":35}],"is_beta":false,"boss_relics":[],"items_purged_floors":[],"is_endless":false,"potions_floor_spawned":[10,14],"killed_by":"The Guardian","ascension_level":18}