{"gold_per_floor":[114,132,156,168,186,186,94,94,94,94,123,123,156,156,156,258,258,272,94,105,305,316,316,351,351,351,351,351,377,396,396,396,498,498,509,509,231,231,245,245],"floor_reached":40,"playtime":3510,"items_purged":[],"score":619,"play_id":"49784e0f-b0c5-4ec6-ba70-9831e664aba7","local_time":"20190208114830","is_ascension_mode":true,"campfire_choices":[{"floor":6,"key":"REST"},{"data":"Catalyst","floor":10,"key":"SMITH"},{"data":"Noxious Fumes","floor":12,"key":"SMITH"},{"floor":15,"key":"REST"},{"data":"After Image","floor":23,"key":"SMITH"},{"floor":25,"key":"REST"},{"floor":32,"key":"REST"}],"neow_cost":"NONE","seed_source_timestamp":271939263690053,"circlet_count":0,"master_deck":["Survivor","Neutralize","Noxious Fumes+1","Tactician","Acrobatics","Catalyst+1","Backflip","Bane","Masterful Stab","Blade Dance","Backflip","After Image+1","Flechettes","Sadistic Nature+1","PiercingWail+1","Cloak And Dagger","Choke+1","Deflect","Underhanded Strike+1","Blade Dance","Blur","Corpse Explosion","Night Terror","Leg Sweep","Terror","Expertise","Wraith Form v2","Catalyst","Leg Sweep","Heel Hook","A Thousand Cuts","Blade Dance+1","Noxious Fumes","Enlightenment","Catalyst+1","Dagger Throw+1"],"relics":["Ring of the Snake","Blood Vial","Happy Flower","Pantograph","Bag of Marbles","Dream Catcher","Blue Candle","Runic Pyramid","Question Card","Paper Crane","Matryoshka","Pandora\u0027s Box","Art of War"],"potions_floor_usage":[1,5,16,18,20,24,29,31,33,35],"damage_taken":[{"damage":2,"enemies":"Cultist","floor":1,"turns":4},{"damage":0,"enemies":"Jaw Worm","floor":2,"turns":5},{"damage":14,"enemies":"2 Louse","floor":4,"turns":3},{"damage":22,"enemies":"Lots of Slimes","floor":5,"turns":4},{"damage":22,"enemies":"3 Sentries","floor":11,"turns":8},{"damage":36,"enemies":"Lagavulin","floor":13,"turns":9},{"damage":35,"enemies":"The Guardian","floor":16,"turns":12},{"damage":0,"enemies":"2 Thieves","floor":18,"turns":4},{"damage":4,"enemies":"3 Byrds","floor":20,"turns":5},{"damage":17,"enemies":"Snake Plant","floor":22,"turns":6},{"damage":26,"enemies":"Book of Stabbing","floor":24,"turns":6},{"damage":10,"enemies":"Slavers","floor":29,"turns":7},{"damage":5,"enemies":"Chosen and Byrds","floor":30,"turns":6},{"damage":10,"enemies":"Colosseum Slavers","floor":31,"turns":4},{"damage":54,"enemies":"Automaton","floor":33,"turns":11},{"damage":23,"enemies":"3 Darklings","floor":35,"turns":4},{"damage":0,"enemies":"3 Shapes","floor":39,"turns":5},{"damage":66,"enemies":"Nemesis","floor":40,"turns":6}],"seed_played":"2188494574236940386","potions_obtained":[{"floor":1,"key":"Fruit Juice"},{"floor":2,"key":"LiquidBronze"},{"floor":4,"key":"Strength Potion"},{"floor":13,"key":"GamblersBrew"},{"floor":16,"key":"Fire Potion"},{"floor":18,"key":"Fire Potion"},{"floor":22,"key":"PowerPotion"},{"floor":24,"key":"SkillPotion"},{"floor":29,"key":"SpeedPotion"},{"floor":33,"key":"Block Potion"}],"is_trial":false,"path_per_floor":["M","M","T","M","M","R","$","?","T","R","E","R","E","T","R","B",null,"M","$","M","?","M","R","E","R","T","?","?","E","M","?","R","B",null,"M","?","$","?","M","E"],"character_chosen":"THE_SILENT","items_purchased":["Backflip","Bane","Sadistic Nature","Noxious Fumes","Enlightenment","Art of War"],"campfire_rested":4,"item_purchase_floors":[7,7,19,37,37,37],"current_hp_per_floor":[80,80,80,68,48,72,72,72,72,72,52,52,18,18,42,34,70,72,72,70,70,55,55,31,55,55,39,39,31,28,20,46,19,70,49,49,49,49,51,0],"gold":245,"neow_bonus":"TEN_PERCENT_HP_BONUS","is_prod":false,"is_daily":false,"chose_seed":false,"campfire_upgraded":3,"win_rate":0,"timestamp":1549597710,"path_taken":["M","?","?","M","?","R","$","?","T","R","E","R","E","?","R","BOSS","M","$","M","?","?","R","E","R","T","?","?","E","?","?","R","BOSS","M","?","$","?","?","E"],"build_version":"2019-01-23","purchased_purges":0,"victory":false,"max_hp_per_floor":[82,82,82,82,82,82,82,82,82,82,82,82,82,82,82,82,82,82,82,82,82,82,82,82,82,82,87,87,87,87,87,87,87,87,87,87,87,87,87,87],"card_choices":[{"not_picked":["Distraction","Acrobatics"],"picked":"Noxious Fumes","floor":1},{"not_picked":["Quick Slash","Calculated Gamble"],"picked":"Tactician","floor":2},{"not_picked":["Deflect","Backstab"],"picked":"Acrobatics","floor":4},{"not_picked":["Slice","Deflect"],"picked":"Catalyst","floor":5},{"not_picked":["Calculated Gamble","Backstab"],"picked":"Masterful Stab","floor":11},{"not_picked":["Eviscerate","Heel Hook"],"picked":"Blade Dance","floor":13},{"not_picked":["Glass Knife","Cloak And Dagger"],"picked":"Backflip","floor":15},{"not_picked":["Glass Knife","Storm of Steel"],"picked":"After Image","floor":16},{"not_picked":["Dagger Throw","Terror+1"],"picked":"Flechettes","floor":18},{"not_picked":["Terror","Slice"],"picked":"PiercingWail+1","floor":20},{"not_picked":["Backflip+1","Prepared+1"],"picked":"Cloak And Dagger","floor":22},{"not_picked":["Calculated Gamble+1","Terror"],"picked":"Choke+1","floor":24},{"not_picked":["Acrobatics","Dagger Throw","PiercingWail"],"picked":"Deflect","floor":25},{"not_picked":["Bouncing Flask+1","Reflex","Dash"],"picked":"Underhanded Strike+1","floor":29},{"not_picked":["Dash+1","Setup","Calculated Gamble"],"picked":"Blade Dance","floor":30},{"not_picked":["Dodge and Roll+1","Backflip","Setup"],"picked":"Blur","floor":32},{"not_picked":["Storm of Steel","Venomology","Night Terror"],"picked":"Corpse Explosion","floor":33},{"not_picked":["Flying Knee","Heel Hook","Well Laid Plans+1"],"picked":"Blade Dance+1","floor":35},{"not_picked":["Masterful Stab","Deflect","Acrobatics+1"],"picked":"Dagger Throw+1","floor":39}],"player_experience":676788,"relics_obtained":[{"floor":3,"key":"Blood Vial"},{"floor":9,"key":"Pantograph"},{"floor":11,"key":"Bag of Marbles"},{"floor":13,"key":"Dream Catcher"},{"floor":14,"key":"Blue Candle"},{"floor":24,"key":"Question Card"},{"floor":26,"key":"Paper Crane"},{"floor":29,"key":"Matryoshka"}],"event_choices":[{"damage_healed":0,"gold_gain":0,"player_choice":"Searched \u00272\u0027 times","damage_taken":0,"relics_obtained":["Happy Flower"],"max_hp_gain":0,"max_hp_loss":0,"event_name":"Dead Adventurer","floor":8,"gold_loss":0},{"damage_healed":0,"gold_gain":200,"player_choice":"Gold","damage_taken":0,"max_hp_gain":0,"max_hp_loss":0,"event_name":"Wheel of Change","floor":21,"gold_loss":0},{"damage_healed":0,"gold_gain":0,"player_choice":"Shed Blood","damage_taken":21,"max_hp_gain":5,"max_hp_loss":0,"event_name":"Forgotten Altar","floor":27,"gold_loss":0},{"damage_healed":0,"gold_gain":0,"player_choice":"Forge","damage_taken":0,"max_hp_gain":0,"max_hp_loss":0,"event_name":"Accursed Blacksmith","floor":28,"gold_loss":0,"cards_upgraded":["Sadistic Nature"]},{"damage_healed":0,"gold_gain":0,"player_choice":"Fight","damage_taken":0,"max_hp_gain":0,"max_hp_loss":0,"event_name":"Colosseum","floor":31,"gold_loss":0},{"damage_healed":0,"gold_gain":0,"player_choice":"Fled From Nobs","damage_taken":0,"max_hp_gain":0,"max_hp_loss":0,"event_name":"Colosseum","floor":31,"gold_loss":0},{"cards_removed":["Wraith Form v2"],"damage_healed":0,"gold_gain":0,"player_choice":"Removed Power","damage_taken":0,"max_hp_gain":0,"max_hp_loss":0,"event_name":"Falling","floor":36,"gold_loss":0},{"damage_healed":0,"gold_gain":0,"player_choice":"Copied","damage_taken":0,"max_hp_gain":0,"max_hp_loss":0,"event_name":"Duplicator","floor":38,"gold_loss":0,"cards_obtained":["Catalyst"]}],"is_beta":false,"boss_relics":[{"not_picked":["Ring of the Serpent","Orrery"],"picked":"Runic Pyramid"},{"not_picked":["WristBlade","Empty Cage"],"picked":"Pandora\u0027s Box"}],"items_purged_floors":[],"is_endless":false,"potions_floor_spawned":[1,2,4,13,16,18,22,24,29,33],"killed_by":"Nemesis","ascension_level":5}