{"gold_per_floor":[109,209,84,99,118,118,138,154,154,180,197,214,228,243,243,339,339,359,378,293,293,256,256,267,297,374,374,351,364,364,378,378,378],"floor_reached":33,"playtime":2382,"items_purged":["Strike_R"],"score":273,"play_id":"8f8168c4-fcfb-4c39-868f-041c1457b897","local_time":"20190807183912","is_ascension_mode":false,"campfire_choices":[{"floor":6,"key":"RECALL"},{"data":"Armaments","floor":15,"key":"SMITH"},{"data":"Bludgeon","floor":23,"key":"SMITH"},{"floor":27,"key":"REST"},{"floor":32,"key":"REST"}],"neow_cost":"NONE","seed_source_timestamp":148573184599103,"circlet_count":0,"master_deck":["Defend_R","Defend_R","Defend_R","Cleave","Armaments+1","Wild Strike","Headbutt","Bludgeon+1","Inflame","Flame Barrier","Berserk","Shrug It Off","Intimidate","Rage","Carnage","Armaments","True Grit+1","Blood for Blood","Body Slam"],"relics":["Burning Blood","Bottled Lightning","Empty Cage","Calipers","Ice Cream","Tiny Chest"],"potions_floor_usage":[16,25,29],"damage_taken":[{"damage":5,"enemies":"2 Louse","floor":1,"turns":5},{"damage":6,"enemies":"Cultist","floor":4,"turns":3},{"damage":7,"enemies":"Small Slimes","floor":5,"turns":3},{"damage":3,"enemies":"Exordium Wildlife","floor":7,"turns":4},{"damage":0,"enemies":"Large Slime","floor":8,"turns":5},{"damage":26,"enemies":"3 Sentries","floor":10,"turns":8},{"damage":10,"enemies":"Red Slaver","floor":11,"turns":6},{"damage":10,"enemies":"Exordium Thugs","floor":12,"turns":5},{"damage":6,"enemies":"Large Slime","floor":13,"turns":3},{"damage":2,"enemies":"Blue Slaver","floor":14,"turns":4},{"damage":35,"enemies":"The Guardian","floor":16,"turns":13},{"damage":27,"enemies":"Shell Parasite","floor":18,"turns":5},{"damage":18,"enemies":"Spheric Guardian","floor":19,"turns":4},{"damage":15,"enemies":"Snake Plant","floor":24,"turns":4},{"damage":48,"enemies":"Book of Stabbing","floor":25,"turns":6},{"damage":15,"enemies":"Shelled Parasite and Fungi","floor":29,"turns":9},{"damage":10,"enemies":"Snecko","floor":31,"turns":6},{"damage":53,"enemies":"Champ","floor":33,"turns":11}],"seed_played":"-8562925912262721783","potions_obtained":[{"floor":4,"key":"PowerPotion"},{"floor":8,"key":"SteroidPotion"},{"floor":12,"key":"Ancient Potion"},{"floor":14,"key":"FairyPotion"},{"floor":18,"key":"Strength Potion"}],"is_trial":false,"path_per_floor":["M","?","$","M","M","R","M","M","T","E","M","M","M","M","R","B",null,"M","M","?","?","$","R","M","E","T","R","$","M","?","M","R","B"],"character_chosen":"IRONCLAD","items_purchased":["Armaments","Carnage","Armaments"],"campfire_rested":2,"item_purchase_floors":[3,22,28],"current_hp_per_floor":[80,80,80,80,79,79,80,80,80,60,56,52,52,56,56,27,80,59,47,47,47,47,47,38,8,8,32,32,23,23,19,43,0],"gold":378,"neow_bonus":"REMOVE_CARD","is_prod":false,"is_daily":false,"chose_seed":false,"campfire_upgraded":2,"win_rate":0,"timestamp":1565217552,"path_taken":["M","?","$","M","?","R","M","M","T","E","M","M","M","M","R","BOSS","M","?","?","?","$","R","M","E","T","R","?","M","?","M","R","BOSS"],"build_version":"2019-07-17","purchased_purges":1,"victory":false,"max_hp_per_floor":[80,80,80,80,80,80,80,80,80,80,80,80,80,80,80,80,80,80,80,80,80,80,80,80,80,80,80,80,80,80,80,80,80],"card_choices":[{"not_picked":["Bloodletting","Clothesline"],"picked":"Cleave","floor":1},{"not_picked":["Anger","Clash","Perfected Strike"],"picked":"SKIP","floor":4},{"not_picked":["Reckless Charge","Iron Wave"],"picked":"Wild Strike","floor":5},{"not_picked":["Infernal Blade","Thunderclap","Havoc"],"picked":"SKIP","floor":7},{"not_picked":["Perfected Strike","Clash"],"picked":"Headbutt","floor":8},{"not_picked":["Heavy Blade","Sentinel","Twin Strike"],"picked":"SKIP","floor":10},{"not_picked":["Feel No Pain","Pommel Strike","Armaments"],"picked":"SKIP","floor":11},{"not_picked":["Clash","Corruption"],"picked":"Bludgeon","floor":12},{"not_picked":["Clothesline","Sword Boomerang"],"picked":"Inflame","floor":13},{"not_picked":["Clothesline","Evolve"],"picked":"Flame Barrier","floor":14},{"not_picked":["Demon Form","Exhume"],"picked":"Berserk","floor":16},{"not_picked":["Warcry+1","Pommel Strike","Wild Strike"],"picked":"SKIP","floor":18},{"not_picked":["Battle Trance","Heavy Blade"],"picked":"Shrug It Off","floor":19},{"not_picked":["Thunderclap","Cleave","Clothesline"],"picked":"SKIP","floor":24},{"not_picked":["Corruption","True Grit","Anger"],"picked":"SKIP","floor":25},{"not_picked":["Second Wind","Battle Trance"],"picked":"True Grit+1","floor":29},{"not_picked":["Searing Blow","Spot Weakness"],"picked":"Body Slam","floor":31}],"player_experience":67899,"relics_obtained":[{"floor":10,"key":"Bottled Lightning"},{"floor":25,"key":"Ice Cream"},{"floor":26,"key":"Tiny Chest"}],"event_choices":[{"damage_healed":0,"gold_gain":100,"player_choice":"Gold","damage_taken":0,"max_hp_gain":0,"max_hp_loss":0,"event_name":"Wheel of Change","floor":2,"gold_loss":0},{"damage_healed":0,"gold_gain":0,"player_choice":"Obtained Relic","damage_taken":0,"relics_obtained":["Calipers"],"max_hp_gain":0,"max_hp_loss":0,"event_name":"Addict","floor":20,"gold_loss":85},{"damage_healed":0,"gold_gain":0,"cards_transformed":["Defend_R","Strike_R"],"player_choice":"Became Test Subject","damage_taken":0,"max_hp_gain":0,"max_hp_loss":0,"event_name":"Drug Dealer","floor":21,"gold_loss":0,"cards_obtained":["Intimidate","Rage"]},{"damage_healed":0,"gold_gain":0,"cards_transformed":["Bash"],"player_choice":"Transformed","damage_taken":0,"max_hp_gain":0,"max_hp_loss":0,"event_name":"Transmorgrifier","floor":30,"gold_loss":0,"cards_obtained":["Blood for Blood"]}],"is_beta":false,"boss_relics":[{"not_picked":["Calling Bell","Tiny House"],"picked":"Empty Cage"}],"items_purged_floors":[3],"is_endless":false,"potions_floor_spawned":[4,8,12,13,14,18,19],"killed_by":"Champ","ascension_level":0}