{"gold_per_floor":[113,113,213,227,242,242,22,36,60,87,98,98,108,128,128,229,229,243,243],"floor_reached":19,"playtime":770,"items_purged":[],"score":265,"play_id":"cae7aaa5-c130-46bd-a057-0312acd9bc67","local_time":"20190202152312","is_ascension_mode":true,"campfire_choices":[{"floor":6,"key":"REST"},{"floor":15,"key":"REST"}],"neow_cost":"NONE","seed_source_timestamp":26342411658623,"circlet_count":0,"master_deck":["Strike_B","Strike_B","Strike_B","Defend_B+1","Defend_B","Defend_B","Defend_B+1","Zap","Dualcast","Gash","Force Field","BootSequence","Panache","Sweeping Beam","Buffer","Streamline","Gash","Go for the Eyes","Rip and Tear","Seek","Regret","Writhe","Pain","Stack+1"],"relics":["Cracked Core","War Paint","Art of War","Oddly Smooth Stone","Bronze Scales","Calling Bell","Regal Pillow","Ornamental Fan","Peace Pipe"],"potions_floor_usage":[16],"damage_taken":[{"damage":12,"enemies":"Jaw Worm","floor":1,"turns":3},{"damage":0,"enemies":"Small Slimes","floor":4,"turns":3},{"damage":0,"enemies":"Cultist","floor":5,"turns":3},{"damage":18,"enemies":"Gremlin Gang","floor":8,"turns":4},{"damage":0,"enemies":"Lagavulin","floor":10,"turns":9},{"damage":3,"enemies":"3 Louse","floor":11,"turns":3},{"damage":5,"enemies":"Red Slaver","floor":13,"turns":4},{"damage":10,"enemies":"Exordium Wildlife","floor":14,"turns":3},{"damage":49,"enemies":"Slime Boss","floor":16,"turns":9},{"damage":48,"enemies":"Shell Parasite","floor":18,"turns":7},{"damage":13,"enemies":"Spheric Guardian","floor":19,"turns":2}],"seed_played":"-8077936857850848869","potions_obtained":[{"floor":1,"key":"FocusPotion"},{"floor":8,"key":"Dexterity Potion"},{"floor":11,"key":"EssenceOfSteel"},{"floor":16,"key":"Strength Potion"}],"is_trial":false,"path_per_floor":["M","?","?","M","M","R","$","M","T","E","M","?","M","M","R","B",null,"M","M"],"character_chosen":"DEFECT","items_purchased":["Panache","Sweeping Beam"],"campfire_rested":2,"item_purchase_floors":[7,7],"current_hp_per_floor":[56,44,44,44,44,66,66,48,48,48,45,45,40,30,52,3,57,9,0],"gold":243,"neow_bonus":"RANDOM_COMMON_RELIC","is_prod":false,"is_daily":false,"chose_seed":false,"campfire_upgraded":0,"win_rate":0,"timestamp":1549092192,"path_taken":["M","?","?","?","?","R","$","M","T","E","M","?","M","?","R","BOSS","M","M"],"build_version":"2019-01-23","purchased_purges":0,"victory":false,"max_hp_per_floor":[75,75,75,75,75,75,75,75,75,75,75,75,75,75,75,75,75,75,75],"card_choices":[{"not_picked":["Rebound","Glacier"],"picked":"Gash","floor":1},{"not_picked":["Steam","Skim"],"picked":"Force Field","floor":4},{"not_picked":["Auto Shields","Hologram"],"picked":"BootSequence","floor":5},{"not_picked":["Genetic Algorithm","Ball Lightning"],"picked":"Buffer","floor":8},{"not_picked":["Tempest","Beam Cell"],"picked":"Streamline","floor":10},{"not_picked":["Steam","Steam Power"],"picked":"Gash","floor":11},{"not_picked":["Coolheaded","Redo"],"picked":"Go for the Eyes","floor":13},{"not_picked":["Rainbow","Streamline"],"picked":"Rip and Tear","floor":14},{"not_picked":["Amplify","Thunder Strike"],"picked":"Seek","floor":16},{"not_picked":["Steam Power+1","Compile Driver"],"picked":"Stack+1","floor":18}],"player_experience":603495,"relics_obtained":[{"floor":9,"key":"Oddly Smooth Stone"},{"floor":10,"key":"Bronze Scales"},{"floor":17,"key":"Regal Pillow"},{"floor":17,"key":"Ornamental Fan"},{"floor":17,"key":"Peace Pipe"}],"event_choices":[{"damage_healed":0,"gold_gain":0,"player_choice":"Success","damage_taken":12,"relics_obtained":["Art of War"],"max_hp_gain":0,"max_hp_loss":0,"event_name":"Scrap Ooze","floor":2,"gold_loss":0},{"damage_healed":0,"gold_gain":100,"player_choice":"Pray","damage_taken":0,"max_hp_gain":0,"max_hp_loss":0,"event_name":"Golden Shrine","floor":3,"gold_loss":0},{"cards_removed":["Strike_B"],"damage_healed":0,"gold_gain":0,"player_choice":"Purged","damage_taken":0,"max_hp_gain":0,"max_hp_loss":0,"event_name":"Purifier","floor":12,"gold_loss":0}],"is_beta":false,"boss_relics":[{"not_picked":["Sozu","Snecko Eye"],"picked":"Calling Bell"}],"items_purged_floors":[],"is_endless":false,"potions_floor_spawned":[1,8,11,16],"killed_by":"Spheric Guardian","ascension_level":7}