{"gold_per_floor":[111,111,111,111,129,170,185,204,252,252,275,275,294,313,313,406,406,430,430,453,466,307,307,330,330],"floor_reached":25,"playtime":841,"items_purged":["Strike_B"],"score":464,"play_id":"686b7930-a9b0-4644-9bbe-dd178428ca20","local_time":"20190524231859","is_ascension_mode":true,"campfire_choices":[{"data":"Defragment","floor":10,"key":"SMITH"},{"data":"Loop","floor":12,"key":"SMITH"},{"floor":15,"key":"REST"},{"data":"Turbo","floor":23,"key":"SMITH"}],"neow_cost":"NONE","seed_source_timestamp":303595822876293,"circlet_count":0,"master_deck":["AscendersBane","Strike_B","Strike_B+1","Strike_B","Defend_B","Defend_B+1","Defend_B","Defend_B","Zap","Dualcast","Streamline+1","Turbo+1","Defragment+1","Defragment","Loop+1","Reinforced Body","Ball Lightning","Electrodynamics","Skim","Defragment+1","Meteor Strike","Self Repair"],"relics":["FrozenCore","NeowsBlessing","Golden Idol","Question Card","Orichalcum"],"potions_floor_usage":[11,18,21],"damage_taken":[{"damage":0,"enemies":"2 Louse","floor":1,"turns":1},{"damage":0,"enemies":"Small Slimes","floor":5,"turns":1},{"damage":0,"enemies":"3 Sentries","floor":6,"turns":1},{"damage":1,"enemies":"Cultist","floor":7,"turns":3},{"damage":4,"enemies":"Looter","floor":8,"turns":3},{"damage":0,"enemies":"Gremlin Gang","floor":11,"turns":3},{"damage":12,"enemies":"Exordium Wildlife","floor":13,"turns":3},{"damage":11,"enemies":"2 Fungi Beasts","floor":14,"turns":3},{"damage":32,"enemies":"The Guardian","floor":16,"turns":10},{"damage":9,"enemies":"Shell Parasite","floor":18,"turns":6},{"damage":4,"enemies":"3 Byrds","floor":20,"turns":3},{"damage":17,"enemies":"Shelled Parasite and Fungi","floor":21,"turns":6},{"damage":12,"enemies":"Centurion and Healer","floor":24,"turns":9},{"damage":17,"enemies":"Gremlin Leader","floor":25,"turns":1}],"seed_played":"-1353439345808881268","potions_obtained":[{"floor":6,"key":"Explosive Potion"},{"floor":8,"key":"Ancient Potion"},{"floor":14,"key":"Weak Potion"},{"floor":20,"key":"Weak Potion"}],"is_trial":false,"path_per_floor":["M","?","?","?","M","E","M","M","T","R","M","R","M","M","R","B",null,"M","?","M","M","$","R","M","E"],"character_chosen":"DEFECT","items_purchased":["Self Repair"],"campfire_rested":1,"item_purchase_floors":[22],"current_hp_per_floor":[64,64,45,45,45,45,44,40,40,40,40,40,28,17,36,4,49,40,40,36,19,19,19,14,0],"gold":330,"neow_bonus":"THREE_ENEMY_KILL","is_prod":false,"is_daily":false,"chose_seed":false,"campfire_upgraded":3,"win_rate":0,"timestamp":1558711139,"path_taken":["M","?","?","?","?","E","M","M","T","R","M","R","M","M","R","BOSS","M","?","M","M","$","R","?","E"],"build_version":"2019-01-23","purchased_purges":1,"victory":false,"max_hp_per_floor":[71,64,64,64,64,64,64,64,64,64,64,64,64,64,64,64,64,64,64,64,64,64,64,64,64],"card_choices":[{"not_picked":["Undo","Steam Power"],"picked":"Streamline","floor":1},{"not_picked":["Leap","Conserve Battery","Redo"],"picked":"SKIP","floor":5},{"not_picked":["All For One","Storm"],"picked":"Turbo","floor":6},{"not_picked":["Double Energy","Leap","Sweeping Beam"],"picked":"Defragment","floor":7},{"not_picked":["Rebound","Sweeping Beam","Auto Shields"],"picked":"Defragment","floor":8},{"not_picked":["Go for the Eyes","Leap","Beam Cell"],"picked":"Loop","floor":11},{"not_picked":["Sweeping Beam","Compile Driver","Fusion"],"picked":"Reinforced Body","floor":13},{"not_picked":["Leap","Sweeping Beam","Redo"],"picked":"Ball Lightning","floor":14},{"not_picked":["Thunder Strike","Amplify","Buffer"],"picked":"Electrodynamics","floor":16},{"not_picked":["Ball Lightning","Melter","Self Repair"],"picked":"Skim","floor":18},{"not_picked":["Beam Cell","Compile Driver","Static Discharge","Cold Snap"],"picked":"SKIP","floor":20},{"not_picked":["Doom and Gloom","Rebound+1","Compile Driver"],"picked":"Meteor Strike","floor":21},{"not_picked":["Darkness+1","Beam Cell","Leap","Blizzard"],"picked":"SKIP","floor":24}],"player_experience":940439,"relics_obtained":[{"floor":6,"key":"Question Card"},{"floor":9,"key":"Orichalcum"}],"event_choices":[{"damage_healed":0,"gold_gain":0,"player_choice":"Lose Max HP","damage_taken":0,"relics_obtained":["Golden Idol"],"max_hp_gain":0,"max_hp_loss":7,"event_name":"Golden Idol","floor":2,"gold_loss":0},{"damage_healed":0,"gold_gain":0,"player_choice":"Entered Light","damage_taken":19,"max_hp_gain":0,"max_hp_loss":0,"event_name":"Shining Light","floor":3,"gold_loss":0,"cards_upgraded":["Strike_B","Defend_B"]},{"damage_healed":0,"gold_gain":0,"player_choice":"Upgraded","damage_taken":0,"max_hp_gain":0,"max_hp_loss":0,"event_name":"Upgrade Shrine","floor":4,"gold_loss":0,"cards_upgraded":["Streamline"]},{"damage_healed":0,"gold_gain":0,"player_choice":"Copied","damage_taken":0,"max_hp_gain":0,"max_hp_loss":0,"event_name":"Duplicator","floor":19,"gold_loss":0,"cards_obtained":["Defragment"]}],"is_beta":false,"boss_relics":[{"not_picked":["Ectoplasm","Philosopher\u0027s Stone"],"picked":"FrozenCore"}],"items_purged_floors":[22],"is_endless":false,"potions_floor_spawned":[6,8,14,20],"killed_by":"Gremlin Leader","ascension_level":20}