{"gold_per_floor":[117,135,135,60,60,88,13,13],"floor_reached":8,"playtime":88,"items_purged":["Strike_R"],"score":158,"play_id":"59bdc33e-4c1a-4e6a-a7f0-567a61766a41","local_time":"20190702143456","is_ascension_mode":true,"campfire_choices":[],"neow_cost":"NONE","seed_source_timestamp":79706867903393,"circlet_count":0,"master_deck":["AscendersBane","Strike_R","Strike_R","Strike_R","Defend_R","Defend_R+1","Defend_R","Defend_R+1","Bash","Body Slam+1"],"special_seed":0,"relics":["Burning Blood","NeowsBlessing","Anchor"],"potions_floor_usage":[],"damage_taken":[{"damage":0.0,"enemies":"Jaw Worm","floor":1.0,"turns":1.0},{"damage":0.0,"enemies":"2 Louse","floor":2.0,"turns":1.0},{"damage":0,"enemies":"Lagavulin","floor":6,"turns":1},{"damage":0,"enemies":"Gremlin Nob","floor":8,"turns":1}],"seed_played":"-3029125738415104784","potions_obtained":[{"floor":2.0,"key":"EssenceOfSteel"}],"is_trial":false,"path_per_floor":["M","M","?","$","?","E","?","E"],"character_chosen":"IRONCLAD","items_purchased":[],"campfire_rested":0,"item_purchase_floors":[],"current_hp_per_floor":[74,75,52,52,52,58,58,58],"gold":13,"neow_bonus":"THREE_ENEMY_KILL","is_prod":false,"is_daily":false,"chose_seed":false,"campfire_upgraded":0,"win_rate":0,"timestamp":1562049296,"path_taken":["M","M","?","$","?","E","?","E"],"build_version":"2019-07-01","purchased_purges":1,"victory":false,"max_hp_per_floor":[75,75,75,75,75,75,75,75],"card_choices":[{"not_picked":["Pommel Strike","Hemokinesis"],"picked":"Body Slam","floor":1.0},{"not_picked":["Havoc","Searing Blow","Fire Breathing"],"picked":"SKIP","floor":2.0},{"not_picked":["Sentinel","Clash","Blood for Blood"],"picked":"SKIP","floor":6}],"player_experience":1044299,"relics_obtained":[{"floor":6,"key":"Anchor"}],"event_choices":[{"damage_healed":0.0,"max_hp_gain":0.0,"max_hp_loss":0.0,"gold_gain":0.0,"event_name":"Shining Light","player_choice":"Entered Light","floor":3.0,"gold_loss":0.0,"damage_taken":23.0,"cards_upgraded":["Defend_R","Defend_R"]},{"damage_healed":0,"gold_gain":0,"player_choice":"Grow","damage_taken":0,"max_hp_gain":0,"max_hp_loss":0,"event_name":"Living Wall","floor":5,"gold_loss":0,"cards_upgraded":["Body Slam"]},{"cards_removed":["Strike_R"],"damage_healed":0,"gold_gain":0,"player_choice":"Card Removal","damage_taken":0,"max_hp_gain":0,"max_hp_loss":0,"event_name":"The Cleric","floor":7,"gold_loss":75}],"is_beta":false,"boss_relics":[],"items_purged_floors":[4],"is_endless":false,"potions_floor_spawned":[2],"killed_by":"Gremlin Nob","ascension_level":20}