{"gold_per_floor":[117,67,67,90,165,206,33,56,81,29,47,63,63,79,79,79],"floor_reached":16,"playtime":313,"items_purged":["Strike_R"],"score":127,"play_id":"a99b622a-ccea-4f92-8805-19cd6005ddc7","local_time":"20190520165005","is_ascension_mode":false,"campfire_choices":[{"data":"Flex","floor":13,"key":"SMITH"},{"data":"Sword Boomerang","floor":15,"key":"SMITH"}],"neow_cost":"NONE","seed_source_timestamp":322614415329398,"circlet_count":0,"master_deck":["Strike_R","Strike_R","Strike_R","Defend_R","Defend_R","Defend_R","Defend_R","Bash","Flex+1","Sword Boomerang+1"],"relics":["Burning Blood","NeowsBlessing","Golden Idol","Strawberry","Anchor"],"potions_floor_usage":[16,16],"damage_taken":[{"damage":0,"enemies":"2 Louse","floor":1,"turns":1},{"damage":0,"enemies":"Jaw Worm","floor":4,"turns":1},{"damage":0,"enemies":"3 Sentries","floor":6,"turns":2},{"damage":0,"enemies":"Small Slimes","floor":8,"turns":3},{"damage":14,"enemies":"Blue Slaver","floor":11,"turns":3},{"damage":6,"enemies":"Red Slaver","floor":12,"turns":4},{"damage":0,"enemies":"Looter","floor":14,"turns":2},{"damage":85,"enemies":"Slime Boss","floor":16,"turns":12}],"seed_played":"-404996583169525838","potions_obtained":[{"floor":6,"key":"Energy Potion"},{"floor":12,"key":"SpeedPotion"}],"is_trial":false,"path_per_floor":["M","?","?","M","?","E","$","M","T","$","M","M","R","M","R","B"],"character_chosen":"IRONCLAD","items_purchased":["Flex","Sword Boomerang","SteroidPotion"],"campfire_rested":0,"item_purchase_floors":[7,7,10],"current_hp_per_floor":[80,80,74,74,63,76,76,81,81,81,73,73,73,79,79,0],"gold":79,"neow_bonus":"THREE_ENEMY_KILL","is_prod":false,"is_daily":false,"chose_seed":false,"campfire_upgraded":2,"win_rate":0,"timestamp":1558342205,"path_taken":["M","?","?","M","?","E","$","M","T","?","M","?","R","M","R","BOSS"],"build_version":"2019-01-23","purchased_purges":1,"victory":false,"max_hp_per_floor":[80,80,74,74,74,81,81,81,81,81,81,81,81,81,81,81],"card_choices":[{"not_picked":["Pommel Strike","Bloodletting","Perfected Strike"],"picked":"SKIP","floor":1},{"not_picked":["Flex","Wild Strike","Pummel"],"picked":"SKIP","floor":4},{"not_picked":["True Grit","Wild Strike","Armaments"],"picked":"SKIP","floor":6},{"not_picked":["Rupture","Rage","Shrug It Off"],"picked":"SKIP","floor":8},{"not_picked":["Twin Strike","Clothesline","Reckless Charge"],"picked":"SKIP","floor":11},{"not_picked":["Clash","Clothesline","Fire Breathing"],"picked":"SKIP","floor":12},{"not_picked":["Anger","True Grit","Warcry"],"picked":"SKIP","floor":14}],"player_experience":901016,"relics_obtained":[{"floor":6,"key":"Strawberry"},{"floor":9,"key":"Anchor"}],"event_choices":[{"cards_removed":["Strike_R"],"damage_healed":0,"gold_gain":0,"player_choice":"Card Removal","damage_taken":0,"max_hp_gain":0,"max_hp_loss":0,"event_name":"The Cleric","floor":2,"gold_loss":50},{"damage_healed":0,"gold_gain":0,"player_choice":"Lose Max HP","damage_taken":0,"relics_obtained":["Golden Idol"],"max_hp_gain":0,"max_hp_loss":6,"event_name":"Golden Idol","floor":3,"gold_loss":0},{"damage_healed":0,"gold_gain":75,"player_choice":"Gather Gold","damage_taken":11,"max_hp_gain":0,"max_hp_loss":0,"event_name":"World of Goop","floor":5,"gold_loss":0}],"is_beta":false,"boss_relics":[],"items_purged_floors":[7],"is_endless":false,"potions_floor_spawned":[6,12],"killed_by":"Slime Boss","ascension_level":0}