{"gold_per_floor":[115,115,135,135,158,198,33,64,90,133,133,208,229,229,229,355,355,375,390,178,178,4,4,37,37,89,89,214,36,67,103,103,228,228,241,33,47,1046,1062,1062,1085,1129,1205,1205,1205,1538,1538,209,209,209],"floor_reached":51,"playtime":4934,"items_purged":["Defend_B","Strike_B","Strike_B","Strike_B"],"score":940,"play_id":"8ea5f0cb-7e1a-4c0e-baa3-fd220a0ca65f","local_time":"20190804061310","is_ascension_mode":true,"campfire_choices":[{"floor":11.0,"key":"REST"},{"floor":15.0,"key":"REST"},{"floor":23.0,"key":"REST"},{"data":"1","floor":32.0,"key":"LIFT"},{"data":"2","floor":40,"key":"LIFT"},{"data":"3","floor":44,"key":"LIFT"},{"floor":49,"key":"REST"}],"neow_cost":"NONE","seed_source_timestamp":0,"circlet_count":0,"master_deck":["Zap","Dualcast","Cold Snap+1","Coolheaded","Sweeping Beam","Magnetism","Beam Cell+1","Loop","Genetic Algorithm","Buffer","Reboot","Coolheaded+1","Consume","Defragment","Capacitor","Melter","Glacier","Defragment","Self Repair","Steam+1","RitualDagger","Fission","Heatsinks","Capacitor","Barrage","Amplify","Cold Snap+1","FTL","Hologram+1","Storm","Storm","Flash of Steel","Rip and Tear","Secret Technique+1","Mind Blast","Impatience+1"],"special_seed":0,"relics":["Fusion Hammer","Pen Nib","Vajra","The Courier","Centennial Puzzle","Omamori","Empty Cage","Shuriken","Meat on the Bone","Smiling Mask","Girya","Ornamental Fan","Bag of Preparation","Red Mask","White Beast Statue","Strange Spoon","Toxic Egg 2","Pear","Medical Kit","Whetstone","Lantern","Art of War","Calipers"],"potions_floor_usage":[50,50,50],"damage_taken":[{"damage":0.0,"enemies":"Small Slimes","floor":1.0,"turns":3.0},{"damage":0.0,"enemies":"Jaw Worm","floor":3.0,"turns":4.0},{"damage":0.0,"enemies":"Cultist","floor":5.0,"turns":3.0},{"damage":6.0,"enemies":"3 Sentries","floor":6.0,"turns":10.0},{"damage":25.0,"enemies":"Gremlin Nob","floor":8.0,"turns":4.0},{"damage":6.0,"enemies":"3 Sentries","floor":10.0,"turns":6.0},{"damage":1.0,"enemies":"Looter","floor":13.0,"turns":2.0},{"damage":37.0,"enemies":"Slime Boss","floor":16.0,"turns":8.0},{"damage":25.0,"enemies":"Spheric Guardian","floor":18.0,"turns":6.0},{"damage":8.0,"enemies":"Shell Parasite","floor":19.0,"turns":6.0},{"damage":0.0,"enemies":"Gremlin Leader","floor":24.0,"turns":10.0},{"damage":24.0,"enemies":"Colosseum Slavers","floor":28.0,"turns":6.0},{"damage":14.0,"enemies":"Colosseum Nobs","floor":28.0,"turns":6.0},{"damage":3.0,"enemies":"Book of Stabbing","floor":30.0,"turns":10.0},{"damage":19.0,"enemies":"Masked Bandits","floor":31.0,"turns":6.0},{"damage":8.0,"enemies":"Champ","floor":33.0,"turns":12.0},{"damage":0.0,"enemies":"Orb Walker","floor":35.0,"turns":7.0},{"damage":5,"enemies":"3 Shapes","floor":37,"turns":3},{"damage":34,"enemies":"Spire Growth","floor":39,"turns":6},{"damage":1,"enemies":"Sphere and 2 Shapes","floor":41,"turns":3},{"damage":15,"enemies":"Nemesis","floor":42,"turns":11},{"damage":25,"enemies":"Time Eater","floor":50,"turns":7}],"seed_played":"3167552599186949377","potions_obtained":[{"floor":5.0,"key":"GamblersBrew"},{"floor":6.0,"key":"Dexterity Potion"},{"floor":8.0,"key":"Energy Potion"},{"floor":10.0,"key":"LiquidBronze"},{"floor":13.0,"key":"Strength Potion"},{"floor":28.0,"key":"Strength Potion"},{"floor":30.0,"key":"EssenceOfSteel"},{"floor":35.0,"key":"Dexterity Potion"},{"floor":37,"key":"Swift Potion"},{"floor":39,"key":"SteroidPotion"}],"is_trial":false,"path_per_floor":["M","?","M","?","M","E","$","E","T","E","R","?","M","?","R","B",null,"M","M","$","T","$","R","E","?","T","?","?","$","E","?","R","B",null,"M","$","M","?","M","R","M","E","T","R","?","?","?","$","R","B",null],"character_chosen":"DEFECT","items_purchased":["Magnetism","Defragment","Capacitor","Melter","Glacier","Defragment","Self Repair","Heatsinks","Capacitor","Strange Spoon","Medical Kit","Whetstone","Lantern","Art of War","Calipers","Storm","Storm","Flash of Steel","Rip and Tear","Secret Technique+1","Mind Blast","Impatience+1"],"campfire_rested":4,"item_purchase_floors":[7,20,20,20,22,22,22,29,29,36,48,48,48,48,48,48,48,48,48,48,48,48],"current_hp_per_floor":[75,57,57,57,57,51,51,26,26,20,42,35,34,34,56,19,75,50,42,42,42,42,64,71,65,65,65,46,46,50,50,50,49,75,75,75,75,75,48,48,54,46,56,56,56,56,56,56,81,56],"gold":209,"neow_bonus":"BOSS_RELIC","is_prod":false,"is_daily":false,"chose_seed":false,"campfire_upgraded":0,"win_rate":0,"timestamp":1564920790,"path_taken":["M","?","M","?","?","E","$","E","T","E","R","?","?","?","R","BOSS","M","M","$","?","$","R","E","?","T","?","?","?","E","?","R","BOSS","M","$","M","?","M","R","M","E","T","R","?","?","?","$","R","BOSS"],"build_version":"2019-07-18","purchased_purges":4,"victory":true,"max_hp_per_floor":[75,75,75,75,75,75,75,75,75,75,75,75,75,75,75,75,75,75,75,75,75,75,75,75,75,75,75,75,75,75,75,75,75,75,75,75,75,75,75,75,75,75,85,85,85,85,85,85,85,85],"card_choices":[{"not_picked":["Leap","Gash"],"picked":"Cold Snap","floor":1.0},{"not_picked":["Rebound","Sweeping Beam"],"picked":"Coolheaded","floor":3.0},{"not_picked":["Reinforced Body","Ball Lightning"],"picked":"Coolheaded","floor":5.0},{"not_picked":["Meteor Strike","Hello World"],"picked":"Sweeping Beam","floor":6.0},{"not_picked":["All For One","Sweeping Beam"],"picked":"Beam Cell","floor":8.0},{"not_picked":["Leap","Tempest"],"picked":"Loop","floor":10.0},{"not_picked":["Stack","Rebound"],"picked":"Genetic Algorithm","floor":13.0},{"not_picked":["Rainbow","Hyperbeam"],"picked":"Reboot","floor":16.0},{"not_picked":["Beam Cell","Sweeping Beam"],"picked":"Coolheaded+1","floor":18.0},{"not_picked":["Static Discharge+1","Redo"],"picked":"Consume","floor":19.0},{"not_picked":["Hologram","Storm"],"picked":"Steam+1","floor":24.0},{"not_picked":["Genetic Algorithm","Fusion"],"picked":"Fission","floor":28.0},{"not_picked":["Scrape+1","Conserve Battery+1","Static Discharge+1"],"picked":"SKIP","floor":30.0},{"not_picked":["Gash+1","Streamline"],"picked":"Barrage","floor":31.0},{"not_picked":["Electrodynamics","Echo Form"],"picked":"Amplify","floor":33.0},{"not_picked":["Fusion+1","Steam"],"picked":"Cold Snap+1","floor":35.0},{"not_picked":["Rebound","Stack+1","Turbo"],"picked":"SKIP","floor":37},{"not_picked":["Gash+1","Double Energy"],"picked":"Undo","floor":39},{"not_picked":["Rebound+1","Compile Driver"],"picked":"FTL","floor":41},{"not_picked":["Cold Snap","Stack+1"],"picked":"Hologram","floor":42}],"player_experience":83596,"relics_obtained":[{"floor":6.0,"key":"Vajra"},{"floor":8.0,"key":"The Courier"},{"floor":9.0,"key":"Centennial Puzzle"},{"floor":10.0,"key":"Omamori"},{"floor":21.0,"key":"Shuriken"},{"floor":24.0,"key":"Meat on the Bone"},{"floor":26.0,"key":"Smiling Mask"},{"floor":28.0,"key":"Girya"},{"floor":28.0,"key":"Ornamental Fan"},{"floor":30.0,"key":"Bag of Preparation"},{"floor":31.0,"key":"Red Mask"},{"floor":42,"key":"Toxic Egg 2"},{"floor":43,"key":"Pear"}],"event_choices":[{"damage_healed":0.0,"max_hp_gain":0.0,"max_hp_loss":0.0,"gold_gain":0.0,"event_name":"Golden Idol","player_choice":"Take Damage","floor":2.0,"gold_loss":0.0,"damage_taken":18.0,"relics_obtained":["Golden Idol"]},{"cards_removed":["Coolheaded"],"damage_healed":0.0,"max_hp_gain":0.0,"max_hp_loss":0.0,"gold_gain":0.0,"event_name":"WeMeetAgain","player_choice":"Gave Card","floor":4.0,"gold_loss":0.0,"damage_taken":0.0,"relics_obtained":["Pen Nib"]},{"damage_healed":0.0,"max_hp_gain":0.0,"max_hp_loss":0.0,"gold_gain":75.0,"event_name":"FaceTrader","player_choice":"Touch","floor":12.0,"gold_loss":0.0,"damage_taken":7.0},{"damage_healed":0.0,"max_hp_gain":0.0,"max_hp_loss":0.0,"gold_gain":0.0,"cards_transformed":["Defend_B"],"event_name":"Transmorgrifier","player_choice":"Transformed","floor":14.0,"gold_loss":0.0,"damage_taken":0.0,"cards_obtained":["Buffer"]},{"damage_healed":0.0,"max_hp_gain":0.0,"max_hp_loss":0.0,"gold_gain":0.0,"event_name":"Nest","player_choice":"Joined the Cult","floor":25.0,"gold_loss":0.0,"damage_taken":6.0,"cards_obtained":["RitualDagger"]},{"cards_removed":["Strike_B"],"damage_healed":0.0,"max_hp_gain":0.0,"max_hp_loss":0.0,"gold_gain":0.0,"event_name":"Back to Basics","player_choice":"Elegance","floor":27.0,"gold_loss":0.0,"damage_taken":0.0},{"damage_healed":0.0,"max_hp_gain":0.0,"max_hp_loss":0.0,"gold_gain":0.0,"event_name":"Colosseum","player_choice":"Fight","floor":28.0,"gold_loss":0.0,"damage_taken":0.0},{"damage_healed":0.0,"max_hp_gain":0.0,"max_hp_loss":0.0,"gold_gain":0.0,"event_name":"Colosseum","player_choice":"Fought Nobs","floor":28.0,"gold_loss":0.0,"damage_taken":0.0},{"damage_healed":0.0,"max_hp_gain":0.0,"max_hp_loss":0.0,"gold_gain":0.0,"event_name":"Masked Bandits","player_choice":"Fought Bandits","floor":31.0,"gold_loss":0.0,"damage_taken":0.0},{"damage_healed":0,"gold_gain":999,"player_choice":"Gold","damage_taken":0,"max_hp_gain":0,"max_hp_loss":0,"event_name":"MindBloom","floor":38,"gold_loss":0,"cards_obtained":["Normality","Normality"]},{"cards_removed":["Undo"],"damage_healed":0,"gold_gain":0,"player_choice":"Removed Skill","damage_taken":0,"max_hp_gain":0,"max_hp_loss":0,"event_name":"Falling","floor":45,"gold_loss":0},{"damage_healed":0,"gold_gain":333,"player_choice":"Gave Idol","damage_taken":0,"max_hp_gain":0,"max_hp_loss":0,"event_name":"The Moai Head","floor":46,"relics_lost":["Golden Idol"],"gold_loss":0},{"damage_healed":0,"gold_gain":0,"player_choice":"Ignored","damage_taken":0,"max_hp_gain":0,"max_hp_loss":0,"event_name":"SecretPortal","floor":47,"gold_loss":0}],"is_beta":true,"boss_relics":[{"not_picked":["Orrery","Nuclear Battery"],"picked":"Empty Cage"},{"not_picked":["Astrolabe","Runic Pyramid"],"picked":"White Beast Statue"}],"items_purged_floors":[20,29,36,48],"is_endless":false,"potions_floor_spawned":[5,6,8,10,13,28,30,35,37,39,41,42],"ascension_level":4}