{"gold_per_floor":[109,109,124,74,74,74,147,160,186,86,86,137,171,3,3,122,122,147,62,62,62,80,80,57,57,57,90,90,111,132,132,132,132],"floor_reached":33,"playtime":1124,"items_purged":["Strike_R"],"score":338,"play_id":"5c55c0c4-308c-4f1f-9ea3-129f5355988a","local_time":"20190116193430","is_ascension_mode":true,"campfire_choices":[{"data":"Bash","floor":6.0,"key":"SMITH"},{"data":"Bludgeon","floor":11.0,"key":"SMITH"},{"data":"Apotheosis","floor":15.0,"key":"SMITH"},{"data":"Limit Break","floor":23,"key":"SMITH"},{"data":"True Grit","floor":25,"key":"SMITH"},{"data":"Shrug It Off","floor":28,"key":"SMITH"},{"floor":32,"key":"REST"}],"neow_cost":"NONE","seed_source_timestamp":0,"circlet_count":0,"master_deck":["Strike_R","Strike_R","Defend_R+1","Defend_R","Defend_R","Defend_R","Bash+1","Thunderclap","Shrug It Off+1","Good Instincts+1","Bludgeon+1","Headbutt","Wild Strike","Cleave","Apotheosis+1","Limit Break+1","True Grit+1","True Grit"],"special_seed":0,"relics":["Burning Blood","NeowsBlessing","Golden Idol","Tiny Chest","Lantern","Centennial Puzzle","Boot","Busted Crown","Mercury Hourglass","Molten Egg 2","Self Forming Clay","War Paint"],"potions_floor_usage":[18,33],"damage_taken":[{"damage":0.0,"enemies":"2 Louse","floor":1.0,"turns":1.0},{"damage":0.0,"enemies":"Jaw Worm","floor":3.0,"turns":1.0},{"damage":0.0,"enemies":"3 Sentries","floor":7.0,"turns":1.0},{"damage":1.0,"enemies":"Cultist","floor":8.0,"turns":3.0},{"damage":20.0,"enemies":"Lagavulin","floor":13.0,"turns":4.0},{"damage":21.0,"enemies":"Slime Boss","floor":16.0,"turns":6.0},{"damage":0,"enemies":"Chosen","floor":18,"turns":4},{"damage":0,"enemies":"Shell Parasite","floor":22,"turns":5},{"damage":17,"enemies":"Book of Stabbing","floor":27,"turns":6},{"damage":24,"enemies":"Snake Plant","floor":29,"turns":3},{"damage":9,"enemies":"Snecko","floor":30,"turns":4},{"damage":88,"enemies":"Champ","floor":33,"turns":12}],"seed_played":"-5603681100943302432","potions_obtained":[{"floor":3.0,"key":"BloodPotion"},{"floor":8.0,"key":"Energy Potion"},{"floor":13.0,"key":"EssenceOfSteel"},{"floor":16,"key":"Ancient Potion"},{"floor":18,"key":"BloodPotion"},{"floor":30,"key":"LiquidBronze"}],"is_trial":false,"path_per_floor":["M","?","M","?","?","R","E","M","T","$","R","T","E","$","R","B",null,"M","?","?","T","M","R","$","R","T","E","R","M","M","?","R","B"],"character_chosen":"IRONCLAD","items_purchased":["Wild Strike","Apotheosis","True Grit"],"campfire_rested":1,"item_purchase_floors":[10,14,24],"current_hp_per_floor":[80,60,66,66,66,66,72,77,77,77,77,77,63,63,63,48,80,80,80,80,80,80,80,80,80,80,69,69,51,48,48,72,0],"gold":132,"neow_bonus":"THREE_ENEMY_KILL","is_prod":false,"is_daily":false,"chose_seed":false,"campfire_upgraded":6,"win_rate":0,"timestamp":1547627670,"path_taken":["M","?","M","?","?","R","E","?","T","$","R","?","E","$","R","BOSS","BOSS","M","?","?","?","M","R","$","R","T","E","R","M","?","?","R","BOSS"],"build_version":"2019-01-10","purchased_purges":1,"victory":false,"max_hp_per_floor":[80,80,80,80,80,80,80,80,80,80,80,80,80,80,80,80,80,80,80,80,80,80,80,80,80,80,80,80,80,80,80,80,80],"card_choices":[{"not_picked":["Perfected Strike","Flame Barrier"],"picked":"Thunderclap","floor":1.0},{"not_picked":["Ghostly Armor","Iron Wave"],"picked":"Shrug It Off","floor":3.0},{"not_picked":["Flex","Headbutt"],"picked":"Bludgeon","floor":7.0},{"not_picked":["Clash","Wild Strike"],"picked":"Headbutt","floor":8.0},{"not_picked":["Shockwave","Burning Pact"],"picked":"Cleave","floor":13.0},{"not_picked":["Impervious","Bludgeon"],"picked":"Limit Break","floor":16},{"not_picked":["Iron Wave"],"picked":"SKIP","floor":18},{"not_picked":["Pummel+1"],"picked":"SKIP","floor":22},{"not_picked":["Cleave+1"],"picked":"SKIP","floor":27},{"not_picked":["Cleave+1"],"picked":"SKIP","floor":27},{"not_picked":["Bloodletting"],"picked":"SKIP","floor":29},{"not_picked":[],"picked":"True Grit","floor":30}],"player_experience":449787,"relics_obtained":[{"floor":7.0,"key":"Tiny Chest"},{"floor":9.0,"key":"Lantern"},{"floor":12.0,"key":"Centennial Puzzle"},{"floor":13.0,"key":"Boot"},{"floor":21,"key":"Molten Egg 2"},{"floor":26,"key":"Self Forming Clay"},{"floor":27,"key":"War Paint"}],"event_choices":[{"damage_healed":0.0,"max_hp_gain":0.0,"max_hp_loss":0.0,"gold_gain":0.0,"event_name":"Golden Idol","player_choice":"Take Damage","floor":2.0,"gold_loss":0.0,"damage_taken":20.0,"relics_obtained":["Golden Idol"]},{"cards_removed":["Strike_R"],"damage_healed":0.0,"max_hp_gain":0.0,"max_hp_loss":0.0,"gold_gain":0.0,"event_name":"The Cleric","player_choice":"Card Removal","floor":4.0,"gold_loss":50.0,"damage_taken":0.0},{"damage_healed":0.0,"max_hp_gain":0.0,"max_hp_loss":0.0,"gold_gain":0.0,"event_name":"Match and Keep!","player_choice":"1 cards matched","floor":5.0,"gold_loss":0.0,"damage_taken":0.0,"cards_obtained":["Good Instincts"]},{"damage_healed":0,"gold_gain":0,"player_choice":"Obtained Relic","damage_taken":0,"relics_obtained":["Mercury Hourglass"],"max_hp_gain":0,"max_hp_loss":0,"event_name":"Addict","floor":19,"gold_loss":85},{"cards_removed":["Strike_R"],"damage_healed":0,"gold_gain":0,"player_choice":"Elegance","damage_taken":0,"max_hp_gain":0,"max_hp_loss":0,"event_name":"Back to Basics","floor":20,"gold_loss":0},{"damage_healed":0,"gold_gain":0,"player_choice":"Ignored","damage_taken":0,"max_hp_gain":0,"max_hp_loss":0,"event_name":"Vampires","floor":31,"gold_loss":0}],"is_beta":false,"boss_relics":[{"not_picked":["Calling Bell","Orrery"],"picked":"Busted Crown"}],"items_purged_floors":[10],"is_endless":false,"potions_floor_spawned":[3,8,13,16,18,30],"killed_by":"Champ","ascension_level":3}