{"gold_per_floor":[119,119,135,147,147,180,64,97,97,97,97,372,372,392,392,392],"floor_reached":16,"playtime":3017,"items_purged":[],"score":130,"play_id":"936daf89-7ec6-4b50-a47b-d46aa8a47f1b","local_time":"20190628214922","is_ascension_mode":true,"campfire_choices":[{"data":"Armaments","floor":11,"key":"SMITH"},{"floor":15,"key":"REST"}],"neow_cost":"NONE","seed_source_timestamp":1126959595360300,"circlet_count":0,"master_deck":["Strike_R+1","Strike_R","Strike_R","Strike_R","Strike_R+1","Defend_R","Defend_R","Defend_R","Bash+1","Cleave","Flame Barrier","Pommel Strike","Body Slam","Metallicize","Armaments+1","Headbutt","Regret","Cleave","Iron Wave","Impervious"],"relics":["Burning Blood","Dream Catcher","Torii","Meat on the Bone","Matryoshka","Juzu Bracelet","Centennial Puzzle"],"potions_floor_usage":[8,14],"damage_taken":[{"damage":7,"enemies":"Small Slimes","floor":1,"turns":3},{"damage":7,"enemies":"Jaw Worm","floor":3,"turns":3},{"damage":6,"enemies":"Cultist","floor":4,"turns":3},{"damage":40,"enemies":"Lagavulin","floor":6,"turns":5},{"damage":14,"enemies":"3 Sentries","floor":8,"turns":4},{"damage":4,"enemies":"Gremlin Gang","floor":14,"turns":4},{"damage":62,"enemies":"The Guardian","floor":16,"turns":15}],"seed_played":"5218286457792287680","potions_obtained":[{"floor":6,"key":"PowerPotion"},{"floor":8,"key":"EssenceOfSteel"}],"is_trial":false,"path_per_floor":["M","?","M","M","?","E","$","E","T","T","R","?","?","M","R","B"],"character_chosen":"IRONCLAD","items_purchased":["Metallicize","Armaments"],"campfire_rested":1,"item_purchase_floors":[7,7],"current_hp_per_floor":[79,79,78,78,62,28,28,20,20,20,20,20,20,34,58,0],"gold":392,"neow_bonus":"RANDOM_COMMON_RELIC","is_prod":false,"is_daily":false,"chose_seed":false,"campfire_upgraded":1,"win_rate":0,"timestamp":1561783762,"path_taken":["M","?","M","M","?","E","$","E","T","?","R","?","?","M","R","BOSS"],"build_version":"2019-01-23","purchased_purges":0,"victory":false,"max_hp_per_floor":[80,80,80,80,80,80,80,80,80,80,80,80,80,80,80,80],"card_choices":[{"not_picked":["Flex","Body Slam"],"picked":"Cleave","floor":1},{"not_picked":["Armaments","Shrug It Off"],"picked":"Flame Barrier","floor":3},{"not_picked":["Havoc","Burning Pact"],"picked":"Pommel Strike","floor":4},{"not_picked":["Heavy Blade","Wild Strike"],"picked":"Body Slam","floor":6},{"not_picked":["Reckless Charge","Pommel Strike"],"picked":"Headbutt","floor":8},{"not_picked":["Hemokinesis","Clash"],"picked":"Iron Wave","floor":14},{"not_picked":["Intimidate","Iron Wave"],"picked":"Impervious","floor":15}],"player_experience":592091,"relics_obtained":[{"floor":6,"key":"Torii"},{"floor":8,"key":"Meat on the Bone"},{"floor":9,"key":"Matryoshka"},{"floor":10,"key":"Juzu Bracelet"},{"floor":10,"key":"Centennial Puzzle"}],"event_choices":[{"damage_healed":0,"gold_gain":0,"player_choice":"Grow","damage_taken":0,"max_hp_gain":0,"max_hp_loss":0,"event_name":"Living Wall","floor":2,"gold_loss":0,"cards_upgraded":["Bash"]},{"damage_healed":0,"gold_gain":0,"player_choice":"Entered Light","damage_taken":16,"max_hp_gain":0,"max_hp_loss":0,"event_name":"Shining Light","floor":5,"gold_loss":0,"cards_upgraded":["Strike_R","Strike_R"]},{"damage_healed":0,"gold_gain":275,"player_choice":"Desecrate","damage_taken":0,"max_hp_gain":0,"max_hp_loss":0,"event_name":"Golden Shrine","floor":12,"gold_loss":0,"cards_obtained":["Regret"]},{"damage_healed":0,"gold_gain":0,"cards_transformed":["Defend_R"],"player_choice":"Transformed","damage_taken":0,"max_hp_gain":0,"max_hp_loss":0,"event_name":"Transmorgrifier","floor":13,"gold_loss":0,"cards_obtained":["Cleave"]}],"is_beta":false,"boss_relics":[],"items_purged_floors":[],"is_endless":false,"potions_floor_spawned":[6,8],"killed_by":"The Guardian","ascension_level":4}