{"gold_per_floor":[109,109,121,133,150,176,176,15,15,15,15,15,39,0,0,0],"floor_reached":16,"playtime":484,"items_purged":["Strike_R"],"score":200,"play_id":"0b3cf33e-e432-4689-9095-9a0ed7999bdd","local_time":"20190519175226","is_ascension_mode":true,"campfire_choices":[{"data":"Armaments","floor":7.0,"key":"SMITH"},{"data":"Inflame","floor":11.0,"key":"SMITH"},{"data":"Uppercut","floor":15.0,"key":"SMITH"}],"neow_cost":"PERCENT_DAMAGE","seed_source_timestamp":239744792600687,"circlet_count":0,"master_deck":["AscendersBane","Strike_R","Strike_R","Strike_R","Strike_R","Defend_R","Defend_R","Defend_R","Defend_R","Bash","Uppercut+1","Power Through","Armaments+1","Inflame+1","Feel No Pain"],"special_seed":0,"relics":["Burning Blood","FossilizedHelix","Dream Catcher","Golden Idol"],"potions_floor_usage":[],"damage_taken":[{"damage":0.0,"enemies":"Cultist","floor":1.0,"turns":3.0},{"damage":0.0,"enemies":"Small Slimes","floor":3.0,"turns":4.0},{"damage":2.0,"enemies":"Jaw Worm","floor":4.0,"turns":3.0},{"damage":7.0,"enemies":"2 Fungi Beasts","floor":5.0,"turns":4.0},{"damage":35.0,"enemies":"3 Sentries","floor":6.0,"turns":12.0},{"damage":11.0,"enemies":"3 Louse","floor":13.0,"turns":5.0},{"damage":28,"enemies":"Hexaghost","floor":16,"turns":9}],"seed_played":"7150302666553233758","potions_obtained":[{"floor":1.0,"key":"Poison Potion"},{"floor":3.0,"key":"SkillPotion"},{"floor":5.0,"key":"Strength Potion"},{"floor":6.0,"key":"LiquidBronze"}],"is_trial":false,"path_per_floor":["M","?","M","M","M","E","R","$","T","?","R","?","M","?","R","B"],"character_chosen":"IRONCLAD","items_purchased":["Inflame"],"campfire_rested":0,"item_purchase_floors":[8],"current_hp_per_floor":[56,52,58,62,61,32,32,32,32,32,32,32,27,27,27,0],"gold":0,"neow_bonus":"ONE_RARE_RELIC","is_prod":false,"is_daily":false,"chose_seed":false,"campfire_upgraded":3,"win_rate":0,"timestamp":1558259546,"path_taken":["M","?","M","M","M","E","R","?","T","?","R","?","M","?","R","BOSS"],"build_version":"2019-01-23","purchased_purges":1,"victory":false,"max_hp_per_floor":[75,75,75,75,75,75,75,75,75,75,75,68,68,68,68,68],"card_choices":[{"not_picked":["Hemokinesis","Clothesline","Warcry"],"picked":"SKIP","floor":1.0},{"not_picked":["Rage","Clothesline"],"picked":"Uppercut","floor":3.0},{"not_picked":["Warcry","Seeing Red"],"picked":"Power Through","floor":4.0},{"not_picked":["Heavy Blade","Clothesline"],"picked":"Armaments","floor":5.0},{"not_picked":["Brutality","Reckless Charge","Fire Breathing"],"picked":"SKIP","floor":6.0},{"not_picked":["Flex","Battle Trance"],"picked":"Feel No Pain","floor":13.0}],"player_experience":883181,"relics_obtained":[{"floor":6.0,"key":"Dream Catcher"}],"event_choices":[{"damage_healed":0.0,"max_hp_gain":0.0,"max_hp_loss":0.0,"gold_gain":0.0,"event_name":"The Woman in Blue","player_choice":"Bought 0 Potions","floor":2.0,"gold_loss":0.0,"damage_taken":0.0},{"damage_healed":0.0,"max_hp_gain":0.0,"max_hp_loss":0.0,"gold_gain":0.0,"event_name":"The Cleric","player_choice":"Leave","floor":10.0,"gold_loss":0.0,"damage_taken":0.0},{"damage_healed":0.0,"max_hp_gain":0.0,"max_hp_loss":7.0,"gold_gain":0.0,"event_name":"Golden Idol","player_choice":"Lose Max HP","floor":12.0,"gold_loss":0.0,"damage_taken":0.0,"relics_obtained":["Golden Idol"]},{"damage_healed":0.0,"max_hp_gain":0.0,"max_hp_loss":0.0,"gold_gain":0.0,"event_name":"World of Goop","player_choice":"Left Gold","floor":14.0,"gold_loss":39.0,"damage_taken":0.0}],"is_beta":false,"boss_relics":[],"items_purged_floors":[8],"is_endless":false,"potions_floor_spawned":[1,3,5,6],"killed_by":"Hexaghost","ascension_level":20}