{"gold_per_floor":[109,109,109,128,128,128,148,191,215,115,130,130,149,169,169,289,289,314,314,69,92,105,105,105,129,129,53,77,101,101,120,120,250,250,274,607,292,346,361,361],"floor_reached":40,"playtime":5100,"items_purged":["Defend_B","Strike_B","Defend_B"],"score":388,"play_id":"eccb7a8b-ef91-42ab-a5e9-0dd971374034","local_time":"20181130191314","is_ascension_mode":false,"campfire_choices":[{"floor":6.0,"key":"REST"},{"floor":15.0,"key":"REST"},{"data":"BootSequence","floor":23.0,"key":"SMITH"},{"floor":32,"key":"REST"}],"neow_cost":"NONE","seed_source_timestamp":1042858295564664,"circlet_count":0,"master_deck":["Strike_B","Strike_B","Defend_B","Defend_B+1","Zap","Dualcast","Hello World+1","Ball Lightning","BootSequence+1","Multi-Cast","Steam","Steam","Electrodynamics","Ball Lightning","Creative AI","Gash","Barrage","Reinforced Body","Gash","Compile Driver","Darkness","All For One","Beam Cell","Genetic Algorithm+1","Compile Driver","Double Energy","Double Energy+1","Conserve Battery","All For One","Beam Cell+1","Steam+1","Gash+1"],"special_seed":0,"relics":["Cracked Core","Centennial Puzzle","Blood Vial","Oddly Smooth Stone","Orrery","MutagenicStrength","Nunchaku","Regal Pillow","Black Star","Toolbox","Ginger"],"potions_floor_usage":[31,33,38,40],"damage_taken":[{"damage":0.0,"enemies":"2 Louse","floor":1.0,"turns":3.0},{"damage":0.0,"enemies":"Small Slimes","floor":4.0,"turns":4.0},{"damage":6.0,"enemies":"Jaw Worm","floor":7.0,"turns":3.0},{"damage":21.0,"enemies":"3 Sentries","floor":8.0,"turns":6.0},{"damage":0.0,"enemies":"2 Fungi Beasts","floor":11.0,"turns":3.0},{"damage":0.0,"enemies":"Exordium Thugs","floor":13.0,"turns":3.0},{"damage":4.0,"enemies":"Lots of Slimes","floor":14.0,"turns":2.0},{"damage":14.0,"enemies":"The Guardian","floor":16.0,"turns":11.0},{"damage":15.0,"enemies":"3 Byrds","floor":18.0,"turns":3.0},{"damage":3.0,"enemies":"Spheric Guardian","floor":21.0,"turns":5.0},{"damage":5.0,"enemies":"Snecko","floor":22.0,"turns":5.0},{"damage":32,"enemies":"Sentry and Sphere","floor":25,"turns":6},{"damage":2,"enemies":"3 Cultists","floor":29,"turns":5},{"damage":45,"enemies":"Snake Plant","floor":31,"turns":6},{"damage":38,"enemies":"Champ","floor":33,"turns":16},{"damage":19,"enemies":"Orb Walker","floor":35,"turns":4},{"damage":31,"enemies":"2 Orb Walkers","floor":38,"turns":5},{"damage":6,"enemies":"3 Shapes","floor":39,"turns":6},{"damage":45,"enemies":"Giant Head","floor":40,"turns":9}],"seed_played":"2982263110892518760","potions_obtained":[{"floor":4.0,"key":"SpeedPotion"},{"floor":7.0,"key":"FocusPotion"},{"floor":14.0,"key":"Dexterity Potion"},{"floor":18.0,"key":"Strength Potion"},{"floor":31,"key":"PowerPotion"},{"floor":33,"key":"LiquidBronze"},{"floor":39,"key":"AttackPotion"}],"is_trial":false,"path_per_floor":["M","?","?","M","?","R","M","E","T","$","M","?","M","M","R","B",null,"M","?","$","M","M","R","?","M","T","$","T","M","$","M","R","B",null,"M","?","$","?","M","E"],"character_chosen":"DEFECT","items_purchased":["Steam","All For One","Double Energy","Toolbox"],"campfire_rested":3,"item_purchase_floors":[10,20,27,37],"current_hp_per_floor":[75,57,62,62,55,79,73,52,52,52,54,38,40,38,62,50,80,65,80,80,77,74,74,74,44,44,44,44,44,44,1,40,4,80,61,61,61,32,28,0],"gold":361,"neow_bonus":"RANDOM_COMMON_RELIC","is_prod":false,"is_daily":false,"chose_seed":false,"campfire_upgraded":1,"win_rate":0.0,"timestamp":1543565594,"path_taken":["M","?","?","M","?","R","M","E","T","$","M","?","M","?","R","BOSS","M","?","?","?","M","R","?","M","T","?","?","?","$","M","R","BOSS","M","?","$","?","M","E"],"build_version":"2018-11-15","purchased_purges":3,"victory":false,"max_hp_per_floor":[75,75,80,80,80,80,80,80,80,80,80,80,80,80,80,80,80,80,80,80,80,80,80,80,80,80,80,80,80,80,80,80,80,80,80,80,80,80,80,80],"card_choices":[{"not_picked":["Barrage","Reinforced Body"],"picked":"Hello World","floor":1.0},{"not_picked":["Self Repair","Steam"],"picked":"Ball Lightning","floor":4.0},{"not_picked":["Stack","Compile Driver"],"picked":"BootSequence","floor":7.0},{"not_picked":["Sweeping Beam","Genetic Algorithm"],"picked":"Multi-Cast","floor":8.0},{"not_picked":["Coolheaded","Sweeping Beam"],"picked":"Steam","floor":11.0},{"not_picked":["Force Field","Glacier"],"picked":"Electrodynamics","floor":13.0},{"not_picked":["Skim","Rebound"],"picked":"Ball Lightning","floor":14.0},{"not_picked":["Reboot","All For One"],"picked":"Creative AI","floor":16.0},{"not_picked":["Stack","Sweeping Beam"],"picked":"Gash","floor":17.0},{"not_picked":["Self Repair","Stack"],"picked":"Barrage","floor":17.0},{"not_picked":["Beam Cell","Blizzard"],"picked":"Reinforced Body","floor":17.0},{"not_picked":["Sweeping Beam","Stack"],"picked":"Gash","floor":17.0},{"not_picked":["Chaos","Coolheaded"],"picked":"Compile Driver","floor":17.0},{"not_picked":["Stack","Auto Shields"],"picked":"Darkness","floor":18.0},{"not_picked":["FTL","Conserve Battery"],"picked":"Beam Cell","floor":21.0},{"not_picked":["Chaos+1","Steam Power+1"],"picked":"Genetic Algorithm+1","floor":22.0},{"not_picked":["Force Field","Self Repair+1"],"picked":"Compile Driver","floor":25},{"not_picked":["Hologram+1","Chaos"],"picked":"Double Energy+1","floor":29},{"not_picked":["Sweeping Beam","Storm"],"picked":"Conserve Battery","floor":31},{"not_picked":["Rainbow","Thunder Strike"],"picked":"All For One","floor":33},{"not_picked":["Compile Driver+1","Ball Lightning+1"],"picked":"Beam Cell+1","floor":35},{"not_picked":["Go for the Eyes","Ball Lightning+1"],"picked":"Steam+1","floor":38},{"not_picked":["Undo+1","Barrage+1"],"picked":"Gash+1","floor":39}],"player_experience":71847,"relics_obtained":[{"floor":8.0,"key":"Blood Vial"},{"floor":9.0,"key":"Oddly Smooth Stone"},{"floor":26,"key":"Nunchaku"},{"floor":28,"key":"Regal Pillow"},{"floor":38,"key":"Ginger"}],"event_choices":[{"damage_healed":0.0,"max_hp_gain":0.0,"max_hp_loss":0.0,"gold_gain":0.0,"event_name":"Golden Idol","player_choice":"Take Damage","floor":2.0,"gold_loss":0.0,"damage_taken":18.0,"relics_obtained":["Golden Idol"]},{"damage_healed":0.0,"max_hp_gain":5.0,"max_hp_loss":0.0,"gold_gain":0.0,"event_name":"Big Fish","player_choice":"Donut","floor":3.0,"gold_loss":0.0,"damage_taken":0.0},{"cards_removed":["Strike_B"],"damage_healed":0.0,"max_hp_gain":0.0,"max_hp_loss":0.0,"gold_gain":0.0,"event_name":"Golden Wing","player_choice":"Card Removal","floor":5.0,"gold_loss":0.0,"damage_taken":7.0},{"damage_healed":0.0,"max_hp_gain":0.0,"max_hp_loss":0.0,"gold_gain":0.0,"event_name":"Shining Light","player_choice":"Entered Light","floor":12.0,"gold_loss":0.0,"damage_taken":16.0,"cards_upgraded":["Hello World","Defend_B"]},{"damage_healed":15.0,"max_hp_gain":0.0,"max_hp_loss":0.0,"gold_gain":0.0,"event_name":"Wheel of Change","player_choice":"Full Heal","floor":19.0,"gold_loss":0.0,"damage_taken":0.0},{"damage_healed":0,"gold_gain":0,"player_choice":"Inject Mutagens","damage_taken":0,"relics_obtained":["MutagenicStrength"],"max_hp_gain":0,"max_hp_loss":0,"event_name":"Drug Dealer","floor":24,"gold_loss":0},{"damage_healed":0,"gold_gain":333,"player_choice":"Gave Idol","damage_taken":0,"max_hp_gain":0,"max_hp_loss":0,"event_name":"The Moai Head","floor":36,"relics_lost":["Golden Idol"],"gold_loss":0},{"damage_healed":0,"gold_gain":0,"player_choice":"Fight","damage_taken":0,"max_hp_gain":0,"max_hp_loss":0,"event_name":"Mysterious Sphere","floor":38,"gold_loss":0}],"is_beta":false,"boss_relics":[{"not_picked":["Coffee Dripper","Empty Cage"],"picked":"Orrery"},{"not_picked":["Inserter","Cursed Key"],"picked":"Black Star"}],"items_purged_floors":[10,20,37],"is_endless":false,"potions_floor_spawned":[4,7,14,18,31,33,39],"killed_by":"Giant Head","ascension_level":0}