{"gold_per_floor":[116,116,129,54,75,75,75,75,98,113,129,129],"floor_reached":12,"playtime":650,"items_purged":["Injury"],"score":70,"play_id":"ff4ae8fc-108a-4e1b-8fed-4701a48a6a5d","local_time":"20190309094650","is_ascension_mode":false,"campfire_choices":[{"floor":6,"key":"RECALL"}],"neow_cost":"NONE","seed_source_timestamp":211190208354500,"circlet_count":0,"master_deck":["Strike_R","Strike_R","Strike_R","Strike_R","Defend_R","Defend_R","Defend_R","Defend_R","Bash","Reaper"],"relics":["Runic Pyramid","Golden Idol"],"potions_floor_usage":[],"damage_taken":[{"damage":2,"enemies":"Small Slimes","floor":1,"turns":4},{"damage":4,"enemies":"Cultist","floor":3,"turns":4},{"damage":2,"enemies":"2 Louse","floor":5,"turns":4},{"damage":28,"enemies":"Lots of Slimes","floor":10,"turns":5},{"damage":15,"enemies":"Red Slaver","floor":11,"turns":4},{"damage":41,"enemies":"Lagavulin","floor":12,"turns":6}],"seed_played":"5672847997097906180","potions_obtained":[{"floor":3,"key":"Dexterity Potion"},{"floor":5,"key":"LiquidBronze"}],"is_trial":false,"path_per_floor":["M","?","M","$","M","R","?","$","T","M","M","E"],"character_chosen":"IRONCLAD","items_purchased":[],"campfire_rested":0,"item_purchase_floors":[],"current_hp_per_floor":[78,78,74,74,72,72,72,72,72,52,37,0],"gold":129,"neow_bonus":"BOSS_RELIC","is_prod":false,"is_daily":false,"chose_seed":false,"campfire_upgraded":0,"win_rate":0,"timestamp":1552150010,"path_taken":["M","?","M","$","M","R","?","$","T","M","M","E"],"build_version":"2019-01-23","purchased_purges":1,"victory":false,"max_hp_per_floor":[80,80,80,80,80,80,80,80,80,80,80,80],"card_choices":[{"not_picked":["Perfected Strike","Anger","Twin Strike"],"picked":"SKIP","floor":1},{"not_picked":["Cleave","Entrench","Uppercut"],"picked":"SKIP","floor":3},{"not_picked":["Anger","Flex","Reckless Charge"],"picked":"SKIP","floor":5},{"not_picked":["Wild Strike","Headbutt","Disarm"],"picked":"SKIP","floor":10},{"not_picked":["Heavy Blade","Reaper","Anger"],"picked":"SKIP","floor":11}],"player_experience":199352,"relics_obtained":[],"event_choices":[{"damage_healed":0,"gold_gain":0,"player_choice":"Take Wound","damage_taken":0,"relics_obtained":["Golden Idol"],"max_hp_gain":0,"max_hp_loss":0,"event_name":"Golden Idol","floor":2,"gold_loss":0,"cards_obtained":["Injury"]},{"damage_healed":0,"gold_gain":0,"cards_transformed":["Strike_R"],"player_choice":"Transformed","damage_taken":0,"max_hp_gain":0,"max_hp_loss":0,"event_name":"Transmorgrifier","floor":7,"gold_loss":0,"cards_obtained":["Reaper"]}],"is_beta":false,"boss_relics":[],"items_purged_floors":[4],"is_endless":false,"potions_floor_spawned":[3,5],"killed_by":"Lagavulin","ascension_level":0}