{"gold_per_floor":[111,186,186,23,23,23,36,49,99,130,130,3,36,60,60,60],"floor_reached":16,"playtime":324,"items_purged":[],"score":216,"play_id":"3c01016f-5780-45d5-a083-c5022cb0ebad","local_time":"20190514212846","is_ascension_mode":true,"campfire_choices":[{"data":"Armaments","floor":6.0,"key":"SMITH"},{"data":"Carnage","floor":11.0,"key":"SMITH"},{"floor":15.0,"key":"REST"}],"neow_cost":"NONE","seed_source_timestamp":1943989444659989,"circlet_count":0,"master_deck":["AscendersBane","Strike_R","Strike_R","Strike_R","Strike_R","Strike_R","Defend_R","Defend_R","Defend_R","Defend_R","Bash","Armaments+1","Limit Break","Carnage+1","Inflame+1","Whirlwind","True Grit+1"],"special_seed":0,"relics":["Burning Blood","NeowsBlessing","Golden Idol","Matryoshka","Frozen Egg 2","Bronze Scales","Potion Belt","Toxic Egg 2"],"potions_floor_usage":[],"damage_taken":[{"damage":0.0,"enemies":"2 Louse","floor":1.0,"turns":1.0},{"damage":0.0,"enemies":"Jaw Worm","floor":7.0,"turns":1.0},{"damage":0.0,"enemies":"Cultist","floor":8.0,"turns":1.0},{"damage":44.0,"enemies":"3 Sentries","floor":10.0,"turns":11.0},{"damage":24.0,"enemies":"Gremlin Nob","floor":13.0,"turns":4.0},{"damage":16.0,"enemies":"Exordium Wildlife","floor":14.0,"turns":3.0},{"damage":27,"enemies":"The Guardian","floor":16,"turns":3}],"seed_played":"3756466162502009242","potions_obtained":[{"floor":8.0,"key":"BloodPotion"},{"floor":10.0,"key":"Ancient Potion"},{"floor":13.0,"key":"SpeedPotion"},{"floor":14.0,"key":"SteroidPotion"}],"is_trial":false,"path_per_floor":["M","?","?","$","T","R","M","M","T","E","R","$","E","M","R","B"],"character_chosen":"IRONCLAD","items_purchased":["Limit Break","Inflame+1","Whirlwind"],"campfire_rested":1,"item_purchase_floors":[4,12,12],"current_hp_per_floor":[74,63,63,63,63,63,68,68,68,36,36,36,18,8,28,1],"gold":60,"neow_bonus":"THREE_ENEMY_KILL","is_prod":false,"is_daily":false,"chose_seed":false,"campfire_upgraded":2,"win_rate":0,"timestamp":1557840526,"path_taken":["M","?","?","$","?","R","M","?","T","E","R","$","E","M","R","BOSS"],"build_version":"2019-01-23","purchased_purges":0,"victory":false,"max_hp_per_floor":[75,75,68,68,68,68,68,68,68,68,68,68,68,68,68,68],"card_choices":[{"not_picked":["Havoc","Shockwave"],"picked":"Armaments","floor":1.0},{"not_picked":["Pommel Strike","True Grit"],"picked":"Carnage","floor":7.0},{"not_picked":["Thunderclap","Body Slam","Iron Wave"],"picked":"SKIP","floor":8.0},{"not_picked":["Berserk+1","Havoc","Armaments"],"picked":"SKIP","floor":10.0},{"not_picked":["Shrug It Off","Reckless Charge"],"picked":"True Grit","floor":13.0},{"not_picked":["Heavy Blade","Headbutt","True Grit+1"],"picked":"SKIP","floor":14.0}],"player_experience":836818,"relics_obtained":[{"floor":5.0,"key":"Matryoshka"},{"floor":9.0,"key":"Frozen Egg 2"},{"floor":9.0,"key":"Bronze Scales"},{"floor":10.0,"key":"Potion Belt"},{"floor":13.0,"key":"Toxic Egg 2"}],"event_choices":[{"damage_healed":0.0,"max_hp_gain":0.0,"max_hp_loss":0.0,"gold_gain":75.0,"event_name":"World of Goop","player_choice":"Gather Gold","floor":2.0,"gold_loss":0.0,"damage_taken":11.0},{"damage_healed":0.0,"max_hp_gain":0.0,"max_hp_loss":7.0,"gold_gain":0.0,"event_name":"Golden Idol","player_choice":"Lose Max HP","floor":3.0,"gold_loss":0.0,"damage_taken":0.0,"relics_obtained":["Golden Idol"]}],"is_beta":false,"boss_relics":[],"items_purged_floors":[],"is_endless":false,"potions_floor_spawned":[8,10,13,14],"killed_by":"The Guardian","ascension_level":20}