{"gold_per_floor":[116,116,132,85,85,85,118,118,118,128,128,146,146,166,166,271,271,281,196,210,210,210,210,235,235,235,246,263,263,263,280,280,280],"floor_reached":33,"playtime":1617,"items_purged":[],"score":291,"play_id":"5f970b38-06c9-49ec-967a-386731f025de","local_time":"20190111164536","is_ascension_mode":true,"campfire_choices":[{"data":"Deadly Poison","floor":6,"key":"SMITH"},{"data":"Blur","floor":8,"key":"SMITH"},{"data":"Bane","floor":11,"key":"SMITH"},{"floor":15,"key":"REST"},{"floor":23,"key":"REST"},{"floor":25,"key":"REST"},{"floor":32,"key":"REST"}],"neow_cost":"CURSE","seed_source_timestamp":499682161522284,"circlet_count":0,"master_deck":["Defend_G","Defend_G","Defend_G","Defend_G","Defend_G","Strike_G","Strike_G","Strike_G","Survivor","Neutralize","Flash of Steel","Swift Strike","Clumsy","Backflip+1","Deadly Poison+1","Bane+1","Blur+1","Poisoned Stab","Deadly Poison","Deadly Poison","Wraith Form v2","Bouncing Flask+1","Quick Slash+1","Dash+1","Catalyst","Flying Knee+1"],"relics":["Ring of the Snake","Ginger","Pen Nib","Gremlin Horn","White Beast Statue","Molten Egg 2","Nilry\u0027s Codex","Centennial Puzzle","Lantern","Spirit Poop"],"potions_floor_usage":[14,16,24,24,28,31,33,33,33],"damage_taken":[{"damage":4,"enemies":"2 Louse","floor":1,"turns":3},{"damage":0,"enemies":"Cultist","floor":3,"turns":3},{"damage":15,"enemies":"Lagavulin","floor":7,"turns":6},{"damage":0,"enemies":"Small Slimes","floor":10,"turns":4},{"damage":0,"enemies":"Gremlin Gang","floor":12,"turns":3},{"damage":10,"enemies":"2 Fungi Beasts","floor":14,"turns":3},{"damage":25,"enemies":"Hexaghost","floor":16,"turns":8},{"damage":10,"enemies":"Spheric Guardian","floor":18,"turns":4},{"damage":0,"enemies":"Chosen","floor":20,"turns":4},{"damage":42,"enemies":"Slavers","floor":24,"turns":5},{"damage":36,"enemies":"Snake Plant","floor":27,"turns":4},{"damage":2,"enemies":"Snecko","floor":28,"turns":4},{"damage":5,"enemies":"Centurion and Healer","floor":31,"turns":8},{"damage":22,"enemies":"Automaton","floor":33,"turns":8}],"seed_played":"-380119297133258101","potions_obtained":[{"floor":10,"key":"Weak Potion"},{"floor":14,"key":"PowerPotion"},{"floor":16,"key":"GamblersBrew"},{"floor":18,"key":"Strength Potion"},{"floor":20,"key":"AttackPotion"},{"floor":24,"key":"Block Potion"},{"floor":27,"key":"Explosive Potion"},{"floor":28,"key":"Block Potion"},{"floor":31,"key":"PowerPotion"}],"is_trial":false,"path_per_floor":["M","?","M","$","T","R","E","R","T","M","R","M","?","M","R","B",null,"M","?","M","?","?","R","E","R","T","M","M","?","?","M","R","B"],"character_chosen":"THE_SILENT","items_purchased":["Bane"],"campfire_rested":4,"item_purchase_floors":[4],"current_hp_per_floor":[66,66,66,66,66,66,51,51,51,51,51,51,51,41,62,37,70,60,60,60,44,44,65,23,44,44,8,6,6,6,1,22,0],"gold":280,"neow_bonus":"RANDOM_COLORLESS_2","is_prod":false,"is_daily":false,"chose_seed":false,"campfire_upgraded":3,"win_rate":0,"timestamp":1547185536,"path_taken":["M","?","M","$","?","R","E","R","T","M","R","M","?","?","R","BOSS","M","?","M","?","?","R","E","R","T","M","?","?","?","M","R","BOSS"],"build_version":"2019-01-10","purchased_purges":0,"victory":false,"max_hp_per_floor":[70,70,70,70,70,70,70,70,70,70,70,70,70,70,70,70,70,70,70,70,70,70,70,70,70,70,70,70,70,70,70,70,70],"card_choices":[{"not_picked":["Dodge and Roll","Infinite Blades"],"picked":"Backflip","floor":1},{"not_picked":["Slice","Riddle With Holes"],"picked":"Deadly Poison","floor":3},{"not_picked":["Dash","Sucker Punch"],"picked":"Blur","floor":7},{"not_picked":["Slice","Flying Knee"],"picked":"Poisoned Stab","floor":10},{"not_picked":["Calculated Gamble","Blade Dance"],"picked":"Deadly Poison","floor":12},{"not_picked":["Cloak And Dagger","Skewer"],"picked":"Deadly Poison","floor":14},{"not_picked":["Glass Knife","Burst"],"picked":"Wraith Form v2","floor":16},{"not_picked":["Backflip","Dagger Spray+1"],"picked":"Bouncing Flask+1","floor":18},{"not_picked":["Expertise","Flying Knee+1"],"picked":"Quick Slash+1","floor":20},{"not_picked":["Choke+1","Heel Hook+1"],"picked":"Dash+1","floor":24},{"not_picked":["Masterful Stab+1","Dagger Spray+1"],"picked":"Catalyst","floor":27},{"not_picked":["Underhanded Strike+1","Cloak And Dagger+1","Slice+1"],"picked":"SKIP","floor":28},{"not_picked":["Predator+1","Dagger Spray+1"],"picked":"Flying Knee+1","floor":31}],"player_experience":423986,"relics_obtained":[{"floor":5,"key":"Ginger"},{"floor":7,"key":"Pen Nib"},{"floor":9,"key":"Gremlin Horn"},{"floor":21,"key":"Nilry\u0027s Codex"},{"floor":24,"key":"Centennial Puzzle"},{"floor":26,"key":"Lantern"}],"event_choices":[{"damage_healed":0,"gold_gain":0,"player_choice":"Upgraded","damage_taken":0,"max_hp_gain":0,"max_hp_loss":0,"event_name":"Upgrade Shrine","floor":2,"gold_loss":0,"cards_upgraded":["Backflip"]},{"cards_removed":["Strike_G"],"damage_healed":0,"gold_gain":0,"player_choice":"Purged","damage_taken":0,"max_hp_gain":0,"max_hp_loss":0,"event_name":"Purifier","floor":13,"gold_loss":0},{"damage_healed":0,"gold_gain":0,"player_choice":"Obtained Relic","damage_taken":0,"relics_obtained":["Molten Egg 2"],"max_hp_gain":0,"max_hp_loss":0,"event_name":"Addict","floor":19,"gold_loss":85},{"damage_healed":0,"gold_gain":0,"player_choice":"Obtained Book","damage_taken":16,"max_hp_gain":0,"max_hp_loss":0,"event_name":"Cursed Tome","floor":21,"gold_loss":0},{"damage_healed":0,"gold_gain":0,"player_choice":"Cursed","damage_taken":0,"max_hp_gain":0,"max_hp_loss":0,"event_name":"Wheel of Change","floor":22,"gold_loss":0,"cards_obtained":["Decay"]},{"cards_removed":["Strike_G"],"damage_healed":0,"gold_gain":0,"player_choice":"Elegance","damage_taken":0,"max_hp_gain":0,"max_hp_loss":0,"event_name":"Back to Basics","floor":29,"gold_loss":0},{"cards_removed":["Decay"],"damage_healed":0,"gold_gain":0,"player_choice":"Offered Curse","damage_taken":0,"relics_obtained":["Spirit Poop"],"max_hp_gain":0,"max_hp_loss":0,"event_name":"Bonfire Elementals","floor":30,"gold_loss":0}],"is_beta":false,"boss_relics":[{"not_picked":["Ectoplasm","Snecko Eye"],"picked":"White Beast Statue"}],"items_purged_floors":[],"is_endless":false,"potions_floor_spawned":[10,14,16,18,20,24,27,28,31],"killed_by":"Automaton","ascension_level":2}