{"gold_per_floor":[117,133,133,143,143,65,83,83,109,165,165,179,254,286,286,286],"floor_reached":16,"playtime":333,"items_purged":[],"score":220,"play_id":"83ffb554-d927-44aa-8bca-c56ca86525cd","local_time":"20190520211723","is_ascension_mode":true,"campfire_choices":[{"data":"Carnage","floor":8.0,"key":"SMITH"},{"data":"Rampage","floor":11.0,"key":"SMITH"},{"floor":15.0,"key":"REST"}],"neow_cost":"NONE","seed_source_timestamp":338556606344705,"circlet_count":0,"master_deck":["AscendersBane","Strike_R+1","Strike_R","Strike_R","Strike_R","Strike_R+1","Defend_R","Defend_R","Defend_R","Defend_R","Bash","Shrug It Off","Battle Trance","Carnage+1","Rampage+1"],"special_seed":0,"relics":["Burning Blood","NeowsBlessing","Anchor","Whetstone","Happy Flower","Tiny Chest","Potion Belt"],"potions_floor_usage":[16],"damage_taken":[{"damage":0.0,"enemies":"2 Louse","floor":1.0,"turns":1.0},{"damage":0.0,"enemies":"Jaw Worm","floor":2.0,"turns":1.0},{"damage":0.0,"enemies":"Cultist","floor":4.0,"turns":1.0},{"damage":1.0,"enemies":"2 Fungi Beasts","floor":7.0,"turns":3.0},{"damage":22.0,"enemies":"Lagavulin","floor":10.0,"turns":6.0},{"damage":9.0,"enemies":"Exordium Wildlife","floor":12.0,"turns":4.0},{"damage":8.0,"enemies":"Gremlin Nob","floor":14.0,"turns":3.0},{"damage":59,"enemies":"Slime Boss","floor":16,"turns":8}],"seed_played":"7619582260816652824","potions_obtained":[{"floor":2.0,"key":"Ancient Potion"},{"floor":4.0,"key":"SteroidPotion"}],"is_trial":false,"path_per_floor":["M","M","?","M","T","$","M","R","T","E","R","M","?","E","R","B"],"character_chosen":"IRONCLAD","items_purchased":["Carnage"],"campfire_rested":1,"item_purchase_floors":[6],"current_hp_per_floor":[74,75,49,55,55,55,60,60,60,44,44,41,30,28,50,0],"gold":286,"neow_bonus":"THREE_ENEMY_KILL","is_prod":false,"is_daily":false,"chose_seed":false,"campfire_upgraded":2,"win_rate":0,"timestamp":1558358243,"path_taken":["M","M","?","M","?","$","M","R","T","E","R","M","?","E","R","BOSS"],"build_version":"2019-01-23","purchased_purges":0,"victory":false,"max_hp_per_floor":[75,75,75,75,75,75,75,75,75,75,75,75,75,75,75,75],"card_choices":[{"not_picked":["Anger","Thunderclap"],"picked":"Shrug It Off","floor":1.0},{"not_picked":["Spot Weakness","Iron Wave","Twin Strike"],"picked":"SKIP","floor":2.0},{"not_picked":["Rage","Shockwave"],"picked":"Battle Trance","floor":4.0},{"not_picked":["Heavy Blade","Searing Blow","Shockwave"],"picked":"SKIP","floor":7.0},{"not_picked":["Headbutt","Clash"],"picked":"Rampage","floor":10.0},{"not_picked":["Thunderclap","Seeing Red","Perfected Strike"],"picked":"SKIP","floor":12.0},{"not_picked":["Juggernaut","Dual Wield","True Grit"],"picked":"SKIP","floor":14.0}],"player_experience":912327,"relics_obtained":[{"floor":5.0,"key":"Whetstone"},{"floor":9.0,"key":"Happy Flower"},{"floor":10.0,"key":"Tiny Chest"},{"floor":14.0,"key":"Potion Belt"}],"event_choices":[{"damage_healed":0.0,"max_hp_gain":0.0,"max_hp_loss":0.0,"gold_gain":0.0,"event_name":"Scrap Ooze","player_choice":"Success","floor":3.0,"gold_loss":0.0,"damage_taken":26.0,"relics_obtained":["Anchor"]},{"damage_healed":0.0,"max_hp_gain":0.0,"max_hp_loss":0.0,"gold_gain":75.0,"event_name":"World of Goop","player_choice":"Gather Gold","floor":13.0,"gold_loss":0.0,"damage_taken":11.0}],"is_beta":false,"boss_relics":[],"items_purged_floors":[],"is_endless":false,"potions_floor_spawned":[2,4,7,10],"killed_by":"Slime Boss","ascension_level":20}