{"gold_per_floor":[110,35,35,35,45,63,63,63,133,33,33,33,71,96,96,217,217,230,249,275,288,83,121,121,145,145,168,168,168,18,33,33,158,158,176,191,41,166,166,166,190,190,190,215,215,250,274,274],"floor_reached":48,"playtime":2426,"items_purged":["Strike_R","Strike_R","Strike_R","Defend_R"],"score":530,"play_id":"73e537ea-7a7d-4343-8f68-9aaefddfe30e","local_time":"20181212230628","is_ascension_mode":true,"campfire_choices":[{"floor":7,"key":"RECALL"},{"floor":11,"key":"REST"},{"floor":15,"key":"REST"},{"floor":24,"key":"REST"},{"floor":28,"key":"REST"},{"floor":32,"key":"REST"},{"floor":40,"key":"REST"},{"floor":42,"key":"REST"},{"floor":45,"key":"REST"}],"neow_cost":"NONE","seed_source_timestamp":1630612869453774,"circlet_count":0,"master_deck":["Strike_R","Defend_R","Bash","Sentinel","Carnage","Heavy Blade","Anger","Spot Weakness","Warcry","Immolate","Flex","Juggernaut","Rupture","Rage","Burning Pact","Demon Form","Flex+1","Limit Break","Armaments+1","Shrug It Off+1","Writhe","Reaper"],"relics":["Burning Blood","Red Skull","Golden Idol","Bottled Flame","Orichalcum","Fusion Hammer","Ornamental Fan","Ancient Tea Set","Runic Cube","PreservedInsect","Champion Belt","Potion Belt"],"potions_floor_usage":[21,23,25,33,33,46,48],"damage_taken":[{"damage":10,"enemies":"Small Slimes","floor":1,"turns":4},{"damage":0,"enemies":"2 Louse","floor":5,"turns":3},{"damage":6,"enemies":"Jaw Worm","floor":6,"turns":3},{"damage":24,"enemies":"3 Sentries","floor":13,"turns":9},{"damage":10,"enemies":"Red Slaver","floor":14,"turns":3},{"damage":45,"enemies":"The Guardian","floor":16,"turns":8},{"damage":9,"enemies":"2 Thieves","floor":18,"turns":3},{"damage":0,"enemies":"Chosen","floor":19,"turns":4},{"damage":16,"enemies":"Snecko","floor":21,"turns":4},{"damage":29,"enemies":"Gremlin Leader","floor":23,"turns":4},{"damage":41,"enemies":"Chosen and Byrds","floor":25,"turns":6},{"damage":21,"enemies":"3 Cultists","floor":27,"turns":4},{"damage":9,"enemies":"Snecko","floor":31,"turns":3},{"damage":90,"enemies":"Collector","floor":33,"turns":6},{"damage":45,"enemies":"3 Darklings","floor":35,"turns":4},{"damage":21,"enemies":"Orb Walker","floor":36,"turns":3},{"damage":15,"enemies":"Mind Bloom Boss Battle","floor":38,"turns":5},{"damage":33,"enemies":"Jaw Worm Horde","floor":41,"turns":3},{"damage":30,"enemies":"3 Darklings","floor":44,"turns":3},{"damage":29,"enemies":"Giant Head","floor":46,"turns":6},{"damage":61,"enemies":"Spire Growth","floor":47,"turns":5},{"damage":22,"enemies":"Maw","floor":48,"turns":2}],"seed_played":"-3378271664863086659","potions_obtained":[{"floor":1,"key":"Regen Potion"},{"floor":16,"key":"Swift Potion"},{"floor":19,"key":"BloodPotion"},{"floor":23,"key":"BloodPotion"},{"floor":27,"key":"Strength Potion"},{"floor":31,"key":"SpeedPotion"},{"floor":36,"key":"SpeedPotion"},{"floor":44,"key":"SteroidPotion"}],"is_trial":false,"path_per_floor":["M","$","?","?","M","M","R","?","T","$","R","?","E","M","R","B",null,"M","M","T","M","$","E","R","M","T","M","R","?","$","M","R","B",null,"M","M","$","?","?","R","M","R","T","M","R","E","M","M"],"character_chosen":"IRONCLAD","items_purchased":["Rupture","PreservedInsect"],"campfire_rested":8,"item_purchase_floors":[22,37],"current_hp_per_floor":[76,76,76,69,75,75,75,55,55,55,79,84,66,62,85,46,85,82,85,85,75,75,64,85,58,58,43,68,68,68,65,85,9,85,46,31,31,22,43,68,41,66,66,84,85,62,7,0],"gold":274,"neow_bonus":"RANDOM_COMMON_RELIC","is_prod":false,"is_daily":false,"chose_seed":false,"campfire_upgraded":0,"win_rate":0,"timestamp":1544616388,"path_taken":["M","$","?","?","M","M","R","?","T","$","R","?","E","?","R","BOSS","M","M","?","?","$","E","R","M","T","M","R","?","$","?","R","BOSS","M","M","$","?","?","R","M","R","T","M","R","E","M","M"],"build_version":"2018-12-06","purchased_purges":4,"victory":false,"max_hp_per_floor":[80,80,80,80,80,80,80,80,80,80,80,85,85,85,85,85,85,85,85,85,85,85,85,85,85,85,85,85,85,85,85,85,85,85,85,85,85,85,85,85,85,85,85,85,85,85,85,85],"card_choices":[{"not_picked":["Intimidate","Twin Strike"],"picked":"Sentinel","floor":1},{"not_picked":["Warcry","Inflame"],"picked":"Heavy Blade","floor":5},{"not_picked":["Infernal Blade","Headbutt"],"picked":"Anger","floor":6},{"not_picked":["Reckless Charge","Headbutt"],"picked":"Spot Weakness","floor":13},{"not_picked":["Second Wind","Heavy Blade"],"picked":"Warcry","floor":14},{"not_picked":["Fiend Fire","Offering"],"picked":"Immolate","floor":16},{"not_picked":["Twin Strike+1","Disarm"],"picked":"Flex","floor":18},{"not_picked":["Combust","Flex","Havoc"],"picked":"SKIP","floor":19},{"not_picked":["Body Slam","Perfected Strike+1"],"picked":"Juggernaut","floor":21},{"not_picked":["Anger","Pummel+1"],"picked":"Rage","floor":23},{"not_picked":["Clothesline+1","Hemokinesis","True Grit"],"picked":"SKIP","floor":25},{"not_picked":["Clothesline+1","Cleave+1"],"picked":"Burning Pact","floor":27},{"not_picked":["Headbutt","Cleave+1"],"picked":"Flex+1","floor":31},{"not_picked":["Double Tap","Bludgeon"],"picked":"Limit Break","floor":33},{"not_picked":["Sentinel","Carnage"],"picked":"Armaments+1","floor":35},{"not_picked":["Iron Wave","Perfected Strike+1"],"picked":"Shrug It Off+1","floor":36},{"not_picked":["Rupture","Heavy Blade+1"],"picked":"Reaper","floor":41},{"not_picked":["Entrench","Fire Breathing","Flex"],"picked":"SKIP","floor":44},{"not_picked":["Sword Boomerang","Fire Breathing","Wild Strike"],"picked":"SKIP","floor":46},{"not_picked":["Disarm","Headbutt","Clothesline"],"picked":"SKIP","floor":47}],"player_experience":212092,"relics_obtained":[{"floor":9,"key":"Bottled Flame"},{"floor":13,"key":"Orichalcum"},{"floor":23,"key":"Ornamental Fan"},{"floor":26,"key":"Ancient Tea Set"},{"floor":43,"key":"Champion Belt"},{"floor":46,"key":"Potion Belt"}],"event_choices":[{"damage_healed":0,"gold_gain":0,"cards_transformed":["Strike_R"],"player_choice":"Change","damage_taken":0,"max_hp_gain":0,"max_hp_loss":0,"event_name":"Living Wall","floor":3,"gold_loss":0,"cards_obtained":["Carnage"]},{"cards_removed":["Defend_R"],"damage_healed":0,"gold_gain":0,"player_choice":"Card Removal","damage_taken":7,"max_hp_gain":0,"max_hp_loss":0,"event_name":"Golden Wing","floor":4,"gold_loss":0},{"damage_healed":0,"gold_gain":0,"player_choice":"Take Damage","damage_taken":20,"relics_obtained":["Golden Idol"],"max_hp_gain":0,"max_hp_loss":0,"event_name":"Golden Idol","floor":8,"gold_loss":0},{"damage_healed":0,"gold_gain":0,"player_choice":"Donut","damage_taken":0,"max_hp_gain":5,"max_hp_loss":0,"event_name":"Big Fish","floor":12,"gold_loss":0},{"damage_healed":0,"gold_gain":0,"cards_transformed":["Defend_R"],"player_choice":"Transformed","damage_taken":0,"max_hp_gain":0,"max_hp_loss":0,"event_name":"Transmorgrifier","floor":29,"gold_loss":0,"cards_obtained":["Demon Form"]},{"damage_healed":0,"gold_gain":0,"player_choice":"Fight","damage_taken":0,"max_hp_gain":0,"max_hp_loss":0,"event_name":"MindBloom","floor":38,"gold_loss":0},{"damage_healed":21,"gold_gain":0,"player_choice":"Writhe","damage_taken":0,"max_hp_gain":0,"max_hp_loss":0,"event_name":"Winding Halls","floor":39,"gold_loss":0,"cards_obtained":["Writhe"]}],"is_beta":false,"boss_relics":[{"not_picked":["White Beast Statue","Cursed Key"],"picked":"Fusion Hammer"},{"not_picked":["Runic Dome","Orrery"],"picked":"Runic Cube"}],"items_purged_floors":[2,10,22,30],"is_endless":false,"potions_floor_spawned":[1,16,19,23,27,31,36,44],"killed_by":"Maw","ascension_level":1}