{"gold_per_floor":[217,227,327,345,364,364,64,98,98,28,28,28,28,58,58,160,160,172,272,286,298,317,317,345,345,345,378,391,391,316,316,316,421,421,434,434,92,92,92,92,126,141,141,69,69,0,15,30,30,30],"floor_reached":51,"playtime":5102,"items_purged":["Strike_G","Strike_G"],"score":825,"play_id":"755aa74e-f070-4fab-88bb-473167f540c3","local_time":"20190802053714","is_ascension_mode":true,"campfire_choices":[{"data":"Skewer","floor":6.0,"key":"SMITH"},{"data":"Phantasmal Killer","floor":11.0,"key":"SMITH"},{"data":"Dash","floor":13.0,"key":"SMITH"},{"data":"Outmaneuver","floor":15.0,"key":"SMITH"},{"data":"Glass Knife","floor":23.0,"key":"SMITH"},{"data":"Tactician","floor":25.0,"key":"SMITH"},{"floor":29.0,"key":"REST"},{"floor":32.0,"key":"REST"},{"data":"Tactician","floor":40,"key":"SMITH"},{"data":"Footwork","floor":45,"key":"SMITH"},{"data":"Well Laid Plans","floor":49,"key":"SMITH"}],"neow_cost":"NONE","seed_source_timestamp":1926694187583100,"circlet_count":0,"master_deck":["Strike_G","Defend_G","Defend_G+1","Defend_G","Defend_G","Defend_G","Survivor","Neutralize","Dagger Throw","Tactician+1","Tactician+1","Skewer+1","Well Laid Plans+1","Phantasmal Killer+1","Backstab","Outmaneuver+1","Dash+1","Glass Knife+1","Terror","Dagger Throw","Leg Sweep+1","Backflip","PiercingWail+1","PiercingWail+1","Backflip","Blur","Acrobatics","Venomology","Underhanded Strike","Blur","Violence","Madness","Madness","Expertise","Footwork+1","Calculated Gamble+1","Backstab+1"],"special_seed":0,"relics":["Ring of the Snake","Bottled Lightning","Paper Crane","Letter Opener","Orrery","War Paint","Bottled Flame","Omamori","Coffee Dripper","Pen Nib","Sundial","Red Mask"],"potions_floor_usage":[35,41,41,47,50,50,50],"damage_taken":[{"damage":5.0,"enemies":"Small Slimes","floor":1.0,"turns":4.0},{"damage":0.0,"enemies":"Cultist","floor":2.0,"turns":3.0},{"damage":0.0,"enemies":"2 Louse","floor":4.0,"turns":3.0},{"damage":13.0,"enemies":"Red Slaver","floor":5.0,"turns":5.0},{"damage":15.0,"enemies":"3 Sentries","floor":8.0,"turns":7.0},{"damage":9.0,"enemies":"Gremlin Nob","floor":14.0,"turns":4.0},{"damage":25.0,"enemies":"The Guardian","floor":16.0,"turns":11.0},{"damage":10.0,"enemies":"2 Thieves","floor":18.0,"turns":3.0},{"damage":12.0,"enemies":"3 Byrds","floor":20.0,"turns":7.0},{"damage":2.0,"enemies":"3 Cultists","floor":21.0,"turns":4.0},{"damage":4.0,"enemies":"Chosen and Byrds","floor":22.0,"turns":6.0},{"damage":0.0,"enemies":"Gremlin Leader","floor":24.0,"turns":7.0},{"damage":32.0,"enemies":"Book of Stabbing","floor":27.0,"turns":5.0},{"damage":0.0,"enemies":"Snake Plant","floor":28.0,"turns":5.0},{"damage":28.0,"enemies":"Champ","floor":33.0,"turns":12.0},{"damage":16,"enemies":"3 Darklings","floor":35,"turns":7},{"damage":3,"enemies":"Nemesis","floor":41,"turns":5},{"damage":0,"enemies":"3 Shapes","floor":42,"turns":6},{"damage":0,"enemies":"3 Darklings","floor":47,"turns":5},{"damage":0,"enemies":"Spire Growth","floor":48,"turns":4},{"damage":25,"enemies":"Awakened One","floor":50,"turns":16}],"seed_played":"4846019140745506408","potions_obtained":[{"floor":2.0,"key":"LiquidBronze"},{"floor":14.0,"key":"SpeedPotion"},{"floor":20.0,"key":"GhostInAJar"},{"floor":21.0,"key":"Ancient Potion"},{"floor":24.0,"key":"FearPotion"},{"floor":28.0,"key":"Weak Potion"},{"floor":35,"key":"Poison Potion"}],"is_trial":false,"path_per_floor":["M","M","?","M","M","R","$","E","T","$","R","$","R","E","R","B",null,"M","?","M","M","M","R","E","R","T","E","M","R","?","?","R","B",null,"M","?","$","?","$","R","E","M","T","$","R","?","M","M","R","B",null],"character_chosen":"THE_SILENT","items_purchased":["Well Laid Plans","Phantasmal Killer","Backstab","Dash","Blur","Violence","Footwork"],"campfire_rested":2,"item_purchase_floors":[7,7,7,10,37,37,44],"current_hp_per_floor":[65,65,65,65,52,52,52,37,37,37,37,37,37,28,28,3,70,60,60,48,46,42,42,42,42,42,10,10,31,31,18,40,12,75,59,59,59,50,50,50,47,47,47,47,47,47,47,47,47,22],"gold":30,"neow_bonus":"HUNDRED_GOLD","is_prod":false,"is_daily":false,"chose_seed":false,"campfire_upgraded":9,"win_rate":0,"timestamp":1564745834,"path_taken":["M","M","?","M","M","R","$","E","T","$","R","?","R","E","R","BOSS","M","?","?","M","M","R","E","R","T","E","M","R","?","?","R","BOSS","M","?","?","?","$","R","E","M","T","$","R","?","M","M","R","BOSS"],"build_version":"2019-07-18","purchased_purges":2,"victory":true,"max_hp_per_floor":[70,70,70,70,70,70,70,70,70,70,70,70,70,70,70,70,70,70,70,70,70,70,70,70,70,70,70,70,70,70,75,75,75,75,75,75,75,75,75,75,75,75,75,75,75,75,75,75,75,75],"card_choices":[{"not_picked":["Acrobatics","Poisoned Stab"],"picked":"Dagger Throw","floor":1.0},{"not_picked":["Choke","Masterful Stab"],"picked":"Tactician","floor":2.0},{"not_picked":["Acrobatics","Flying Knee"],"picked":"Tactician","floor":4.0},{"not_picked":["Blur","PiercingWail"],"picked":"Skewer","floor":5.0},{"not_picked":["Escape Plan","Flying Knee"],"picked":"Outmaneuver","floor":8.0},{"not_picked":["Eviscerate","Deflect","Well Laid Plans"],"picked":"SKIP","floor":14.0},{"not_picked":["Envenom","Phantasmal Killer"],"picked":"Glass Knife","floor":16.0},{"not_picked":["Predator","Deflect"],"picked":"Terror","floor":17.0},{"not_picked":["Prepared","Flying Knee"],"picked":"Dagger Throw","floor":17.0},{"not_picked":["Riddle With Holes","Backflip"],"picked":"Leg Sweep","floor":17.0},{"not_picked":["Terror+1","Finisher","Storm of Steel"],"picked":"SKIP","floor":18.0},{"not_picked":["Terror+1","Finisher","Storm of Steel"],"picked":"SKIP","floor":18.0},{"not_picked":["Flechettes","Blade Dance"],"picked":"Backflip","floor":20.0},{"not_picked":["Prepared+1","Deadly Poison"],"picked":"PiercingWail+1","floor":21.0},{"not_picked":["Noxious Fumes","Dodge and Roll"],"picked":"PiercingWail+1","floor":22.0},{"not_picked":["Burst","Cloak And Dagger+1"],"picked":"Backflip","floor":24.0},{"not_picked":["Choke","Dagger Throw"],"picked":"Blur","floor":27.0},{"not_picked":["Quick Slash+1","Eviscerate"],"picked":"Acrobatics","floor":28.0},{"not_picked":["Corpse Explosion","Glass Knife"],"picked":"Venomology","floor":33.0},{"not_picked":["Dagger Throw","Bane"],"picked":"Underhanded Strike","floor":35},{"not_picked":["Heel Hook","Quick Slash","Eviscerate"],"picked":"SKIP","floor":41},{"not_picked":["Dagger Throw","Finisher+1"],"picked":"Expertise","floor":42},{"not_picked":["Crippling Poison","Backflip"],"picked":"Calculated Gamble+1","floor":47},{"not_picked":["Prepared","Tactician"],"picked":"Backstab+1","floor":48}],"player_experience":53704,"relics_obtained":[{"floor":8.0,"key":"Bottled Lightning"},{"floor":9.0,"key":"Paper Crane"},{"floor":14.0,"key":"Letter Opener"},{"floor":24.0,"key":"War Paint"},{"floor":26.0,"key":"Bottled Flame"},{"floor":27.0,"key":"Omamori"},{"floor":41,"key":"Pen Nib"},{"floor":43,"key":"Sundial"}],"event_choices":[{"damage_healed":0.0,"max_hp_gain":0.0,"max_hp_loss":0.0,"gold_gain":100.0,"event_name":"Golden Shrine","player_choice":"Pray","floor":3.0,"gold_loss":0.0,"damage_taken":0.0},{"damage_healed":0.0,"max_hp_gain":0.0,"max_hp_loss":0.0,"gold_gain":100.0,"event_name":"Golden Shrine","player_choice":"Pray","floor":19.0,"gold_loss":0.0,"damage_taken":0.0},{"cards_removed":["Strike_G"],"damage_healed":0.0,"max_hp_gain":0.0,"max_hp_loss":0.0,"gold_gain":0.0,"event_name":"Beggar","player_choice":"Gave Gold","floor":30.0,"gold_loss":75.0,"damage_taken":0.0},{"damage_healed":0.0,"max_hp_gain":5.0,"max_hp_loss":0.0,"gold_gain":0.0,"event_name":"Forgotten Altar","player_choice":"Shed Blood","floor":31.0,"gold_loss":0.0,"damage_taken":18.0},{"cards_removed":["Strike_G"],"damage_healed":0,"gold_gain":0,"player_choice":"Removed Attack","damage_taken":0,"max_hp_gain":0,"max_hp_loss":0,"event_name":"Falling","floor":36,"gold_loss":0},{"damage_healed":0,"gold_gain":0,"player_choice":"Embrace Madness","damage_taken":9,"max_hp_gain":0,"max_hp_loss":0,"event_name":"Winding Halls","floor":38,"gold_loss":0,"cards_obtained":["Madness","Madness"]},{"damage_healed":0,"gold_gain":0,"player_choice":"Paid","damage_taken":0,"relics_obtained":["Red Mask"],"max_hp_gain":0,"max_hp_loss":0,"event_name":"Tomb of Lord Red Mask","floor":46,"gold_loss":69}],"is_beta":true,"boss_relics":[{"not_picked":["Velvet Choker","Snecko Eye"],"picked":"Orrery"},{"not_picked":["HoveringKite","Runic Dome"],"picked":"Coffee Dripper"}],"items_purged_floors":[7,37],"is_endless":false,"potions_floor_spawned":[2,14,20,21,24,28,35,47],"ascension_level":3}