{"gold_per_floor":[117,136,156,176,176,176,212,212,212,212,228,228,244,16,16,139,139,157,157,51,51,69,69,105,119,119,119,142,142,142,177,177,306,306,331,35,53,66,66,66,66],"floor_reached":41,"playtime":5982,"items_purged":["Injury"],"score":504,"play_id":"a9ffa879-eeba-4c1e-b780-5edc22478dfb","local_time":"20190504222028","is_ascension_mode":true,"campfire_choices":[{"data":"Searing Blow","floor":6,"key":"SMITH"},{"floor":10,"key":"REST"},{"data":"Metallicize","floor":12,"key":"SMITH"},{"data":"Shrug It Off","floor":15,"key":"SMITH"},{"data":"Armaments","floor":23,"key":"SMITH"},{"floor":27,"key":"REST"},{"floor":32,"key":"REST"},{"data":"Shockwave","floor":40,"key":"SMITH"}],"neow_cost":"PERCENT_DAMAGE","seed_source_timestamp":1977752326359400,"circlet_count":0,"master_deck":["Strike_R","Strike_R","Strike_R+1","Defend_R","Defend_R","Bash","Mind Blast","Forethought+1","Inflame","Searing Blow+1","Headbutt","Cleave","Metallicize+1","Shrug It Off+1","Double Tap+1","Headbutt+1","Havoc+1","Fiend Fire+1","Flame Barrier+1","Armaments+1","Corruption","Dark Embrace","Shockwave+1","Dual Wield","Rampage","Shrug It Off+1","Ghostly Armor"],"relics":["Black Blood","Golden Idol","Mango","Gremlin Horn","PreservedInsect","Astrolabe","Pear","Mummified Hand","War Paint","MutagenicStrength","Centennial Puzzle","Anchor"],"potions_floor_usage":[11,16,16,25,33,38,41,41],"damage_taken":[{"damage":2,"enemies":"2 Louse","floor":1,"turns":3},{"damage":17,"enemies":"Jaw Worm","floor":2,"turns":5},{"damage":0,"enemies":"Small Slimes","floor":3,"turns":3},{"damage":12,"enemies":"Looter","floor":4,"turns":5},{"damage":30,"enemies":"3 Sentries","floor":7,"turns":6},{"damage":0,"enemies":"Red Slaver","floor":11,"turns":5},{"damage":1,"enemies":"3 Louse","floor":13,"turns":2},{"damage":45,"enemies":"Slime Boss","floor":16,"turns":9},{"damage":33,"enemies":"3 Byrds","floor":18,"turns":4},{"damage":10,"enemies":"Chosen","floor":22,"turns":4},{"damage":0,"enemies":"Gremlin Leader","floor":24,"turns":3},{"damage":16,"enemies":"3 Cultists","floor":25,"turns":5},{"damage":23,"enemies":"Shelled Parasite and Fungi","floor":28,"turns":8},{"damage":46,"enemies":"Slavers","floor":31,"turns":5},{"damage":56,"enemies":"Collector","floor":33,"turns":9},{"damage":7,"enemies":"3 Shapes","floor":35,"turns":4},{"damage":9,"enemies":"Orb Walker","floor":37,"turns":3},{"damage":2,"enemies":"4 Shapes","floor":38,"turns":4},{"damage":104,"enemies":"Giant Head","floor":41,"turns":9}],"seed_played":"5713974754933646088","potions_obtained":[{"floor":1,"key":"Ancient Potion"},{"floor":7,"key":"AttackPotion"},{"floor":11,"key":"Explosive Potion"},{"floor":24,"key":"SkillPotion"},{"floor":31,"key":"EssenceOfSteel"},{"floor":33,"key":"Swift Potion"},{"floor":35,"key":"Explosive Potion"},{"floor":37,"key":"Explosive Potion"}],"is_trial":false,"path_per_floor":["M","M","M","M","?","R","E","?","T","R","M","R","M","$","R","B",null,"M","?","?","$","M","R","E","M","T","R","M","?","?","E","R","B",null,"M","$","M","M","?","R","E"],"character_chosen":"IRONCLAD","items_purchased":["PreservedInsect","Dual Wield","Rampage","Anchor"],"campfire_rested":3,"item_purchase_floors":[14,36,36,36],"current_hp_per_floor":[60,49,55,49,49,49,39,20,20,48,54,54,59,59,59,20,94,67,67,77,77,73,73,79,69,69,100,83,83,83,43,74,24,104,104,104,104,104,104,104,0],"gold":66,"neow_bonus":"RANDOM_COLORLESS_2","is_prod":false,"is_daily":false,"chose_seed":false,"campfire_upgraded":5,"win_rate":0,"timestamp":1557033628,"path_taken":["M","M","M","M","?","R","E","?","T","R","M","R","M","$","R","BOSS","M","?","?","$","M","R","E","M","T","R","?","?","?","E","R","BOSS","M","$","M","M","?","R","E"],"build_version":"2019-01-23","purchased_purges":1,"victory":false,"max_hp_per_floor":[80,80,80,80,80,80,94,94,94,94,94,94,94,94,94,94,94,94,94,104,104,104,104,104,104,104,104,104,104,104,104,104,104,104,104,104,104,104,104,104,104],"card_choices":[{"not_picked":["Havoc","Heavy Blade"],"picked":"Inflame","floor":1},{"not_picked":["Headbutt","Cleave"],"picked":"Searing Blow","floor":2},{"not_picked":["Twin Strike","Blood for Blood"],"picked":"Headbutt","floor":3},{"not_picked":["Warcry","Hemokinesis"],"picked":"Cleave","floor":4},{"not_picked":["Warcry","Iron Wave"],"picked":"Metallicize","floor":7},{"not_picked":["Barricade","Infernal Blade"],"picked":"Shrug It Off","floor":11},{"not_picked":["Bloodletting","Disarm","Warcry"],"picked":"SKIP","floor":13},{"not_picked":["Limit Break","Bludgeon"],"picked":"Double Tap","floor":16},{"not_picked":["Twin Strike","Clothesline"],"picked":"Flame Barrier","floor":18},{"not_picked":["Headbutt","Ghostly Armor"],"picked":"Armaments","floor":22},{"not_picked":["Wild Strike","Perfected Strike","Body Slam+1"],"picked":"SKIP","floor":24},{"not_picked":["Evolve","True Grit","Twin Strike"],"picked":"SKIP","floor":25},{"not_picked":["Bloodletting+1","Reckless Charge"],"picked":"Corruption","floor":28},{"not_picked":["Anger","Metallicize+1","Evolve+1"],"picked":"SKIP","floor":31},{"not_picked":["Limit Break","Berserk"],"picked":"Dark Embrace","floor":33},{"not_picked":["Clash","Headbutt"],"picked":"Shockwave","floor":35},{"not_picked":["Disarm","Sever Soul+1"],"picked":"Shrug It Off+1","floor":37},{"not_picked":["Shrug It Off","Heavy Blade+1"],"picked":"Ghostly Armor","floor":38}],"player_experience":458473,"relics_obtained":[{"floor":7,"key":"Mango"},{"floor":9,"key":"Gremlin Horn"},{"floor":24,"key":"Mummified Hand"},{"floor":26,"key":"War Paint"},{"floor":31,"key":"Centennial Puzzle"}],"event_choices":[{"damage_healed":0,"gold_gain":0,"player_choice":"Take Wound","damage_taken":0,"relics_obtained":["Golden Idol"],"max_hp_gain":0,"max_hp_loss":0,"event_name":"Golden Idol","floor":5,"gold_loss":0,"cards_obtained":["Injury"]},{"damage_healed":0,"gold_gain":0,"player_choice":"Entered Light","damage_taken":19,"max_hp_gain":0,"max_hp_loss":0,"event_name":"Shining Light","floor":8,"gold_loss":0,"cards_upgraded":["Strike_R","Forethought"]},{"damage_healed":0,"gold_gain":0,"player_choice":"Ignored","damage_taken":0,"max_hp_gain":0,"max_hp_loss":0,"event_name":"Ghosts","floor":19,"gold_loss":0},{"damage_healed":0,"gold_gain":0,"player_choice":"Paid Gold","damage_taken":0,"relics_obtained":["Pear"],"max_hp_gain":0,"max_hp_loss":0,"event_name":"WeMeetAgain","floor":20,"gold_loss":106},{"damage_healed":0,"gold_gain":0,"player_choice":"Inject Mutagens","damage_taken":0,"relics_obtained":["MutagenicStrength"],"max_hp_gain":0,"max_hp_loss":0,"event_name":"Drug Dealer","floor":29,"gold_loss":0},{"cards_removed":["Strike_R"],"damage_healed":0,"gold_gain":0,"player_choice":"Card Removal","damage_taken":0,"max_hp_gain":0,"max_hp_loss":0,"event_name":"Wheel of Change","floor":30,"gold_loss":0},{"damage_healed":0,"gold_gain":0,"player_choice":"Ignored","damage_taken":0,"max_hp_gain":0,"max_hp_loss":0,"event_name":"Mysterious Sphere","floor":39,"gold_loss":0}],"is_beta":false,"boss_relics":[{"not_picked":["Snecko Eye","Busted Crown"],"picked":"Astrolabe"},{"not_picked":["Philosopher\u0027s Stone","Sozu"],"picked":"Black Blood"}],"items_purged_floors":[14],"is_endless":false,"potions_floor_spawned":[1,7,11,24,31,33,35,37],"killed_by":"Giant Head","ascension_level":1}