{"gold_per_floor":[113,125,139,158,171,200,215,215,215,279,295,295,108,108,108,182,182,201,218,98,98,113,113,140,140,166,182,202,102,112,112],"floor_reached":31,"playtime":1670,"items_purged":["Strike_R","Defend_R"],"score":456,"play_id":"9915bf1f-c37a-484c-bfe1-670778419f55","local_time":"20190622221622","is_ascension_mode":true,"campfire_choices":[{"floor":8,"key":"REST"},{"floor":15,"key":"REST"},{"data":"Armaments","floor":23,"key":"SMITH"},{"data":"Fire Breathing","floor":25,"key":"SMITH"}],"neow_cost":"NONE","seed_source_timestamp":135054212850449,"circlet_count":0,"master_deck":["AscendersBane","Defend_R","Defend_R","Defend_R","Bash","Wild Strike","Pommel Strike","Shrug It Off","Rampage+1","Exhume","Disarm","Twin Strike","Headbutt","Clothesline","Carnage","Demon Form","Shockwave","Thunderclap+1","Armaments+1","Bite","Bite","Bite","Bite","Bite","Fire Breathing+1","Limit Break","Spot Weakness+1"],"relics":["Burning Blood","Red Skull","Oddly Smooth Stone","Boot","Coffee Dripper","Mango"],"potions_floor_usage":[3,6,16,19,30],"damage_taken":[{"damage":9,"enemies":"Jaw Worm","floor":1,"turns":5},{"damage":12,"enemies":"2 Louse","floor":2,"turns":3},{"damage":0,"enemies":"Small Slimes","floor":3,"turns":2},{"damage":37,"enemies":"Gremlin Gang","floor":4,"turns":5},{"damage":9,"enemies":"Red Slaver","floor":5,"turns":2},{"damage":30,"enemies":"Lagavulin","floor":6,"turns":6},{"damage":5,"enemies":"Looter","floor":7,"turns":2},{"damage":24,"enemies":"Lots of Slimes","floor":11,"turns":5},{"damage":22,"enemies":"Slime Boss","floor":16,"turns":9},{"damage":11,"enemies":"Spheric Guardian","floor":18,"turns":3},{"damage":28,"enemies":"Shell Parasite","floor":19,"turns":4},{"damage":17,"enemies":"Centurion and Healer","floor":22,"turns":6},{"damage":43,"enemies":"Book of Stabbing","floor":24,"turns":6},{"damage":20,"enemies":"Sentry and Sphere","floor":27,"turns":4},{"damage":24,"enemies":"Shelled Parasite and Fungi","floor":28,"turns":6},{"damage":6,"enemies":"Chosen and Byrds","floor":30,"turns":4},{"damage":32,"enemies":"Snake Plant","floor":31,"turns":3}],"seed_played":"680137147820729557","potions_obtained":[{"floor":2,"key":"Explosive Potion"},{"floor":4,"key":"EssenceOfSteel"},{"floor":11,"key":"Fire Potion"},{"floor":16,"key":"FearPotion"},{"floor":19,"key":"SneckoOil"},{"floor":24,"key":"Poison Potion"},{"floor":28,"key":"Ancient Potion"}],"is_trial":false,"path_per_floor":["M","M","M","M","M","E","M","R","T","?","M","?","$","?","R","B",null,"M","M","$","?","M","R","E","R","T","M","M","$","M","M"],"character_chosen":"IRONCLAD","items_purchased":["Blood Vial","Carnage","Armaments"],"campfire_rested":2,"item_purchase_floors":[13,13,20],"current_hp_per_floor":[69,63,69,38,35,11,12,36,36,36,18,18,18,18,42,28,67,64,44,44,44,49,49,32,32,32,24,18,18,28,0],"gold":112,"neow_bonus":"RANDOM_COMMON_RELIC","is_prod":false,"is_daily":false,"chose_seed":false,"campfire_upgraded":2,"win_rate":0,"timestamp":1561256182,"path_taken":["M","M","M","M","M","E","M","R","T","?","M","?","$","?","R","BOSS","M","?","?","?","M","R","E","R","T","M","M","$","M","M"],"build_version":"2019-01-23","purchased_purges":2,"victory":false,"max_hp_per_floor":[80,80,80,80,80,80,80,80,80,80,80,80,80,80,80,80,80,80,80,80,80,80,80,94,94,94,94,94,94,94,94],"card_choices":[{"not_picked":["True Grit","Iron Wave"],"picked":"Wild Strike","floor":1},{"not_picked":["Anger","Warcry"],"picked":"Pommel Strike","floor":2},{"not_picked":["Clash","Sever Soul"],"picked":"Shrug It Off","floor":3},{"not_picked":["Wild Strike","Sever Soul"],"picked":"Rampage","floor":4},{"not_picked":["Perfected Strike","Burning Pact"],"picked":"Exhume","floor":5},{"not_picked":["Iron Wave","Warcry"],"picked":"Disarm","floor":6},{"not_picked":["Clash","Anger"],"picked":"Twin Strike","floor":7},{"not_picked":["Pommel Strike","Armaments"],"picked":"Headbutt","floor":11},{"not_picked":["Berserk","Limit Break"],"picked":"Demon Form","floor":16},{"not_picked":["Hemokinesis","Rupture"],"picked":"Shockwave","floor":18},{"not_picked":["Perfected Strike","Shockwave"],"picked":"Thunderclap+1","floor":19},{"not_picked":["Blood for Blood","Corruption"],"picked":"Fire Breathing","floor":22},{"not_picked":["Shrug It Off","Body Slam"],"picked":"Limit Break","floor":24},{"not_picked":["Rampage","Warcry","Second Wind"],"picked":"SKIP","floor":27},{"not_picked":["Thunderclap","Infernal Blade","Rampage"],"picked":"SKIP","floor":28},{"not_picked":["Flex","Clothesline"],"picked":"Spot Weakness+1","floor":30}],"player_experience":330895,"relics_obtained":[{"floor":6,"key":"Oddly Smooth Stone"},{"floor":9,"key":"Boot"},{"floor":24,"key":"Mango"}],"event_choices":[{"damage_healed":0,"gold_gain":64,"player_choice":"Gained Gold","damage_taken":0,"max_hp_gain":0,"max_hp_loss":0,"event_name":"Golden Wing","floor":10,"gold_loss":0},{"damage_healed":0,"gold_gain":0,"cards_transformed":["Strike_R"],"player_choice":"Change","damage_taken":0,"max_hp_gain":0,"max_hp_loss":0,"event_name":"Living Wall","floor":12,"gold_loss":0,"cards_obtained":["Clothesline"]},{"damage_healed":0,"gold_gain":0,"player_choice":"Upgraded","damage_taken":0,"max_hp_gain":0,"max_hp_loss":0,"event_name":"Upgrade Shrine","floor":14,"gold_loss":0,"cards_upgraded":["Rampage"]},{"damage_healed":0,"gold_gain":0,"player_choice":"Became a vampire (Vial)","damage_taken":0,"max_hp_gain":0,"max_hp_loss":0,"event_name":"Vampires","floor":21,"relics_lost":["Blood Vial"],"gold_loss":0,"cards_obtained":["Bite","Bite","Bite","Bite","Bite"]}],"is_beta":false,"boss_relics":[{"not_picked":["Empty Cage","Pandora\u0027s Box"],"picked":"Coffee Dripper"}],"items_purged_floors":[20,29],"is_endless":false,"potions_floor_spawned":[2,4,11,16,19,24,28],"killed_by":"Snake Plant","ascension_level":13}