{"gold_per_floor":[113,15,28,28,46,46,60,60,83,83,114,131,145,174,174,274,274,287,304,316,331,351,385,385,385,433,445,485,497],"floor_reached":29,"playtime":3440,"items_purged":["Strike_B"],"score":277,"play_id":"849146a6-91e0-4d33-8438-a392144739db","local_time":"20190730212901","is_ascension_mode":false,"campfire_choices":[{"data":"Streamline","floor":6,"key":"SMITH"},{"data":"Zap","floor":8,"key":"SMITH"},{"data":"Dualcast","floor":10,"key":"SMITH"},{"data":"Coolheaded","floor":15,"key":"SMITH"},{"data":"Chaos","floor":24,"key":"SMITH"},{"floor":27,"key":"REST"}],"neow_cost":"NONE","seed_source_timestamp":1726681203381200,"circlet_count":0,"master_deck":["Defend_B","Defend_B","Defend_B","Defend_B","Zap+1","Dualcast+1","Glacier","Streamline+1","Go for the Eyes","Coolheaded+1","Hologram","Melter","Capacitor","Genetic Algorithm","Rainbow","Reprogram","Compile Driver","Chaos+1","Compile Driver","Barrage+1","Heatsinks+1","Self Repair+1","Seek+1","Genetic Algorithm+1","Self Repair"],"relics":["Cracked Core","Boot","Happy Flower","Shuriken","Orrery","Toxic Egg 2","MawBank","Lantern"],"potions_floor_usage":[14,19,23,23,28],"damage_taken":[{"damage":6,"enemies":"Jaw Worm","floor":1,"turns":3},{"damage":1,"enemies":"Cultist","floor":3,"turns":3},{"damage":0,"enemies":"Small Slimes","floor":5,"turns":2},{"damage":0,"enemies":"Exordium Wildlife","floor":7,"turns":3},{"damage":8,"enemies":"Gremlin Nob","floor":11,"turns":5},{"damage":0,"enemies":"3 Louse","floor":12,"turns":3},{"damage":0,"enemies":"Red Slaver","floor":13,"turns":3},{"damage":1,"enemies":"3 Sentries","floor":14,"turns":3},{"damage":7,"enemies":"Slime Boss","floor":16,"turns":12},{"damage":0,"enemies":"3 Byrds","floor":18,"turns":3},{"damage":15,"enemies":"2 Thieves","floor":19,"turns":4},{"damage":16,"enemies":"Snake Plant","floor":20,"turns":4},{"damage":17,"enemies":"Snecko","floor":21,"turns":5},{"damage":10,"enemies":"Chosen and Byrds","floor":22,"turns":8},{"damage":20,"enemies":"Gremlin Leader","floor":23,"turns":8},{"damage":41,"enemies":"Slavers","floor":28,"turns":7},{"damage":29,"enemies":"Masked Bandits","floor":29,"turns":3}],"seed_played":"5874135183405243359","potions_obtained":[{"floor":5,"key":"FocusPotion"},{"floor":7,"key":"AttackPotion"},{"floor":12,"key":"PowerPotion"},{"floor":20,"key":"AttackPotion"},{"floor":23,"key":"Dexterity Potion"}],"is_trial":false,"path_per_floor":["M","$","M","?","M","R","M","R","T","R","E","M","M","E","R","B",null,"M","M","M","M","M","E","R","?","T","R","E","?"],"character_chosen":"DEFECT","items_purchased":["Streamline"],"campfire_rested":1,"item_purchase_floors":[2],"current_hp_per_floor":[76,76,75,75,75,75,75,75,75,75,67,67,67,66,66,59,82,82,67,51,34,34,24,24,24,24,48,17,0],"gold":497,"neow_bonus":"TEN_PERCENT_HP_BONUS","is_prod":false,"is_daily":false,"chose_seed":false,"campfire_upgraded":5,"win_rate":0.0,"timestamp":1564543741,"path_taken":["M","$","M","?","M","R","M","R","T","R","E","M","M","E","R","BOSS","M","M","M","M","M","E","R","?","T","R","E","?"],"build_version":"2019-07-18","purchased_purges":1,"victory":false,"max_hp_per_floor":[82,82,82,82,82,82,82,82,82,82,82,82,82,82,82,82,82,82,82,82,82,82,82,82,82,82,82,82,82],"card_choices":[{"not_picked":["Stack","Auto Shields"],"picked":"Glacier","floor":1},{"not_picked":["Self Repair","Gash"],"picked":"Go for the Eyes","floor":3},{"not_picked":["Streamline","Creative AI"],"picked":"Coolheaded","floor":5},{"not_picked":["Cold Snap","Leap"],"picked":"Hologram","floor":7},{"not_picked":["Hello World","Reinforced Body"],"picked":"Melter","floor":11},{"not_picked":["Reprogram","Beam Cell"],"picked":"Capacitor","floor":12},{"not_picked":["Coolheaded","Leap"],"picked":"Genetic Algorithm","floor":13},{"not_picked":["Lockon","Ball Lightning","Conserve Battery"],"picked":"SKIP","floor":14},{"not_picked":["Lockon","Ball Lightning","Conserve Battery"],"picked":"SKIP","floor":14},{"not_picked":["Buffer","Thunder Strike"],"picked":"Rainbow","floor":16},{"not_picked":["Ball Lightning","Conserve Battery"],"picked":"Reprogram","floor":17},{"not_picked":["Ball Lightning","Leap"],"picked":"Compile Driver","floor":17},{"not_picked":["Coolheaded","Heatsinks"],"picked":"Chaos","floor":17},{"not_picked":["Coolheaded","Glacier"],"picked":"Compile Driver","floor":17},{"not_picked":["Go for the Eyes","Sweeping Beam"],"picked":"Barrage+1","floor":18},{"not_picked":["Steam Power","Sweeping Beam","Barrage+1"],"picked":"SKIP","floor":19},{"not_picked":["Go for the Eyes","All For One"],"picked":"Heatsinks+1","floor":20},{"not_picked":["Leap+1","Streamline"],"picked":"Self Repair+1","floor":21},{"not_picked":["Redo","Barrage","Hologram"],"picked":"SKIP","floor":22},{"not_picked":["Steam","Static Discharge","Conserve Battery"],"picked":"SKIP","floor":23},{"not_picked":["Tempest+1","Force Field+1"],"picked":"Self Repair","floor":28}],"player_experience":7249,"relics_obtained":[{"floor":9,"key":"Boot"},{"floor":11,"key":"Happy Flower"},{"floor":14,"key":"Shuriken"},{"floor":23,"key":"Toxic Egg 2"},{"floor":26,"key":"MawBank"},{"floor":28,"key":"Lantern"}],"event_choices":[{"cards_removed":["Strike_B"],"damage_healed":0,"gold_gain":0,"player_choice":"Purged","damage_taken":0,"max_hp_gain":0,"max_hp_loss":0,"event_name":"Purifier","floor":4,"gold_loss":0},{"damage_healed":0,"gold_gain":0,"cards_transformed":["Strike_B","Strike_B"],"player_choice":"Became Test Subject","damage_taken":0,"max_hp_gain":0,"max_hp_loss":0,"event_name":"Drug Dealer","floor":25,"gold_loss":0,"cards_obtained":["Seek","Genetic Algorithm"]},{"damage_healed":0,"gold_gain":0,"player_choice":"Fought Bandits","damage_taken":0,"max_hp_gain":0,"max_hp_loss":0,"event_name":"Masked Bandits","floor":29,"gold_loss":0}],"is_beta":true,"boss_relics":[{"not_picked":["Snecko Eye","Runic Dome"],"picked":"Orrery"}],"items_purged_floors":[2],"is_endless":false,"potions_floor_spawned":[5,7,12,20,23],"killed_by":"Masked Bandits","ascension_level":0}