{"gold_per_floor":[116,127,138,154,169,199,199,149,175,350,383,406,421,421,421,519,519,535,143,143,43,142,142,153,181,181,181,1,17,36,51,51,152,152,165,40,57,76,76,76,111,111,135,135,165,178,28,44,44,44,44,44,20,49,49],"floor_reached":55,"playtime":4221,"items_purged":["Doubt","Strike_R","Regret","Doubt"],"score":1065,"play_id":"c32b699c-8fea-4dc7-b202-34be81646dd5","local_time":"20190606222927","is_ascension_mode":true,"campfire_choices":[{"data":"Armaments","floor":7.0,"key":"SMITH"},{"floor":15.0,"key":"REST"},{"data":"Metallicize","floor":23.0,"key":"SMITH"},{"data":"Shockwave","floor":27.0,"key":"SMITH"},{"data":"Rampage","floor":32.0,"key":"SMITH"},{"data":"True Grit","floor":40.0,"key":"SMITH"},{"data":"Battle Trance","floor":42.0,"key":"SMITH"},{"data":"Battle Trance","floor":44.0,"key":"SMITH"},{"floor":49.0,"key":"RECALL"},{"data":"Juggernaut","floor":52.0,"key":"SMITH"}],"neow_cost":"NONE","seed_source_timestamp":0,"circlet_count":0,"master_deck":["Strike_R+1","Strike_R+1","Strike_R","Defend_R+1","Defend_R+1","Defend_R","Defend_R","Bash","True Grit+1","Shockwave+1","Armaments+1","Flex","Metallicize+1","Battle Trance+1","Headbutt","Bludgeon","Feed","Carnage+1","Feel No Pain","Battle Trance+1","Thunderclap+1","Impervious","Rampage+1","Pummel+1","Shrug It Off+1","Juggernaut+1","Doubt","Intimidate","Sentinel","Parasite","Corruption+1","Headbutt","Body Slam+1","Pommel Strike+1","Shrug It Off","Dual Wield"],"special_seed":0,"relics":["Burning Blood","Red Skull","StoneCalendar","Lantern","War Paint","Centennial Puzzle","Coffee Dripper","Bottled Tornado","Enchiridion","Magic Flower","Ornamental Fan","Calling Bell","Regal Pillow","Frozen Egg 2","Bird Faced Urn","Kunai","Whetstone","Orichalcum","Pen Nib"],"potions_floor_usage":[55],"damage_taken":[{"damage":4.0,"enemies":"Small Slimes","floor":1.0,"turns":5.0},{"damage":4.0,"enemies":"2 Louse","floor":2.0,"turns":4.0},{"damage":4.0,"enemies":"Jaw Worm","floor":3.0,"turns":4.0},{"damage":13.0,"enemies":"3 Louse","floor":4.0,"turns":3.0},{"damage":9.0,"enemies":"Blue Slaver","floor":5.0,"turns":5.0},{"damage":29.0,"enemies":"3 Sentries","floor":6.0,"turns":6.0},{"damage":16.0,"enemies":"Gremlin Nob","floor":11.0,"turns":4.0},{"damage":8.0,"enemies":"Looter","floor":13.0,"turns":3.0},{"damage":20.0,"enemies":"Hexaghost","floor":16.0,"turns":8.0},{"damage":0.0,"enemies":"Chosen","floor":18.0,"turns":3.0},{"damage":9.0,"enemies":"Spheric Guardian","floor":24.0,"turns":4.0},{"damage":36.0,"enemies":"Slavers","floor":25.0,"turns":7.0},{"damage":1.0,"enemies":"Chosen and Byrds","floor":29.0,"turns":6.0},{"damage":8.0,"enemies":"Shelled Parasite and Fungi","floor":30.0,"turns":4.0},{"damage":0.0,"enemies":"Snake Plant","floor":31.0,"turns":5.0},{"damage":18.0,"enemies":"Champ","floor":33.0,"turns":8.0},{"damage":59.0,"enemies":"3 Darklings","floor":35.0,"turns":6.0},{"damage":11.0,"enemies":"3 Shapes","floor":37.0,"turns":4.0},{"damage":14.0,"enemies":"Writhing Mass","floor":38.0,"turns":7.0},{"damage":11.0,"enemies":"Giant Head","floor":41.0,"turns":8.0},{"damage":37.0,"enemies":"Nemesis","floor":45.0,"turns":7.0},{"damage":8.0,"enemies":"Maw","floor":46.0,"turns":7.0},{"damage":3.0,"enemies":"Jaw Worm Horde","floor":48.0,"turns":4.0},{"damage":74.0,"enemies":"Awakened One","floor":50.0,"turns":10.0},{"damage":80.0,"enemies":"Shield and Spear","floor":54.0,"turns":5.0},{"damage":57,"enemies":"The Heart","floor":55,"turns":5}],"seed_played":"2348475113274791689","potions_obtained":[{"floor":2.0,"key":"Energy Potion"},{"floor":5.0,"key":"PowerPotion"},{"floor":6.0,"key":"Weak Potion"},{"floor":16.0,"key":"EssenceOfSteel"},{"floor":18.0,"key":"Weak Potion"},{"floor":25.0,"key":"PowerPotion"},{"floor":29.0,"key":"SmokeBomb"},{"floor":30.0,"key":"PowerPotion"},{"floor":38.0,"key":"EntropicBrew"},{"floor":39.0,"key":"Energy Potion"},{"floor":39.0,"key":"SkillPotion"},{"floor":41.0,"key":"GamblersBrew"},{"floor":46.0,"key":"Dexterity Potion"}],"is_trial":false,"path_per_floor":["M","M","M","M","M","E","R","?","T","?","E","T","M","?","R","B",null,"M","$","?","$","?","R","M","E","T","R","$","M","M","M","R","B",null,"M","$","M","M","?","R","E","R","T","R","E","M","$","M","R","B",null,"R","$","E","B"],"character_chosen":"IRONCLAD","items_purchased":["Bottled Tornado","Feel No Pain","Impervious","Rampage","Shrug It Off"],"campfire_rested":1,"item_purchase_floors":[19,19,28,28,53],"current_hp_per_floor":[74,76,78,71,68,45,45,45,45,45,35,35,33,30,54,40,70,76,76,60,60,60,60,61,35,35,35,35,43,49,64,64,60,89,51,51,58,65,65,65,78,78,78,78,65,81,81,101,101,45,87,87,87,36,0],"gold":49,"neow_bonus":"RANDOM_COMMON_RELIC","is_prod":false,"is_daily":false,"chose_seed":false,"campfire_upgraded":8,"win_rate":0,"timestamp":1559874567,"path_taken":["M","M","M","M","M","E","R","?","T","?","E","?","M","?","R","BOSS","M","$","?","$","?","R","M","E","T","R","$","M","M","M","R","BOSS","M","$","M","M","?","R","E","R","T","R","E","M","$","?","R","BOSS","R","$","E","BOSS"],"build_version":"2019-01-23","purchased_purges":4,"victory":false,"max_hp_per_floor":[80,80,80,80,80,80,80,80,80,80,80,80,80,80,80,80,80,80,80,80,80,80,80,84,88,88,88,88,88,91,95,95,98,98,98,98,98,98,98,98,98,98,98,98,98,98,98,101,101,101,101,101,101,104,104],"card_choices":[{"not_picked":["Sever Soul","Flex"],"picked":"True Grit","floor":1.0},{"not_picked":["Clash","Intimidate"],"picked":"Shockwave","floor":2.0},{"not_picked":["Headbutt","Thunderclap"],"picked":"Armaments","floor":3.0},{"not_picked":["Intimidate","Anger"],"picked":"Flex","floor":4.0},{"not_picked":["Clothesline","Pommel Strike"],"picked":"Metallicize","floor":5.0},{"not_picked":["Heavy Blade","Headbutt"],"picked":"Battle Trance","floor":6.0},{"not_picked":["Thunderclap","Clash"],"picked":"Headbutt","floor":11.0},{"not_picked":["Rupture","Reckless Charge"],"picked":"Bludgeon","floor":13.0},{"not_picked":["Double Tap","Dark Embrace"],"picked":"Feed","floor":16.0},{"not_picked":["Warcry","Sever Soul"],"picked":"Carnage+1","floor":18.0},{"not_picked":["Headbutt","Thunderclap"],"picked":"Battle Trance","floor":24.0},{"not_picked":["Bloodletting","Warcry"],"picked":"Thunderclap+1","floor":25.0},{"not_picked":["Twin Strike+1","Armaments"],"picked":"Pummel+1","floor":29.0},{"not_picked":["Sword Boomerang+1","Flex"],"picked":"Shrug It Off+1","floor":30.0},{"not_picked":["Heavy Blade+1","Shockwave","Brutality"],"picked":"SKIP","floor":31.0},{"not_picked":["Offering","Feed"],"picked":"Juggernaut","floor":33.0},{"not_picked":["Burning Pact+1","Clash"],"picked":"Intimidate","floor":35.0},{"not_picked":["Flex","Iron Wave"],"picked":"Sentinel","floor":37.0},{"not_picked":["Warcry+1","Sword Boomerang+1"],"picked":"Corruption+1","floor":38.0},{"not_picked":["Body Slam+1","Berserk+1","Anger"],"picked":"SKIP","floor":41.0},{"not_picked":["True Grit","Heavy Blade+1"],"picked":"Headbutt","floor":45.0},{"not_picked":["Rupture+1","Sword Boomerang"],"picked":"Body Slam+1","floor":46.0},{"not_picked":["Power Through+1","Thunderclap+1"],"picked":"Pommel Strike+1","floor":48.0},{"not_picked":["Evolve+1","Inflame+1"],"picked":"Dual Wield","floor":54.0}],"player_experience":202503,"relics_obtained":[{"floor":6.0,"key":"StoneCalendar"},{"floor":11.0,"key":"Lantern"},{"floor":12.0,"key":"War Paint"},{"floor":20.0,"key":"Enchiridion"},{"floor":25.0,"key":"Magic Flower"},{"floor":26.0,"key":"Ornamental Fan"},{"floor":34.0,"key":"Regal Pillow"},{"floor":34.0,"key":"Frozen Egg 2"},{"floor":34.0,"key":"Bird Faced Urn"},{"floor":41.0,"key":"Kunai"},{"floor":43.0,"key":"Whetstone"},{"floor":45.0,"key":"Orichalcum"},{"floor":54.0,"key":"Pen Nib"}],"event_choices":[{"cards_removed":["Strike_R"],"damage_healed":0.0,"max_hp_gain":0.0,"max_hp_loss":0.0,"gold_gain":0.0,"event_name":"The Cleric","player_choice":"Card Removal","floor":8.0,"gold_loss":50.0,"damage_taken":0.0},{"damage_healed":0.0,"max_hp_gain":0.0,"max_hp_loss":0.0,"gold_gain":175.0,"event_name":"Liars Game","player_choice":"AGREE","floor":10.0,"gold_loss":0.0,"damage_taken":0.0,"cards_obtained":["Doubt"]},{"damage_healed":0.0,"max_hp_gain":0.0,"max_hp_loss":0.0,"gold_gain":0.0,"event_name":"Scrap Ooze","player_choice":"Success","floor":14.0,"gold_loss":0.0,"damage_taken":3.0,"relics_obtained":["Centennial Puzzle"]},{"damage_healed":0.0,"max_hp_gain":0.0,"max_hp_loss":0.0,"gold_gain":0.0,"event_name":"Cursed Tome","player_choice":"Obtained Book","floor":20.0,"gold_loss":0.0,"damage_taken":16.0},{"damage_healed":0.0,"max_hp_gain":0.0,"max_hp_loss":0.0,"gold_gain":99.0,"event_name":"Nest","player_choice":"Stole From Cult","floor":22.0,"gold_loss":0.0,"damage_taken":0.0},{"damage_healed":0.0,"max_hp_gain":0.0,"max_hp_loss":0.0,"gold_gain":0.0,"event_name":"Lab","player_choice":"Got Potions","floor":39.0,"gold_loss":0.0,"damage_taken":0.0}],"is_beta":false,"boss_relics":[{"not_picked":["Sozu","Snecko Eye"],"picked":"Coffee Dripper"},{"not_picked":["Orrery","Runic Cube"],"picked":"Calling Bell"}],"items_purged_floors":[19,21,36,47],"is_endless":false,"potions_floor_spawned":[2,5,6,16,18,25,29,30,38,41,46],"killed_by":"The Heart","ascension_level":8}