{"gold_per_floor":[113,113,188,188,201,227,227,254,323,338,366,366,377,204,204,204],"floor_reached":16,"playtime":502,"items_purged":[],"score":272,"play_id":"49bacbab-22e7-4e4c-a007-2d3f0e1d954e","local_time":"20190313190103","is_ascension_mode":true,"campfire_choices":[{"data":"Entrench","floor":7.0,"key":"SMITH"},{"floor":12,"key":"REST"},{"floor":15,"key":"REST"}],"neow_cost":"NONE","seed_source_timestamp":321630686671174,"circlet_count":0,"master_deck":["AscendersBane","Strike_R","Strike_R","Strike_R","Strike_R","Defend_R","Defend_R","Defend_R","Defend_R","Bash","Cleave","Entrench+1","Double Tap","Anger","Body Slam","Armaments","Cleave"],"special_seed":0,"relics":["Burning Blood","NeowsBlessing","Oddly Smooth Stone","WingedGreaves","Singing Bowl","Calipers","Lantern"],"potions_floor_usage":[11,11,16],"damage_taken":[{"damage":0.0,"enemies":"Jaw Worm","floor":1.0,"turns":1.0},{"damage":0.0,"enemies":"2 Louse","floor":5.0,"turns":1.0},{"damage":0.0,"enemies":"3 Sentries","floor":6.0,"turns":1.0},{"damage":32,"enemies":"Gremlin Nob","floor":8,"turns":4},{"damage":0,"enemies":"Cultist","floor":10,"turns":3},{"damage":31,"enemies":"3 Sentries","floor":11,"turns":8},{"damage":10,"enemies":"Looter","floor":13,"turns":3},{"damage":81,"enemies":"Hexaghost","floor":16,"turns":9}],"seed_played":"-8133748993829592454","potions_obtained":[{"floor":6.0,"key":"Swift Potion"},{"floor":8,"key":"EssenceOfSteel"},{"floor":11,"key":"FearPotion"}],"is_trial":false,"path_per_floor":["M","?","?","?","M","E","R","E","T","M","E","R","M","$","R","B"],"character_chosen":"IRONCLAD","items_purchased":["Lantern"],"campfire_rested":2,"item_purchase_floors":[14],"current_hp_per_floor":[74,79,68,68,74,80,80,54,54,60,35,59,55,55,79,0],"gold":204,"neow_bonus":"THREE_ENEMY_KILL","is_prod":false,"is_daily":false,"chose_seed":false,"campfire_upgraded":1,"win_rate":0,"timestamp":1552464063,"path_taken":["M","?","?","?","M","E","R","E","T","M","E","R","?","$","R","BOSS"],"build_version":"2019-01-23","purchased_purges":0,"victory":false,"max_hp_per_floor":[75,80,80,80,80,80,80,80,80,80,80,80,80,80,80,80],"card_choices":[{"not_picked":["Armaments","Dual Wield"],"picked":"Cleave","floor":1.0},{"not_picked":["Intimidate","Shrug It Off"],"picked":"Entrench","floor":5.0},{"not_picked":["Dropkick","Sever Soul"],"picked":"Double Tap","floor":6.0},{"not_picked":["Bloodletting","Flex"],"picked":"Anger","floor":8},{"not_picked":["Sword Boomerang","Infernal Blade"],"picked":"Body Slam","floor":10},{"not_picked":["Flex","Bloodletting"],"picked":"Armaments","floor":11},{"not_picked":["Twin Strike","Headbutt"],"picked":"Cleave","floor":13}],"player_experience":845537,"relics_obtained":[{"floor":6.0,"key":"Oddly Smooth Stone"},{"floor":8,"key":"WingedGreaves"},{"floor":9,"key":"Singing Bowl"},{"floor":11,"key":"Calipers"}],"event_choices":[{"damage_healed":0.0,"max_hp_gain":5.0,"max_hp_loss":0.0,"gold_gain":0.0,"event_name":"Big Fish","player_choice":"Donut","floor":2.0,"gold_loss":0.0,"damage_taken":0.0},{"damage_healed":0.0,"max_hp_gain":0.0,"max_hp_loss":0.0,"gold_gain":75.0,"event_name":"World of Goop","player_choice":"Gather Gold","floor":3.0,"gold_loss":0.0,"damage_taken":11.0},{"cards_removed":["Strike_R"],"damage_healed":0.0,"max_hp_gain":0.0,"max_hp_loss":0.0,"gold_gain":0.0,"event_name":"Purifier","player_choice":"Purged","floor":4.0,"gold_loss":0.0,"damage_taken":0.0}],"is_beta":false,"boss_relics":[],"items_purged_floors":[],"is_endless":false,"potions_floor_spawned":[6,8,11],"killed_by":"Hexaghost","ascension_level":18}