{"gold_per_floor":[214,57,77,90,40,68,68,68,68,99,24,24,41,41,41,139,139,158,170,170,182,200,200,218,236,259,277,177,187,187,202,202,303,303,321,273,285,304,319,319,335,361,384,398,413,166,178,195,195,195],"floor_reached":51,"playtime":2184,"items_purged":["Strike_R","Bash+1"],"score":949,"play_id":"9fae6764-7dd1-49a2-9b7b-c76771221bc0","local_time":"20190521143237","is_ascension_mode":false,"campfire_choices":[{"data":"Dropkick","floor":7.0,"key":"SMITH"},{"data":"Rage","floor":15.0,"key":"SMITH"},{"data":"Bash","floor":23.0,"key":"SMITH"},{"data":"Thunderclap","floor":32.0,"key":"SMITH"},{"floor":40.0,"key":"REST"},{"data":"Clash","floor":49.0,"key":"SMITH"}],"neow_cost":"NONE","seed_source_timestamp":11070869583248,"circlet_count":0,"master_deck":["Rage+1","Dropkick+1","Dual Wield+1","Thunderclap+1","Clash+1"],"special_seed":0,"relics":["Burning Blood","Meat on the Bone","Potion Belt","WingedGreaves","Pandora\u0027s Box","PreservedInsect","Lizard Tail","Mercury Hourglass","Anchor","Happy Flower"],"potions_floor_usage":[50,50,50,50],"damage_taken":[{"damage":0.0,"enemies":"2 Louse","floor":1.0,"turns":3.0},{"damage":2.0,"enemies":"Small Slimes","floor":3.0,"turns":3.0},{"damage":1.0,"enemies":"Cultist","floor":4.0,"turns":3.0},{"damage":40.0,"enemies":"Lagavulin","floor":6.0,"turns":8.0},{"damage":21.0,"enemies":"3 Sentries","floor":10.0,"turns":8.0},{"damage":6.0,"enemies":"2 Fungi Beasts","floor":13.0,"turns":3.0},{"damage":17.0,"enemies":"Slime Boss","floor":16.0,"turns":7.0},{"damage":12.0,"enemies":"Shell Parasite","floor":18.0,"turns":2.0},{"damage":35.0,"enemies":"Spheric Guardian","floor":19.0,"turns":6.0},{"damage":11.0,"enemies":"Snake Plant","floor":21.0,"turns":3.0},{"damage":0.0,"enemies":"3 Cultists","floor":22.0,"turns":5.0},{"damage":16.0,"enemies":"Centurion and Healer","floor":24.0,"turns":3.0},{"damage":34.0,"enemies":"Sentry and Sphere","floor":25.0,"turns":8.0},{"damage":11.0,"enemies":"Snake Plant","floor":27.0,"turns":2.0},{"damage":0.0,"enemies":"Cultist and Chosen","floor":29.0,"turns":1.0},{"damage":0.0,"enemies":"Shelled Parasite and Fungi","floor":31.0,"turns":1.0},{"damage":0.0,"enemies":"Champ","floor":33.0,"turns":1.0},{"damage":0.0,"enemies":"3 Darklings","floor":35.0,"turns":1.0},{"damage":3.0,"enemies":"3 Shapes","floor":37.0,"turns":2.0},{"damage":41.0,"enemies":"Sphere and 2 Shapes","floor":38.0,"turns":5.0},{"damage":26.0,"enemies":"Writhing Mass","floor":39.0,"turns":6.0},{"damage":0.0,"enemies":"3 Darklings","floor":41.0,"turns":1.0},{"damage":0.0,"enemies":"Giant Head","floor":42.0,"turns":1.0},{"damage":0.0,"enemies":"Spire Growth","floor":44.0,"turns":1.0},{"damage":0.0,"enemies":"Maw","floor":45.0,"turns":1.0},{"damage":5.0,"enemies":"Transient","floor":47.0,"turns":5.0},{"damage":0.0,"enemies":"Spire Growth","floor":48.0,"turns":1.0},{"damage":62,"enemies":"Time Eater","floor":50,"turns":8}],"seed_played":"-4322731908065958637","potions_obtained":[{"floor":1.0,"key":"Explosive Potion"},{"floor":6.0,"key":"Energy Potion"},{"floor":13.0,"key":"Explosive Potion"},{"floor":24.0,"key":"SteroidPotion"},{"floor":27.0,"key":"SteroidPotion"},{"floor":29.0,"key":"LiquidBronze"},{"floor":33.0,"key":"Fire Potion"},{"floor":44.0,"key":"Weak Potion"},{"floor":45.0,"key":"SpeedPotion"},{"floor":47.0,"key":"Ancient Potion"}],"is_trial":false,"path_per_floor":["M","$","M","M","?","E","R","?","T","E","$","?","M","?","R","B",null,"M","M","?","M","M","R","M","M","T","M","$","M","?","M","R","B",null,"M","$","M","M","M","R","M","E","T","M","M","$","M","M","R","B",null],"character_chosen":"IRONCLAD","items_purchased":["Rage","Dropkick","Weak Potion","PowerPotion","Happy Flower","Clash"],"campfire_rested":1,"item_purchase_floors":[2,2,36,46,46,46],"current_hp_per_floor":[80,80,80,80,80,46,46,46,46,43,43,43,55,55,55,56,80,74,57,41,48,54,54,56,40,40,47,47,53,53,59,59,65,80,80,80,80,57,49,73,79,80,80,80,80,80,80,80,80,36],"gold":195,"neow_bonus":"HUNDRED_GOLD","is_prod":false,"is_daily":false,"chose_seed":false,"campfire_upgraded":5,"win_rate":0,"timestamp":1558420357,"path_taken":["M","$","M","M","?","E","R","?","T","E","$","?","?","?","R","BOSS","M","M","?","M","?","R","M","M","T","M","$","M","?","M","R","BOSS","M","$","M","M","M","R","M","E","T","M","M","$","M","M","R","BOSS"],"build_version":"2019-01-23","purchased_purges":2,"victory":true,"max_hp_per_floor":[80,80,80,80,80,80,80,80,80,80,80,80,80,80,80,80,80,80,80,80,80,80,80,80,80,80,80,80,80,80,80,80,80,80,80,80,80,80,80,80,80,80,80,80,80,80,80,80,80,80],"card_choices":[{"not_picked":["Evolve","True Grit","Heavy Blade"],"picked":"SKIP","floor":1.0},{"not_picked":["Disarm","Iron Wave","Carnage"],"picked":"SKIP","floor":3.0},{"not_picked":["Pommel Strike","Clash","Iron Wave"],"picked":"SKIP","floor":4.0},{"not_picked":["Pommel Strike","Clash","Iron Wave"],"picked":"SKIP","floor":4.0},{"not_picked":["Immolate","Sword Boomerang","Twin Strike"],"picked":"SKIP","floor":6.0},{"not_picked":["Flex","Dropkick"],"picked":"Dual Wield","floor":10.0},{"not_picked":["Headbutt","Armaments","Sword Boomerang"],"picked":"SKIP","floor":13.0},{"not_picked":["Uppercut","Whirlwind","Twin Strike+1"],"picked":"SKIP","floor":18.0},{"not_picked":["Power Through","Warcry","Feel No Pain"],"picked":"SKIP","floor":19.0},{"not_picked":["Blood for Blood","Anger","Searing Blow"],"picked":"SKIP","floor":21.0},{"not_picked":["Anger+1","Twin Strike","Entrench"],"picked":"SKIP","floor":22.0},{"not_picked":["Shrug It Off","Uppercut","Pommel Strike+1"],"picked":"SKIP","floor":24.0},{"not_picked":["Anger","Flame Barrier","Flex+1"],"picked":"SKIP","floor":25.0},{"not_picked":["Anger","Wild Strike"],"picked":"Thunderclap","floor":27.0},{"not_picked":["Metallicize","Uppercut","Wild Strike"],"picked":"SKIP","floor":29.0},{"not_picked":["Wild Strike","Pommel Strike","Bludgeon"],"picked":"SKIP","floor":31.0},{"not_picked":["Thunderclap+1","Flex+1","Whirlwind+1"],"picked":"SKIP","floor":35.0},{"not_picked":["Power Through","Metallicize+1","Shockwave+1"],"picked":"SKIP","floor":37.0},{"not_picked":["Cleave","Clothesline","Havoc+1"],"picked":"SKIP","floor":38.0},{"not_picked":["Reckless Charge+1","Feel No Pain+1","Armaments+1"],"picked":"SKIP","floor":39.0},{"not_picked":["Anger","Metallicize+1","Sentinel+1"],"picked":"SKIP","floor":41.0},{"not_picked":["Double Tap","Cleave+1","Perfected Strike"],"picked":"SKIP","floor":42.0},{"not_picked":["Uppercut+1","Clothesline+1","Sword Boomerang"],"picked":"SKIP","floor":44.0},{"not_picked":["Warcry","Cleave","Anger"],"picked":"SKIP","floor":45.0},{"not_picked":["Heavy Blade+1","Flex","Evolve"],"picked":"SKIP","floor":47.0},{"not_picked":["Dual Wield","Heavy Blade+1","Clash+1"],"picked":"SKIP","floor":48.0}],"player_experience":919663,"relics_obtained":[{"floor":6.0,"key":"Meat on the Bone"},{"floor":9.0,"key":"Potion Belt"},{"floor":10.0,"key":"WingedGreaves"},{"floor":26.0,"key":"PreservedInsect"},{"floor":42.0,"key":"Mercury Hourglass"},{"floor":43.0,"key":"Anchor"}],"event_choices":[{"cards_removed":["Strike_R"],"damage_healed":0.0,"max_hp_gain":0.0,"max_hp_loss":0.0,"gold_gain":0.0,"event_name":"The Cleric","player_choice":"Card Removal","floor":5.0,"gold_loss":50.0,"damage_taken":0.0},{"cards_removed":["Defend_R"],"damage_healed":0.0,"max_hp_gain":0.0,"max_hp_loss":0.0,"gold_gain":0.0,"event_name":"Living Wall","player_choice":"Forget","floor":8.0,"gold_loss":0.0,"damage_taken":0.0},{"damage_healed":0.0,"max_hp_gain":0.0,"max_hp_loss":0.0,"gold_gain":0.0,"event_name":"NoteForYourself","player_choice":"Ignored","floor":12.0,"gold_loss":0.0,"damage_taken":0.0},{"damage_healed":0.0,"max_hp_gain":0.0,"max_hp_loss":0.0,"gold_gain":0.0,"event_name":"Accursed Blacksmith","player_choice":"Forge","floor":14.0,"gold_loss":0.0,"damage_taken":0.0,"cards_upgraded":["Dual Wield"]},{"damage_healed":0.0,"max_hp_gain":0.0,"max_hp_loss":0.0,"gold_gain":0.0,"event_name":"Knowing Skull","player_choice":"POTION ","floor":20.0,"potions_obtained":["SmokeBomb"],"gold_loss":0.0,"damage_taken":16.0,"cards_obtained":[]},{"damage_healed":0.0,"max_hp_gain":0.0,"max_hp_loss":0.0,"gold_gain":0.0,"event_name":"Transmorgrifier","player_choice":"Ignored","floor":30.0,"gold_loss":0.0,"damage_taken":0.0}],"is_beta":false,"boss_relics":[{"not_picked":["Ectoplasm","White Beast Statue"],"picked":"Pandora\u0027s Box"},{"not_picked":["Calling Bell","Tiny House"],"picked":"Lizard Tail"}],"items_purged_floors":[11,28],"is_endless":false,"potions_floor_spawned":[1,6,13,24,27,29,33,35,42,44,45,47,48],"ascension_level":0}