{"gold_per_floor":[14,14,28,48,65,65,78,109,109,34,51,51,68,68],"floor_reached":14,"playtime":2165,"items_purged":["Strike_B"],"score":146,"play_id":"5201d52f-578f-4c1a-99d2-318518f496d4","local_time":"20190807072707","is_ascension_mode":true,"campfire_choices":[{"data":"Barrage","floor":6.0,"key":"SMITH"},{"data":"Defragment","floor":12.0,"key":"SMITH"}],"neow_cost":"NO_GOLD","seed_source_timestamp":2368501029136400,"circlet_count":0,"master_deck":["AscendersBane","Strike_B","Strike_B","Strike_B","Defend_B","Defend_B","Defend_B","Defend_B","Zap","Dualcast","Echo Form","Self Repair","Barrage+1","Ball Lightning","Capacitor","Defragment+1","Double Energy","Turbo"],"special_seed":0,"relics":["Cracked Core","Strawberry","Ice Cream","Blue Candle"],"potions_floor_usage":[13,14],"damage_taken":[{"damage":0.0,"enemies":"2 Louse","floor":1.0,"turns":2.0},{"damage":6.0,"enemies":"Cultist","floor":3.0,"turns":3.0},{"damage":9.0,"enemies":"Small Slimes","floor":4.0,"turns":4.0},{"damage":11.0,"enemies":"Blue Slaver","floor":5.0,"turns":5.0},{"damage":9.0,"enemies":"2 Fungi Beasts","floor":7.0,"turns":3.0},{"damage":39.0,"enemies":"Gremlin Nob","floor":8.0,"turns":5.0},{"damage":7.0,"enemies":"Large Slime","floor":11.0,"turns":4.0},{"damage":28,"enemies":"Lots of Slimes","floor":13,"turns":3},{"damage":13,"enemies":"Blue Slaver","floor":14,"turns":1}],"seed_played":"3970619800177789144","potions_obtained":[{"floor":3.0,"key":"SkillPotion"},{"floor":11.0,"key":"FocusPotion"},{"floor":13,"key":"SteroidPotion"}],"is_trial":false,"path_per_floor":["M","?","M","M","M","R","M","E","T","$","M","R","M","M"],"character_chosen":"DEFECT","items_purchased":[],"campfire_rested":0,"item_purchase_floors":[],"current_hp_per_floor":[68,75,69,67,63,63,61,29,29,29,29,29,1,0],"gold":68,"neow_bonus":"THREE_RARE_CARDS","is_prod":false,"is_daily":false,"chose_seed":false,"campfire_upgraded":2,"win_rate":0,"timestamp":1565184427,"path_taken":["M","?","?","M","M","R","M","E","T","$","M","R","M","M"],"build_version":"2019-07-18","purchased_purges":1,"victory":false,"max_hp_per_floor":[75,82,82,82,82,82,82,82,82,82,82,82,82,82],"card_choices":[{"not_picked":["All For One","Reboot"],"picked":"Echo Form","floor":0.0},{"not_picked":["Rebound","Beam Cell"],"picked":"Hologram","floor":1.0},{"not_picked":["Sweeping Beam","Go for the Eyes"],"picked":"Self Repair","floor":3.0},{"not_picked":["Meteor Strike","Hologram"],"picked":"Barrage","floor":4.0},{"not_picked":["Aggregate","Streamline"],"picked":"Ball Lightning","floor":5.0},{"not_picked":["Skim","Rebound"],"picked":"Capacitor","floor":7.0},{"not_picked":["Hologram","Rebound"],"picked":"Defragment","floor":8.0},{"not_picked":["Redo","Chaos"],"picked":"Double Energy","floor":11.0},{"not_picked":["Loop","Ball Lightning"],"picked":"Turbo","floor":13}],"player_experience":227294,"relics_obtained":[{"floor":8.0,"key":"Ice Cream"},{"floor":9.0,"key":"Blue Candle"}],"event_choices":[{"cards_removed":["Hologram"],"damage_healed":0.0,"max_hp_gain":0.0,"max_hp_loss":0.0,"gold_gain":0.0,"event_name":"WeMeetAgain","player_choice":"Gave Card","floor":2.0,"gold_loss":0.0,"damage_taken":0.0,"relics_obtained":["Strawberry"]}],"is_beta":true,"boss_relics":[],"items_purged_floors":[10],"is_endless":false,"potions_floor_spawned":[3,11,13],"killed_by":"Blue Slaver","ascension_level":11}