{"gold_per_floor":[118,138,18,37,37,37,49,49,49,49,108,119,151,25,25,128,128,139,139,139,127,2,2,15,15,40,62,94,120,132,161,173,185],"floor_reached":33,"playtime":2398,"items_purged":["Strike_R","Strike_R","Pain"],"score":326,"play_id":"fa6c96b5-9cf4-414b-a308-8c9fb7812f75","local_time":"20190102212918","is_ascension_mode":true,"campfire_choices":[{"floor":6.0,"key":"DIG"},{"floor":8.0,"key":"DIG"},{"floor":10,"key":"DIG"},{"floor":15,"key":"REST"},{"floor":23,"key":"DIG"},{"floor":30,"key":"DIG"},{"floor":32,"key":"REST"}],"neow_cost":"CURSE","seed_source_timestamp":217143483049430,"circlet_count":0,"master_deck":["Defend_R","Defend_R","Defend_R","Defend_R","Bash+1","Clumsy","Clothesline","Armaments","Twin Strike","Spot Weakness","Cleave","Heavy Blade","Ghostly Armor","Heavy Blade+1","Impervious","True Grit","Juggernaut","Armaments+1","Body Slam","Body Slam","Bite","Bite","Bite","Bite","Bite","Anger+1","Ghostly Armor","Pommel Strike+1","Flex"],"special_seed":0,"relics":["Black Blood","Shovel","Nunchaku","Juzu Bracelet","Thread and Needle","StoneCalendar","Orichalcum","Happy Flower","WarpedTongs","Magic Flower","MawBank","Whetstone"],"potions_floor_usage":[11,11,16,21,27,29,29],"damage_taken":[{"damage":14.0,"enemies":"2 Louse","floor":1.0,"turns":3.0},{"damage":15.0,"enemies":"Cultist","floor":2.0,"turns":5.0},{"damage":9.0,"enemies":"Jaw Worm","floor":4.0,"turns":3.0},{"damage":5.0,"enemies":"Red Slaver","floor":7.0,"turns":4.0},{"damage":25,"enemies":"Lagavulin Event","floor":11,"turns":6},{"damage":0,"enemies":"Large Slime","floor":12,"turns":6},{"damage":8,"enemies":"Lagavulin","floor":13,"turns":7},{"damage":23,"enemies":"The Guardian","floor":16,"turns":9},{"damage":6,"enemies":"Shell Parasite","floor":18,"turns":4},{"damage":11,"enemies":"2 Thieves","floor":21,"turns":4},{"damage":14,"enemies":"Centurion and Healer","floor":24,"turns":7},{"damage":24,"enemies":"Chosen and Byrds","floor":27,"turns":6},{"damage":43,"enemies":"Snake Plant","floor":28,"turns":6},{"damage":27,"enemies":"Snecko","floor":29,"turns":7},{"damage":38,"enemies":"Sentry and Sphere","floor":31,"turns":6},{"damage":100,"enemies":"Champ","floor":33,"turns":11}],"seed_played":"4117114340044369792","potions_obtained":[{"floor":1.0,"key":"Dexterity Potion"},{"floor":7.0,"key":"Ancient Potion"},{"floor":13,"key":"PowerPotion"},{"floor":16,"key":"LiquidBronze"},{"floor":18,"key":"Strength Potion"},{"floor":27,"key":"Poison Potion"},{"floor":28,"key":"PowerPotion"}],"is_trial":false,"path_per_floor":["M","M","$","M","?","R","M","R","T","R","?","M","E","$","R","B",null,"M","?","?","M","$","R","M","?","T","M","M","M","R","M","R","B"],"character_chosen":"IRONCLAD","items_purchased":["Twin Strike","True Grit"],"campfire_rested":2,"item_purchase_floors":[3,14],"current_hp_per_floor":[72,63,63,60,60,60,61,61,61,61,42,48,46,46,70,53,80,80,80,80,79,79,79,80,56,56,56,47,56,56,36,52,0],"gold":185,"neow_bonus":"ONE_RARE_RELIC","is_prod":false,"is_daily":false,"chose_seed":false,"campfire_upgraded":0,"win_rate":0,"timestamp":1546424958,"path_taken":["M","M","$","M","?","R","M","R","T","R","?","M","E","$","R","BOSS","M","?","?","M","$","R","M","?","T","M","M","M","R","M","R","BOSS"],"build_version":"2018-12-20","purchased_purges":3,"victory":false,"max_hp_per_floor":[80,80,80,80,80,80,80,80,80,80,80,80,80,80,80,80,80,80,80,80,80,80,80,80,56,56,56,56,56,56,56,56,56],"card_choices":[{"not_picked":["Power Through","Flex"],"picked":"Clothesline","floor":1.0},{"not_picked":["Second Wind","Clash"],"picked":"Armaments","floor":2.0},{"not_picked":["Seeing Red","Burning Pact"],"picked":"Spot Weakness","floor":4.0},{"not_picked":["Carnage","Entrench"],"picked":"Heavy Blade","floor":7.0},{"not_picked":["Havoc","Fire Breathing"],"picked":"Ghostly Armor","floor":11},{"not_picked":["Clash","Bloodletting"],"picked":"Heavy Blade","floor":12},{"not_picked":["Pommel Strike","Searing Blow"],"picked":"Impervious","floor":13},{"not_picked":["Immolate","Reaper"],"picked":"Juggernaut","floor":16},{"not_picked":["Disarm","Flex"],"picked":"Armaments+1","floor":18},{"not_picked":["Combust","Clash"],"picked":"Body Slam","floor":21},{"not_picked":["Sword Boomerang","Rampage"],"picked":"Body Slam","floor":24},{"not_picked":["Iron Wave+1","Uppercut"],"picked":"Anger+1","floor":27},{"not_picked":["Heavy Blade","Thunderclap+1"],"picked":"Ghostly Armor","floor":28},{"not_picked":["Clash+1","Twin Strike"],"picked":"Pommel Strike+1","floor":29},{"not_picked":["Clash","Body Slam"],"picked":"Flex","floor":31}],"player_experience":384218,"relics_obtained":[{"floor":6.0,"key":"Nunchaku"},{"floor":8.0,"key":"Juzu Bracelet"},{"floor":9.0,"key":"Thread and Needle"},{"floor":10,"key":"StoneCalendar"},{"floor":11,"key":"Orichalcum"},{"floor":13,"key":"Happy Flower"},{"floor":23,"key":"Magic Flower"},{"floor":26,"key":"MawBank"},{"floor":30,"key":"Whetstone"}],"event_choices":[{"damage_healed":0.0,"max_hp_gain":0.0,"max_hp_loss":0.0,"gold_gain":0.0,"cards_transformed":["Strike_R"],"event_name":"Transmorgrifier","player_choice":"Transformed","floor":5.0,"gold_loss":0.0,"damage_taken":0.0,"cards_obtained":["Cleave"]},{"damage_healed":0,"gold_gain":30,"player_choice":"Searched \u00272\u0027 times","damage_taken":0,"max_hp_gain":0,"max_hp_loss":0,"event_name":"Dead Adventurer","floor":11,"gold_loss":0},{"damage_healed":0,"gold_gain":0,"player_choice":"Rummage","damage_taken":0,"relics_obtained":["WarpedTongs"],"max_hp_gain":0,"max_hp_loss":0,"event_name":"Accursed Blacksmith","floor":19,"gold_loss":0,"cards_obtained":["Pain"]},{"damage_healed":0,"gold_gain":0,"player_choice":"Ignored","damage_taken":0,"max_hp_gain":0,"max_hp_loss":0,"event_name":"Ghosts","floor":20,"gold_loss":0},{"damage_healed":0,"gold_gain":0,"player_choice":"Became a vampire","damage_taken":0,"max_hp_gain":0,"max_hp_loss":24,"event_name":"Vampires","floor":25,"gold_loss":0,"cards_obtained":["Bite","Bite","Bite","Bite","Bite"]}],"is_beta":false,"boss_relics":[{"not_picked":["Snecko Eye","Runic Dome"],"picked":"Black Blood"}],"items_purged_floors":[3,14,22],"is_endless":false,"potions_floor_spawned":[1,7,13,16,18,27,28],"killed_by":"Champ","ascension_level":2}