{"gold_per_floor":[113,130,130,45,45,80,100,128,128,144,144,144,163,177,177,177],"floor_reached":16,"playtime":411,"items_purged":[],"score":274,"play_id":"23470b05-0374-46f1-9843-e0a8aadbae56","local_time":"20190516143443","is_ascension_mode":true,"campfire_choices":[{"data":"True Grit","floor":15,"key":"SMITH"}],"neow_cost":"NONE","seed_source_timestamp":2091907452325187,"circlet_count":0,"master_deck":["AscendersBane","Strike_R","Strike_R","Strike_R","Strike_R+1","Strike_R","Defend_R","Defend_R","Defend_R","Defend_R+1","Bash","Ghostly Armor","Pommel Strike","Carnage","Second Wind","True Grit+1","Cleave"],"special_seed":0,"relics":["Burning Blood","NeowsBlessing","Bird Faced Urn","Dodecahedron","Paper Frog","Singing Bowl","Mercury Hourglass"],"potions_floor_usage":[8,16,16],"damage_taken":[{"damage":0.0,"enemies":"Small Slimes","floor":1.0,"turns":2.0},{"damage":0.0,"enemies":"2 Louse","floor":2.0,"turns":2.0},{"damage":0.0,"enemies":"3 Sentries","floor":6.0,"turns":2.0},{"damage":6.0,"enemies":"Cultist","floor":7.0,"turns":3.0},{"damage":26,"enemies":"Gremlin Nob","floor":8,"turns":4},{"damage":5,"enemies":"Large Slime","floor":10,"turns":6},{"damage":11,"enemies":"Looter","floor":13,"turns":2},{"damage":18,"enemies":"Gremlin Gang","floor":14,"turns":3},{"damage":22,"enemies":"Hexaghost","floor":16,"turns":9}],"seed_played":"-5169223910013632367","potions_obtained":[{"floor":1.0,"key":"Strength Potion"},{"floor":2.0,"key":"Weak Potion"},{"floor":10,"key":"FearPotion"},{"floor":13,"key":"GamblersBrew"}],"is_trial":false,"path_per_floor":["M","M","?","$","?","E","M","E","T","M","?","?","M","M","R","B"],"character_chosen":"IRONCLAD","items_purchased":["Perfected Strike","Pommel Strike"],"campfire_rested":0,"item_purchase_floors":[4,4],"current_hp_per_floor":[74,75,52,52,52,58,58,38,38,39,34,34,31,21,21,0],"gold":177,"neow_bonus":"THREE_ENEMY_KILL","is_prod":false,"is_daily":false,"chose_seed":false,"campfire_upgraded":1,"win_rate":0,"timestamp":1557988483,"path_taken":["M","M","?","$","?","E","?","E","T","M","?","?","?","M","R","BOSS"],"build_version":"2019-01-23","purchased_purges":0,"victory":false,"max_hp_per_floor":[75,75,75,75,75,75,75,75,75,75,75,75,77,79,79,79],"card_choices":[{"not_picked":["Dropkick","Spot Weakness","Thunderclap"],"picked":"SKIP","floor":1.0},{"not_picked":["Sentinel","Thunderclap"],"picked":"Ghostly Armor","floor":2.0},{"not_picked":["Battle Trance","Anger"],"picked":"Carnage","floor":6.0},{"not_picked":["Burning Pact","Carnage"],"picked":"Second Wind","floor":7.0},{"not_picked":["Wild Strike","Pommel Strike"],"picked":"True Grit","floor":8},{"not_picked":["Seeing Red","Pommel Strike"],"picked":"Cleave","floor":10},{"not_picked":["Body Slam","Heavy Blade","Shrug It Off"],"picked":"Singing Bowl","floor":13},{"not_picked":["Cleave","Fire Breathing","Searing Blow"],"picked":"Singing Bowl","floor":14}],"player_experience":848062,"relics_obtained":[{"floor":6.0,"key":"Dodecahedron"},{"floor":8,"key":"Paper Frog"},{"floor":9,"key":"Singing Bowl"}],"event_choices":[{"damage_healed":0.0,"max_hp_gain":0.0,"max_hp_loss":0.0,"gold_gain":0.0,"event_name":"Shining Light","player_choice":"Entered Light","floor":3.0,"gold_loss":0.0,"damage_taken":23.0,"cards_upgraded":["Defend_R","Strike_R"]},{"cards_removed":["Perfected Strike"],"damage_healed":0.0,"max_hp_gain":0.0,"max_hp_loss":0.0,"gold_gain":0.0,"event_name":"WeMeetAgain","player_choice":"Gave Card","floor":5.0,"gold_loss":0.0,"damage_taken":0.0,"relics_obtained":["Bird Faced Urn"]},{"damage_healed":0,"gold_gain":0,"player_choice":"Success","damage_taken":5,"relics_obtained":["Mercury Hourglass"],"max_hp_gain":0,"max_hp_loss":0,"event_name":"Scrap Ooze","floor":11,"gold_loss":0},{"damage_healed":0,"gold_gain":0,"player_choice":"Got Potions","damage_taken":0,"max_hp_gain":0,"max_hp_loss":0,"event_name":"Lab","floor":12,"gold_loss":0}],"is_beta":false,"boss_relics":[],"items_purged_floors":[],"is_endless":false,"potions_floor_spawned":[1,2,10,13,14],"killed_by":"Hexaghost","ascension_level":20}