{"gold_per_floor":[111,111,36,49,49,81,81,100,126,126,142,142,170,183,183,279,279,296,315,13,13,33,66,66,79,79,97,97,27,43,43,43,140,140,157,157,157],"floor_reached":37,"playtime":2334,"items_purged":["Strike_R","Strike_R"],"score":469,"play_id":"7fcf5db4-23e4-4f4f-905d-97c1353ac6b0","local_time":"20181215145822","is_ascension_mode":true,"campfire_choices":[{"floor":7.0,"key":"REST"},{"floor":12.0,"key":"REST"},{"floor":15.0,"key":"RECALL"},{"floor":24,"key":"REST"},{"floor":32,"key":"REST"}],"neow_cost":"NONE","seed_source_timestamp":0,"circlet_count":0,"master_deck":["Strike_R","Strike_R","Defend_R","Defend_R","Defend_R","Defend_R","Bash","Anger","Heavy Blade","Seeing Red","Flame Barrier","Spot Weakness","Dropkick","Infernal Blade","Feed","Rupture","Armaments","Corruption+1","Rage+1","Double Tap","Limit Break","True Grit","Writhe"],"special_seed":0,"relics":["Burning Blood","PreservedInsect","Boot","Blood Vial","Pantograph","Lizard Tail","Vajra","Pear","Black Star"],"potions_floor_usage":[19,19,22,22,23,31],"damage_taken":[{"damage":5.0,"enemies":"Small Slimes","floor":1.0,"turns":3.0},{"damage":9.0,"enemies":"2 Louse","floor":4.0,"turns":3.0},{"damage":26.0,"enemies":"Lagavulin","floor":6.0,"turns":4.0},{"damage":1.0,"enemies":"Jaw Worm","floor":8.0,"turns":3.0},{"damage":24.0,"enemies":"Large Slime","floor":11.0,"turns":6.0},{"damage":25.0,"enemies":"Gremlin Nob","floor":13.0,"turns":4.0},{"damage":1.0,"enemies":"3 Louse","floor":14.0,"turns":4.0},{"damage":51.0,"enemies":"The Guardian","floor":16.0,"turns":11.0},{"damage":20,"enemies":"Spheric Guardian","floor":18,"turns":4},{"damage":34,"enemies":"2 Thieves","floor":19,"turns":4},{"damage":21,"enemies":"Snecko","floor":22,"turns":7},{"damage":43,"enemies":"Book of Stabbing","floor":23,"turns":5},{"damage":57,"enemies":"Cultist and Chosen","floor":25,"turns":9},{"damage":19,"enemies":"Centurion and Healer","floor":27,"turns":10},{"damage":40,"enemies":"Snecko","floor":30,"turns":6},{"damage":22,"enemies":"Colosseum Slavers","floor":31,"turns":5},{"damage":108,"enemies":"Champ","floor":33,"turns":13},{"damage":103,"enemies":"Orb Walker","floor":35,"turns":8},{"damage":53,"enemies":"3 Darklings","floor":37,"turns":3}],"seed_played":"-3037684706881293406","potions_obtained":[{"floor":8.0,"key":"Explosive Potion"},{"floor":11.0,"key":"Energy Potion"},{"floor":13.0,"key":"Weak Potion"},{"floor":18,"key":"Energy Potion"},{"floor":19,"key":"Weak Potion"},{"floor":22,"key":"Strength Potion"},{"floor":30,"key":"Swift Potion"}],"is_trial":false,"path_per_floor":["M","?","$","M","?","E","R","M","T","?","M","R","E","M","R","B",null,"M","M","$","?","M","E","R","M","T","M","?","$","M","?","R","B",null,"M","?","M"],"character_chosen":"IRONCLAD","items_purchased":["PowerPotion","Vajra","Double Tap"],"campfire_rested":4,"item_purchase_floors":[20,20,29],"current_hp_per_floor":[88,70,70,67,72,52,79,84,84,77,61,88,71,78,78,48,93,82,59,59,92,79,54,86,37,37,29,29,29,65,51,85,10,115,21,51,0],"gold":157,"neow_bonus":"TEN_PERCENT_HP_BONUS","is_prod":false,"is_daily":false,"chose_seed":false,"campfire_upgraded":0,"win_rate":0,"timestamp":1544846302,"path_taken":["M","?","$","M","?","E","R","M","T","?","M","R","E","M","R","BOSS","M","M","$","?","M","E","R","M","T","M","?","$","?","?","R","BOSS","M","?","M"],"build_version":"2018-12-13","purchased_purges":2,"victory":false,"max_hp_per_floor":[88,88,88,88,93,93,93,93,93,93,93,93,93,93,93,93,93,96,99,99,99,99,109,109,109,109,112,112,112,115,115,115,115,115,118,118,118],"card_choices":[{"not_picked":["Warcry","Spot Weakness"],"picked":"Anger","floor":1.0},{"not_picked":["Havoc","Second Wind"],"picked":"Heavy Blade","floor":4.0},{"not_picked":["Inflame","Perfected Strike"],"picked":"Seeing Red","floor":6.0},{"not_picked":["Searing Blow","Dual Wield"],"picked":"Flame Barrier","floor":8.0},{"not_picked":["Shrug It Off","Sentinel"],"picked":"Spot Weakness","floor":11.0},{"not_picked":["Hemokinesis","Uppercut"],"picked":"Dropkick","floor":13.0},{"not_picked":["Heavy Blade","Sword Boomerang"],"picked":"Infernal Blade","floor":14.0},{"not_picked":["Berserk","Exhume"],"picked":"Feed","floor":16.0},{"not_picked":["Wild Strike","Reckless Charge","Heavy Blade"],"picked":"SKIP","floor":18},{"not_picked":["Iron Wave+1","Flame Barrier"],"picked":"Rupture","floor":19},{"not_picked":["Second Wind+1","Heavy Blade"],"picked":"Armaments","floor":22},{"not_picked":["Pommel Strike+1","Burning Pact"],"picked":"Corruption+1","floor":23},{"not_picked":["Body Slam","Battle Trance"],"picked":"Rage+1","floor":25},{"not_picked":["Headbutt","Perfected Strike","Rupture+1"],"picked":"SKIP","floor":27},{"not_picked":["Flex","Wild Strike","Iron Wave"],"picked":"SKIP","floor":30},{"not_picked":["Feed","Impervious"],"picked":"Limit Break","floor":33},{"not_picked":["Wild Strike","Clash"],"picked":"True Grit","floor":35}],"player_experience":236684,"relics_obtained":[{"floor":6.0,"key":"Boot"},{"floor":9.0,"key":"Blood Vial"},{"floor":13.0,"key":"Pantograph"},{"floor":23,"key":"Pear"}],"event_choices":[{"damage_healed":0.0,"max_hp_gain":0.0,"max_hp_loss":0.0,"gold_gain":0.0,"event_name":"Scrap Ooze","player_choice":"Success","floor":2.0,"gold_loss":0.0,"damage_taken":18.0,"relics_obtained":["PreservedInsect"]},{"damage_healed":0.0,"max_hp_gain":5.0,"max_hp_loss":0.0,"gold_gain":0.0,"event_name":"Big Fish","player_choice":"Donut","floor":5.0,"gold_loss":0.0,"damage_taken":0.0},{"cards_removed":["Strike_R"],"damage_healed":0.0,"max_hp_gain":0.0,"max_hp_loss":0.0,"gold_gain":0.0,"event_name":"Golden Wing","player_choice":"Card Removal","floor":10.0,"gold_loss":0.0,"damage_taken":7.0},{"damage_healed":33,"gold_gain":0,"player_choice":"Heal","damage_taken":0,"max_hp_gain":0,"max_hp_loss":0,"event_name":"The Library","floor":21,"gold_loss":0},{"damage_healed":0,"gold_gain":0,"player_choice":"Ignored","damage_taken":0,"max_hp_gain":0,"max_hp_loss":0,"event_name":"Ghosts","floor":28,"gold_loss":0},{"damage_healed":0,"gold_gain":0,"player_choice":"Fight","damage_taken":0,"max_hp_gain":0,"max_hp_loss":0,"event_name":"Colosseum","floor":31,"gold_loss":0},{"damage_healed":0,"gold_gain":0,"player_choice":"Fled From Nobs","damage_taken":0,"max_hp_gain":0,"max_hp_loss":0,"event_name":"Colosseum","floor":31,"gold_loss":0},{"damage_healed":30,"gold_gain":0,"player_choice":"Writhe","damage_taken":0,"max_hp_gain":0,"max_hp_loss":0,"event_name":"Winding Halls","floor":36,"gold_loss":0,"cards_obtained":["Writhe"]}],"is_beta":false,"boss_relics":[{"not_picked":["Mark of Pain","Runic Dome"],"picked":"Lizard Tail"},{"not_picked":["Fusion Hammer","Snecko Eye"],"picked":"Black Star"}],"items_purged_floors":[3,20],"is_endless":false,"potions_floor_spawned":[8,11,13,18,19,22,30,31],"killed_by":"3 Darklings","ascension_level":1}