{"gold_per_floor":[110,126,401,416,428,50,50,50,50,50,65,65],"floor_reached":12,"playtime":196,"items_purged":["Regret"],"score":140,"play_id":"b94d4b64-a8fb-45f4-bd50-35215e905d0e","local_time":"20190711152850","is_ascension_mode":true,"campfire_choices":[{"data":"Loop","floor":8,"key":"SMITH"}],"neow_cost":"NONE","seed_source_timestamp":10017311934773,"circlet_count":0,"master_deck":["AscendersBane","Strike_B","Strike_B","Strike_B","Strike_B","Defend_B","Defend_B","Defend_B","Defend_B","Zap","Dualcast","Recycle","Loop+1","Capacitor"],"relics":["Cracked Core","NeowsBlessing","Lee\u0027s Waffle","Meat on the Bone"],"potions_floor_usage":[5],"damage_taken":[{"damage":0,"enemies":"Small Slimes","floor":1,"turns":1},{"damage":0,"enemies":"Cultist","floor":2,"turns":1},{"damage":0,"enemies":"2 Louse","floor":4,"turns":1},{"damage":25,"enemies":"Large Slime","floor":5,"turns":6},{"damage":30,"enemies":"Red Slaver","floor":11,"turns":4},{"damage":0,"enemies":"3 Sentries","floor":12,"turns":1}],"seed_played":"-1964641332198324800","potions_obtained":[{"floor":1,"key":"GamblersBrew"},{"floor":2,"key":"SkillPotion"}],"is_trial":false,"path_per_floor":["M","M","?","M","M","$","?","R","T","?","M","E"],"character_chosen":"DEFECT","items_purchased":["Capacitor","Lee\u0027s Waffle"],"campfire_rested":0,"item_purchase_floors":[6,6],"current_hp_per_floor":[64,64,64,64,39,78,78,78,78,78,48,48],"gold":65,"neow_bonus":"THREE_ENEMY_KILL","is_prod":false,"is_daily":false,"chose_seed":false,"campfire_upgraded":1,"win_rate":0,"timestamp":1562830130,"path_taken":["M","M","?","?","M","$","?","R","T","?","M","E"],"build_version":"2019-07-05","purchased_purges":1,"victory":false,"max_hp_per_floor":[71,71,71,71,71,78,78,78,78,78,78,78],"card_choices":[{"not_picked":["Blizzard","Sweeping Beam","Hologram"],"picked":"SKIP","floor":1},{"not_picked":["Consume","Steam Power"],"picked":"Recycle","floor":2},{"not_picked":["Redo","Gash","Go for the Eyes"],"picked":"SKIP","floor":4},{"not_picked":["Chill","Go for the Eyes"],"picked":"Loop","floor":5},{"not_picked":["Double Energy","BootSequence","Melter"],"picked":"SKIP","floor":11}],"player_experience":1103201,"relics_obtained":[],"event_choices":[{"damage_healed":0,"gold_gain":275,"player_choice":"Desecrate","damage_taken":0,"max_hp_gain":0,"max_hp_loss":0,"event_name":"Golden Shrine","floor":3,"gold_loss":0,"cards_obtained":["Regret"]},{"damage_healed":0,"gold_gain":0,"player_choice":"Leave","damage_taken":0,"max_hp_gain":0,"max_hp_loss":0,"event_name":"The Cleric","floor":7,"gold_loss":0},{"damage_healed":0,"gold_gain":0,"player_choice":"Gave Potion","damage_taken":0,"relics_obtained":["Meat on the Bone"],"max_hp_gain":0,"max_hp_loss":0,"event_name":"WeMeetAgain","floor":10,"gold_loss":0}],"is_beta":false,"boss_relics":[],"items_purged_floors":[6],"is_endless":false,"potions_floor_spawned":[1,2],"killed_by":"3 Sentries","ascension_level":20}