{"gold_per_floor":[111,131,151,151,151,151,161,192,192,211,211,240,258,271,271,367,367,379,379,399,399,419,419,446,66,66,66,78,88,38,57,57,159,159,173,192,192,210,75,75,85,98,98,98,320,320,91,109,109,109],"floor_reached":51,"playtime":4113,"items_purged":["Strike_G","Strike_G","Neutralize"],"score":1057,"play_id":"f10d62d9-ff4d-458a-9abb-ba41ce4858ae","local_time":"20190806075232","is_ascension_mode":true,"campfire_choices":[{"data":"Glass Knife","floor":6.0,"key":"SMITH"},{"data":"Flechettes","floor":11.0,"key":"SMITH"},{"data":"Caltrops","floor":15.0,"key":"SMITH"},{"floor":23.0,"key":"REST"},{"data":"Well Laid Plans","floor":32.0,"key":"SMITH"},{"data":"Leg Sweep","floor":40.0,"key":"SMITH"},{"data":"Dash","floor":44.0,"key":"SMITH"},{"data":"Footwork","floor":46.0,"key":"SMITH"},{"floor":49.0,"key":"REST"}],"neow_cost":"NONE","seed_source_timestamp":2281555162652800,"circlet_count":0,"master_deck":["AscendersBane","Survivor","Crippling Poison","Glass Knife+1","Leg Sweep+1","Flechettes+1","Dodge and Roll+1","Caltrops+1","Malaise+1","Terror+1","Underhanded Strike+1","Acrobatics+1","Backflip+1","Well Laid Plans+1","Catalyst+1","Underhanded Strike+1","Caltrops+1","Deadly Poison+1","Burst+1","Burst+1","Envenom","Bouncing Flask+1","Eviscerate","Choke","Crippling Poison+1","Backflip+1","Dash+1","Outmaneuver+1","Footwork+1","Underhanded Strike+1","Dodge and Roll+1","Footwork","Backflip+1","Deadly Poison+1","Noxious Fumes+1"],"special_seed":0,"relics":["Ring of the Snake","Potion Belt","Toxic Egg 2","Smiling Mask","Pocketwatch","Snecko Eye","Vajra","Red Mask","Chemical X","Meat on the Bone","Pandora\u0027s Box","Ninja Scroll"],"potions_floor_usage":[50,50],"damage_taken":[{"damage":3.0,"enemies":"2 Louse","floor":1.0,"turns":4.0},{"damage":0.0,"enemies":"Cultist","floor":2.0,"turns":4.0},{"damage":0.0,"enemies":"Small Slimes","floor":3.0,"turns":3.0},{"damage":4.0,"enemies":"3 Louse","floor":7.0,"turns":3.0},{"damage":7.0,"enemies":"3 Sentries","floor":8.0,"turns":15.0},{"damage":0.0,"enemies":"Red Slaver","floor":10.0,"turns":3.0},{"damage":20.0,"enemies":"Lagavulin","floor":12.0,"turns":7.0},{"damage":5.0,"enemies":"Exordium Thugs","floor":13.0,"turns":5.0},{"damage":0.0,"enemies":"Blue Slaver","floor":14.0,"turns":2.0},{"damage":0.0,"enemies":"The Guardian","floor":16.0,"turns":11.0},{"damage":9.0,"enemies":"Shell Parasite","floor":18.0,"turns":5.0},{"damage":15.0,"enemies":"2 Thieves","floor":20.0,"turns":4.0},{"damage":17.0,"enemies":"Sentry and Sphere","floor":22.0,"turns":4.0},{"damage":0.0,"enemies":"Masked Bandits","floor":24.0,"turns":5.0},{"damage":15.0,"enemies":"Centurion and Healer","floor":28.0,"turns":6.0},{"damage":2.0,"enemies":"3 Cultists","floor":29.0,"turns":4.0},{"damage":0.0,"enemies":"Snake Plant","floor":31.0,"turns":2.0},{"damage":22.0,"enemies":"Champ","floor":33.0,"turns":11.0},{"damage":9.0,"enemies":"3 Darklings","floor":35.0,"turns":4.0},{"damage":0.0,"enemies":"3 Shapes","floor":36.0,"turns":3.0},{"damage":26.0,"enemies":"Writhing Mass","floor":38.0,"turns":3.0},{"damage":26.0,"enemies":"Spire Growth","floor":41.0,"turns":5.0},{"damage":0.0,"enemies":"3 Darklings","floor":42.0,"turns":3.0},{"damage":7.0,"enemies":"Maw","floor":48.0,"turns":6.0},{"damage":41,"enemies":"Time Eater","floor":50,"turns":11}],"seed_played":"-7153660753461046095","potions_obtained":[{"floor":3.0,"key":"Block Potion"},{"floor":5.0,"key":"FearPotion"},{"floor":5.0,"key":"FairyPotion"},{"floor":5.0,"key":"Ancient Potion"},{"floor":7.0,"key":"Ancient Potion"},{"floor":8.0,"key":"Dexterity Potion"},{"floor":10.0,"key":"Strength Potion"},{"floor":12.0,"key":"GamblersBrew"},{"floor":13.0,"key":"Weak Potion"},{"floor":20.0,"key":"FearPotion"},{"floor":24.0,"key":"Explosive Potion"},{"floor":28.0,"key":"SpeedPotion"},{"floor":31.0,"key":"GhostInAJar"},{"floor":33.0,"key":"Block Potion"},{"floor":36.0,"key":"Energy Potion"}],"is_trial":false,"path_per_floor":["M","M","M","?","?","R","M","E","T","M","R","E","M","M","R","B",null,"M","?","M","?","M","R","?","$","T","?","M","M","$","M","R","B",null,"M","M","?","M","$","R","M","M","T","R","?","R","$","M","R","B",null],"character_chosen":"THE_SILENT","items_purchased":["Backflip+1","Well Laid Plans","Chemical X","Outmaneuver+1","Footwork","Footwork","Backflip+1","Deadly Poison+1","Strength Potion"],"campfire_rested":2,"item_purchase_floors":[25,25,25,39,39,47,47,47,47],"current_hp_per_floor":[60,60,60,53,53,53,49,42,42,42,42,22,17,17,17,17,57,48,35,20,20,3,25,25,25,25,25,22,32,32,44,44,34,65,56,56,56,42,42,42,28,40,40,40,40,40,40,45,66,37],"gold":109,"neow_bonus":"REMOVE_CARD","is_prod":false,"is_daily":false,"chose_seed":false,"campfire_upgraded":7,"win_rate":0,"timestamp":1565099552,"path_taken":["M","M","M","?","?","R","?","E","T","?","R","E","M","M","R","BOSS","M","?","M","?","M","R","?","$","T","?","M","M","$","?","R","BOSS","M","M","?","M","$","R","M","M","T","R","?","R","$","M","R","BOSS"],"build_version":"2019-07-18","purchased_purges":3,"victory":true,"max_hp_per_floor":[70,70,70,70,70,70,70,70,70,70,70,70,70,70,70,70,70,70,75,75,75,75,75,75,75,75,75,75,75,75,75,75,75,75,75,75,71,71,71,71,71,71,71,71,71,71,71,71,71,71],"card_choices":[{"not_picked":["Sucker Punch","PiercingWail"],"picked":"Crippling Poison","floor":1.0},{"not_picked":["Quick Slash","Sucker Punch","Eviscerate"],"picked":"SKIP","floor":2.0},{"not_picked":["Expertise","Distraction"],"picked":"Glass Knife","floor":3.0},{"not_picked":["Sucker Punch","Deflect"],"picked":"Leg Sweep","floor":7.0},{"not_picked":["Eviscerate","Riddle With Holes"],"picked":"Flechettes","floor":8.0},{"not_picked":["Dagger Spray","Poisoned Stab"],"picked":"Dodge and Roll+1","floor":10.0},{"not_picked":["Sucker Punch","Choke","Blade Dance+1"],"picked":"SKIP","floor":12.0},{"not_picked":["Heel Hook","Dagger Spray"],"picked":"Caltrops","floor":13.0},{"not_picked":["Accuracy","Escape Plan+1","Outmaneuver+1"],"picked":"SKIP","floor":14.0},{"not_picked":["Phantasmal Killer+1","Unload"],"picked":"Malaise+1","floor":16.0},{"not_picked":["Quick Slash","Prepared+1","Expertise+1"],"picked":"SKIP","floor":18.0},{"not_picked":["Masterful Stab+1","Deflect+1"],"picked":"Terror+1","floor":20.0},{"not_picked":["Dagger Throw","Slice"],"picked":"Underhanded Strike+1","floor":22.0},{"not_picked":["Sucker Punch","Infinite Blades"],"picked":"Acrobatics+1","floor":24.0},{"not_picked":["Calculated Gamble+1","Blade Dance+1"],"picked":"Underhanded Strike+1","floor":28.0},{"not_picked":["Acrobatics+1","Eviscerate"],"picked":"Caltrops+1","floor":29.0},{"not_picked":["Backflip+1","Escape Plan+1"],"picked":"Deadly Poison+1","floor":31.0},{"not_picked":["Venomology+1","Glass Knife"],"picked":"Burst+1","floor":33.0},{"not_picked":["Masterful Stab+1","Bane+1"],"picked":"Backflip+1","floor":35.0},{"not_picked":["Underhanded Strike","Bane","Deflect+1"],"picked":"SKIP","floor":36.0},{"not_picked":["All Out Attack+1","Quick Slash+1"],"picked":"Dash","floor":38.0},{"not_picked":["Grand Finale","Prepared+1"],"picked":"Underhanded Strike+1","floor":41.0},{"not_picked":["Prepared+1","Deadly Poison+1"],"picked":"Dodge and Roll+1","floor":42.0},{"not_picked":["Acrobatics+1","Die Die Die"],"picked":"Noxious Fumes+1","floor":48.0}],"player_experience":202920,"relics_obtained":[{"floor":8.0,"key":"Toxic Egg 2"},{"floor":9.0,"key":"Smiling Mask"},{"floor":12.0,"key":"Pocketwatch"},{"floor":24.0,"key":"Red Mask"},{"floor":26.0,"key":"Meat on the Bone"},{"floor":43.0,"key":"Ninja Scroll"}],"event_choices":[{"damage_healed":0.0,"max_hp_gain":0.0,"max_hp_loss":0.0,"gold_gain":0.0,"event_name":"Scrap Ooze","player_choice":"Success","floor":4.0,"gold_loss":0.0,"damage_taken":7.0,"relics_obtained":["Potion Belt"]},{"damage_healed":0.0,"max_hp_gain":0.0,"max_hp_loss":0.0,"gold_gain":0.0,"event_name":"Lab","player_choice":"Got Potions","floor":5.0,"gold_loss":0.0,"damage_taken":0.0},{"damage_healed":0.0,"max_hp_gain":5.0,"max_hp_loss":0.0,"gold_gain":0.0,"event_name":"Forgotten Altar","player_choice":"Shed Blood","floor":19.0,"gold_loss":0.0,"damage_taken":18.0},{"damage_healed":0.0,"max_hp_gain":0.0,"max_hp_loss":0.0,"gold_gain":0.0,"event_name":"The Mausoleum","player_choice":"Opened","floor":21.0,"gold_loss":0.0,"damage_taken":0.0,"relics_obtained":["Vajra"]},{"damage_healed":0.0,"max_hp_gain":0.0,"max_hp_loss":0.0,"gold_gain":0.0,"event_name":"Masked Bandits","player_choice":"Fought Bandits","floor":24.0,"gold_loss":0.0,"damage_taken":0.0},{"damage_healed":0.0,"max_hp_gain":0.0,"max_hp_loss":0.0,"gold_gain":0.0,"cards_transformed":["Strike_G"],"event_name":"Transmorgrifier","player_choice":"Transformed","floor":27.0,"gold_loss":0.0,"damage_taken":0.0,"cards_obtained":["Catalyst"]},{"damage_healed":0.0,"max_hp_gain":0.0,"max_hp_loss":4.0,"gold_gain":0.0,"event_name":"Winding Halls","player_choice":"Max HP","floor":37.0,"gold_loss":0.0,"damage_taken":0.0},{"damage_healed":0.0,"max_hp_gain":0.0,"max_hp_loss":0.0,"gold_gain":222.0,"event_name":"Tomb of Lord Red Mask","player_choice":"Wore Mask","floor":45.0,"gold_loss":0.0,"damage_taken":0.0}],"is_beta":true,"boss_relics":[{"not_picked":["Eternal Feather","WristBlade"],"picked":"Snecko Eye"},{"not_picked":["Cursed Key","Fusion Hammer"],"picked":"Pandora\u0027s Box"}],"items_purged_floors":[25,30,39],"is_endless":false,"potions_floor_spawned":[3,7,8,10,12,13,20,24,28,31,33,35,36,48],"ascension_level":10}