{"gold_per_floor":[116,116,27,102,102,136,165,165,165,165,181,181,199,199],"floor_reached":14,"playtime":235,"items_purged":[],"score":292,"play_id":"e1a8dd2d-108b-4e6c-8bb1-798d8ce480a0","local_time":"20190623215309","is_ascension_mode":true,"campfire_choices":[{"data":"Calculated Gamble","floor":8,"key":"SMITH"},{"data":"Deadly Poison","floor":12,"key":"SMITH"}],"neow_cost":"NONE","seed_source_timestamp":470358193297580,"circlet_count":0,"master_deck":["AscendersBane","Defend_G","Defend_G","Defend_G","Defend_G","Defend_G","Strike_G","Strike_G","Strike_G","Strike_G","Strike_G","Survivor","Neutralize","Reflex","Calculated Gamble+1","Deadly Poison+1","Acrobatics"],"relics":["Ring of the Snake","NeowsBlessing","Paper Crane","WingedGreaves","Frozen Egg 2","Mummified Hand","Golden Idol"],"potions_floor_usage":[14],"damage_taken":[{"damage":0,"enemies":"Cultist","floor":1,"turns":1},{"damage":0,"enemies":"3 Sentries","floor":6,"turns":2},{"damage":0,"enemies":"Gremlin Nob","floor":7,"turns":1},{"damage":6,"enemies":"Jaw Worm","floor":11,"turns":5},{"damage":0,"enemies":"Small Slimes","floor":13,"turns":4},{"damage":2,"enemies":"3 Sentries","floor":14,"turns":2}],"seed_played":"-8525918664813924196","potions_obtained":[{"floor":1,"key":"Block Potion"},{"floor":7,"key":"PowerPotion"}],"is_trial":false,"path_per_floor":["M","?","$","?","?","E","E","R","T","?","M","R","M","E"],"character_chosen":"THE_SILENT","items_purchased":["Calculated Gamble"],"campfire_rested":0,"item_purchase_floors":[3],"current_hp_per_floor":[59,41,41,30,52,52,52,52,52,52,46,46,46,44],"gold":199,"neow_bonus":"THREE_ENEMY_KILL","is_prod":false,"is_daily":false,"chose_seed":false,"campfire_upgraded":2,"win_rate":0,"timestamp":1561297989,"path_taken":["M","?","$","?","?","E","E","R","T","?","M","R","M","E"],"build_version":"2019-01-23","purchased_purges":0,"victory":false,"max_hp_per_floor":[66,66,66,66,66,66,66,66,66,60,60,60,60,60],"card_choices":[{"not_picked":["Flying Knee","Deflect"],"picked":"Reflex","floor":1},{"not_picked":["Dodge and Roll","Malaise"],"picked":"Deadly Poison","floor":6},{"not_picked":["Bullet Time","Quick Slash","Underhanded Strike"],"picked":"SKIP","floor":7},{"not_picked":["Riddle With Holes","Infinite Blades+1","Bouncing Flask"],"picked":"SKIP","floor":11},{"not_picked":["Dodge and Roll","Heel Hook"],"picked":"Acrobatics","floor":13}],"player_experience":1015534,"relics_obtained":[{"floor":6,"key":"WingedGreaves"},{"floor":7,"key":"Frozen Egg 2"},{"floor":9,"key":"Mummified Hand"}],"event_choices":[{"damage_healed":0,"gold_gain":0,"player_choice":"Success","damage_taken":18,"relics_obtained":["Paper Crane"],"max_hp_gain":0,"max_hp_loss":0,"event_name":"Scrap Ooze","floor":2,"gold_loss":0},{"damage_healed":0,"gold_gain":75,"player_choice":"Gather Gold","damage_taken":11,"max_hp_gain":0,"max_hp_loss":0,"event_name":"World of Goop","floor":4,"gold_loss":0},{"damage_healed":22,"gold_gain":0,"player_choice":"Banana","damage_taken":0,"max_hp_gain":0,"max_hp_loss":0,"event_name":"Big Fish","floor":5,"gold_loss":0},{"damage_healed":0,"gold_gain":0,"player_choice":"Lose Max HP","damage_taken":0,"relics_obtained":["Golden Idol"],"max_hp_gain":0,"max_hp_loss":6,"event_name":"Golden Idol","floor":10,"gold_loss":0}],"is_beta":false,"boss_relics":[],"items_purged_floors":[],"is_endless":false,"potions_floor_spawned":[1,7,11],"killed_by":"3 Sentries","ascension_level":20}