{"gold_per_floor":[115,290,290,290,119,119,150,150,174,211,236,261,286,314,326,438,450,446,458,482,494,314,314],"floor_reached":23,"playtime":1032,"items_purged":["Strike_B","Strike_B"],"score":308,"play_id":"b41731b1-814e-4c7a-b15f-33c352dd38f6","local_time":"20190521114329","is_ascension_mode":true,"campfire_choices":[{"floor":6,"key":"REST"},{"data":"Coolheaded","floor":15,"key":"SMITH"}],"neow_cost":"PERCENT_DAMAGE","seed_source_timestamp":1379404582483627,"circlet_count":0,"master_deck":["AscendersBane","Strike_B","Strike_B","Defend_B","Defend_B","Defend_B","Defend_B","Zap","Dualcast","Ball Lightning","Doubt","Defragment+1","Conserve Battery","Ball Lightning","Double Energy","Self Repair","Glacier","Coolheaded+1","Glacier","Buffer","Streamline","Steam","Steam","Heatsinks"],"relics":["Cracked Core","Thread and Needle","Ornamental Fan","MawBank","Cables","Black Star"],"potions_floor_usage":[7,10,14,16,21,23],"damage_taken":[{"damage":0,"enemies":"Small Slimes","floor":1,"turns":3},{"damage":8,"enemies":"Lagavulin","floor":7,"turns":7},{"damage":11,"enemies":"3 Sentries","floor":10,"turns":5},{"damage":0,"enemies":"2 Louse","floor":11,"turns":2},{"damage":0,"enemies":"Cultist","floor":12,"turns":2},{"damage":0,"enemies":"Blue Slaver","floor":13,"turns":3},{"damage":0,"enemies":"Large Slime","floor":14,"turns":3},{"damage":15,"enemies":"Slime Boss","floor":16,"turns":6},{"damage":18,"enemies":"2 Thieves","floor":18,"turns":4},{"damage":22,"enemies":"3 Byrds","floor":20,"turns":4},{"damage":12,"enemies":"Colosseum Slavers","floor":21,"turns":5},{"damage":41,"enemies":"Book of Stabbing","floor":23,"turns":7}],"seed_played":"1391330030484625512","potions_obtained":[{"floor":1,"key":"Weak Potion"},{"floor":7,"key":"Strength Potion"},{"floor":10,"key":"GamblersBrew"},{"floor":12,"key":"FocusPotion"},{"floor":18,"key":"FearPotion"},{"floor":20,"key":"Strength Potion"}],"is_trial":false,"path_per_floor":["M","?","?","?","$","R","E","?","T","E","M","M","M","M","R","B",null,"M","?","M","?","$","E"],"character_chosen":"DEFECT","items_purchased":["Defragment","Conserve Battery","Steam","Heatsinks"],"campfire_rested":1,"item_purchase_floors":[5,5,22,22],"current_hp_per_floor":[50,50,50,55,55,79,71,71,71,60,60,60,67,74,74,66,77,66,66,51,39,39,0],"gold":314,"neow_bonus":"ONE_RARE_RELIC","is_prod":false,"is_daily":false,"chose_seed":false,"campfire_upgraded":1,"win_rate":0,"timestamp":1558403009,"path_taken":["M","?","?","?","$","R","E","?","T","E","M","M","M","M","R","BOSS","M","?","M","?","$","E"],"build_version":"2019-01-23","purchased_purges":2,"victory":false,"max_hp_per_floor":[75,75,75,80,80,80,80,80,80,80,80,80,80,80,80,80,80,80,80,80,80,80,80],"card_choices":[{"not_picked":["Lockon","White Noise"],"picked":"Ball Lightning","floor":1},{"not_picked":["Reinforced Body","Turbo"],"picked":"Ball Lightning","floor":7},{"not_picked":["Beam Cell","Chill"],"picked":"Double Energy","floor":10},{"not_picked":["Conserve Battery","Stack"],"picked":"Self Repair","floor":11},{"not_picked":["Steam Power","Compile Driver"],"picked":"Glacier","floor":12},{"not_picked":["Steam Power","Aggregate"],"picked":"Coolheaded","floor":13},{"not_picked":["Gash","Conserve Battery"],"picked":"Glacier","floor":14},{"not_picked":["Multi-Cast","Biased Cognition"],"picked":"Buffer","floor":16},{"not_picked":["Auto Shields","Gash+1"],"picked":"Streamline","floor":18},{"not_picked":["Chaos","Beam Cell"],"picked":"Steam","floor":20}],"player_experience":898053,"relics_obtained":[{"floor":7,"key":"Ornamental Fan"},{"floor":9,"key":"MawBank"},{"floor":10,"key":"Cables"}],"event_choices":[{"damage_healed":0,"gold_gain":175,"player_choice":"AGREE","damage_taken":0,"max_hp_gain":0,"max_hp_loss":0,"event_name":"Liars Game","floor":2,"gold_loss":0,"cards_obtained":["Doubt"]},{"damage_healed":0,"gold_gain":0,"player_choice":"Ignored","damage_taken":0,"max_hp_gain":0,"max_hp_loss":0,"event_name":"Shining Light","floor":3,"gold_loss":0},{"damage_healed":0,"gold_gain":0,"player_choice":"Donut","damage_taken":0,"max_hp_gain":5,"max_hp_loss":0,"event_name":"Big Fish","floor":4,"gold_loss":0},{"damage_healed":0,"gold_gain":0,"player_choice":"Upgraded","damage_taken":0,"max_hp_gain":0,"max_hp_loss":0,"event_name":"Upgrade Shrine","floor":8,"gold_loss":0,"cards_upgraded":["Defragment"]},{"damage_healed":0,"gold_gain":0,"player_choice":"Ignored","damage_taken":0,"max_hp_gain":0,"max_hp_loss":0,"event_name":"Ghosts","floor":19,"gold_loss":0},{"damage_healed":0,"gold_gain":0,"player_choice":"Fight","damage_taken":0,"max_hp_gain":0,"max_hp_loss":0,"event_name":"Colosseum","floor":21,"gold_loss":0},{"damage_healed":0,"gold_gain":0,"player_choice":"Fled From Nobs","damage_taken":0,"max_hp_gain":0,"max_hp_loss":0,"event_name":"Colosseum","floor":21,"gold_loss":0}],"is_beta":false,"boss_relics":[{"not_picked":["White Beast Statue","Runic Dome"],"picked":"Black Star"}],"items_purged_floors":[5,22],"is_endless":false,"potions_floor_spawned":[1,7,10,12,18,20,21],"killed_by":"Book of Stabbing","ascension_level":11}