{"gold_per_floor":[113,113,131,149,149,169,169,179,206,206,206,173,73,5,5,101,101,120,120],"floor_reached":19,"playtime":1775,"items_purged":["Defend_B"],"score":165,"play_id":"caf4835e-4157-4427-92c6-64e037195164","local_time":"20190319121904","is_ascension_mode":true,"campfire_choices":[{"data":"Streamline","floor":7,"key":"SMITH"},{"data":"Leap","floor":10,"key":"SMITH"},{"data":"Defragment","floor":15,"key":"SMITH"}],"neow_cost":"NONE","seed_source_timestamp":444942472965100,"circlet_count":0,"master_deck":["Strike_B","Strike_B","Strike_B","Strike_B","Defend_B","Defend_B","Zap","Dualcast","Rip and Tear","Doom and Gloom","Melter","Streamline+1","Leap+1","Cold Snap","Defragment+1","Echo Form","Injury","Regret","Decay"],"relics":["Cracked Core","GremlinMask","Centennial Puzzle","Calling Bell","Blood Vial","Singing Bowl","Torii"],"potions_floor_usage":[16,16,16,19],"damage_taken":[{"damage":3,"enemies":"2 Louse","floor":1,"turns":3},{"damage":0,"enemies":"Cultist","floor":3,"turns":2},{"damage":0,"enemies":"Small Slimes","floor":4,"turns":2},{"damage":8,"enemies":"2 Fungi Beasts","floor":6,"turns":3},{"damage":12,"enemies":"Blue Slaver","floor":8,"turns":4},{"damage":4,"enemies":"The Guardian","floor":16,"turns":8},{"damage":31,"enemies":"Shell Parasite","floor":18,"turns":6},{"damage":60,"enemies":"Masked Bandits","floor":19,"turns":4}],"seed_played":"6173064156536015449","potions_obtained":[{"floor":3,"key":"EssenceOfSteel"},{"floor":4,"key":"LiquidBronze"},{"floor":8,"key":"FocusPotion"},{"floor":16,"key":"Fire Potion"}],"is_trial":false,"path_per_floor":["M","?","M","M","?","M","R","M","T","R","?","?","$","$","R","B",null,"M","?"],"character_chosen":"DEFECT","items_purchased":["Cold Snap","Defragment"],"campfire_rested":0,"item_purchase_floors":[13,14],"current_hp_per_floor":[79,79,79,79,79,71,71,59,59,59,59,59,59,59,59,55,82,53,0],"gold":120,"neow_bonus":"TEN_PERCENT_HP_BONUS","is_prod":false,"is_daily":false,"chose_seed":false,"campfire_upgraded":3,"win_rate":0,"timestamp":1553023144,"path_taken":["M","?","?","M","?","M","R","M","T","R","?","?","?","$","R","BOSS","M","?"],"build_version":"2019-01-23","purchased_purges":1,"victory":false,"max_hp_per_floor":[82,82,82,82,82,82,82,82,82,82,82,82,82,82,82,82,82,84,84],"card_choices":[{"not_picked":["Turbo","Compile Driver"],"picked":"Rip and Tear","floor":1},{"not_picked":["Tempest","Aggregate"],"picked":"Doom and Gloom","floor":3},{"not_picked":["Compile Driver","Barrage"],"picked":"Melter","floor":4},{"not_picked":["Steam Power","Fission"],"picked":"Streamline","floor":6},{"not_picked":["Ball Lightning","Steam"],"picked":"Leap","floor":8},{"not_picked":["Hyperbeam","Amplify"],"picked":"Echo Form","floor":16},{"not_picked":["Double Energy","Gash","Turbo"],"picked":"Singing Bowl","floor":18}],"player_experience":332543,"relics_obtained":[{"floor":9,"key":"Centennial Puzzle"},{"floor":17,"key":"Blood Vial"},{"floor":17,"key":"Singing Bowl"},{"floor":17,"key":"Torii"}],"event_choices":[{"damage_healed":0,"gold_gain":0,"player_choice":"Trade","damage_taken":0,"relics_obtained":["GremlinMask"],"max_hp_gain":0,"max_hp_loss":0,"event_name":"FaceTrader","floor":2,"gold_loss":0},{"damage_healed":0,"gold_gain":0,"player_choice":"Ignored","damage_taken":0,"max_hp_gain":0,"max_hp_loss":0,"event_name":"Liars Game","floor":5,"gold_loss":0},{"cards_removed":["Defend_B"],"damage_healed":0,"gold_gain":0,"player_choice":"Forget","damage_taken":0,"max_hp_gain":0,"max_hp_loss":0,"event_name":"Living Wall","floor":11,"gold_loss":0},{"damage_healed":0,"gold_gain":0,"player_choice":"Left Gold","damage_taken":0,"max_hp_gain":0,"max_hp_loss":0,"event_name":"World of Goop","floor":12,"gold_loss":33},{"damage_healed":0,"gold_gain":0,"player_choice":"Fought Bandits","damage_taken":0,"max_hp_gain":0,"max_hp_loss":0,"event_name":"Masked Bandits","floor":19,"gold_loss":0}],"is_beta":false,"boss_relics":[{"not_picked":["Fusion Hammer","Ectoplasm"],"picked":"Calling Bell"}],"items_purged_floors":[13],"is_endless":false,"potions_floor_spawned":[3,4,8,16],"killed_by":"Masked Bandits","ascension_level":1}