{"gold_per_floor":[114,133,208,208,30,30,30,59,59,59,389,389,417,433,433,537,537,554,0,16,33,50,50,63,91,118,118,118,118,145,12,12,111,111,121,137,15,0,100,155,155,155,178,194,210,210,238,256,256,256],"floor_reached":51,"playtime":18912,"items_purged":["Defend_B","Defend_B"],"score":797,"play_id":"d7999996-51fe-4ef8-a3f9-81fadfa4a110","local_time":"20190319212107","is_ascension_mode":true,"campfire_choices":[{"data":"White Noise","floor":6.0,"key":"SMITH"},{"data":"Defragment","floor":10.0,"key":"SMITH"},{"floor":15.0,"key":"REST"},{"data":"Self Repair","floor":23.0,"key":"SMITH"},{"floor":28.0,"key":"REST"},{"floor":32.0,"key":"REST"},{"data":"Rainbow","floor":41,"key":"SMITH"},{"data":"Apotheosis","floor":49,"key":"SMITH"}],"neow_cost":"NONE","seed_source_timestamp":0,"circlet_count":0,"master_deck":["Defend_B","Zap","Dualcast","White Noise+1","Storm","Loop","Defragment+1","Rainbow+1","Redo+1","Self Repair+1","Melter","Beam Cell+1","Fusion+1","Genetic Algorithm","Bite","Bite","Bite+1","Bite","Bite+1","Coolheaded","Apotheosis+1","Creative AI","Finesse"],"special_seed":0,"relics":["Black Star","Omamori","Pear","Regal Pillow","Vajra","Ornamental Fan","Old Coin","The Courier","Busted Crown","Cables","Bottled Lightning","Darkstone Periapt","PreservedInsect","Boot","Pantograph","DataDisk","Nuclear Battery","Red Mask","Pocketwatch","Tiny Chest","Mummified Hand","Whetstone","Blue Candle","Frozen Egg 2"],"potions_floor_usage":[47,50,50],"damage_taken":[{"damage":1.0,"enemies":"Jaw Worm","floor":1.0,"turns":5.0},{"damage":11.0,"enemies":"2 Louse","floor":2.0,"turns":3.0},{"damage":28.0,"enemies":"Gremlin Nob","floor":8.0,"turns":4.0},{"damage":35.0,"enemies":"Lagavulin","floor":11.0,"turns":6.0},{"damage":6.0,"enemies":"Gremlin Nob","floor":13.0,"turns":3.0},{"damage":6.0,"enemies":"Small Slimes","floor":14.0,"turns":3.0},{"damage":32.0,"enemies":"The Guardian","floor":16.0,"turns":11.0},{"damage":7.0,"enemies":"3 Byrds","floor":18.0,"turns":4.0},{"damage":0.0,"enemies":"Spheric Guardian","floor":20.0,"turns":1.0},{"damage":22.0,"enemies":"Snecko","floor":21.0,"turns":6.0},{"damage":9.0,"enemies":"Snake Plant","floor":22.0,"turns":4.0},{"damage":0.0,"enemies":"Sentry and Sphere","floor":24.0,"turns":2.0},{"damage":54.0,"enemies":"Slavers","floor":25.0,"turns":6.0},{"damage":18.0,"enemies":"Book of Stabbing","floor":30.0,"turns":4.0},{"damage":48.0,"enemies":"Collector","floor":33.0,"turns":9.0},{"damage":39.0,"enemies":"3 Darklings","floor":35.0,"turns":5.0},{"damage":7,"enemies":"Orb Walker","floor":36,"turns":4},{"damage":19,"enemies":"Mind Bloom Boss Battle","floor":39,"turns":5},{"damage":26,"enemies":"Nemesis","floor":40,"turns":7},{"damage":36,"enemies":"3 Darklings","floor":44,"turns":5},{"damage":24,"enemies":"Jaw Worm Horde","floor":45,"turns":5},{"damage":30,"enemies":"Reptomancer","floor":47,"turns":6},{"damage":10,"enemies":"Spire Growth","floor":48,"turns":4},{"damage":76,"enemies":"Donu and Deca","floor":50,"turns":10}],"seed_played":"8067262035634115250","potions_obtained":[{"floor":8.0,"key":"Ancient Potion"},{"floor":11.0,"key":"Swift Potion"},{"floor":12.0,"key":"EntropicBrew"},{"floor":16.0,"key":"Energy Potion"},{"floor":18.0,"key":"EntropicBrew"},{"floor":21.0,"key":"Dexterity Potion"},{"floor":39,"key":"SpeedPotion"},{"floor":48,"key":"Block Potion"}],"is_trial":false,"path_per_floor":["M","M","?","?","$","R","?","E","T","R","E","?","E","M","R","B",null,"M","$","M","M","M","R","M","E","T","?","R","?","E","$","R","B",null,"M","M","$","?","?","E","R","?","T","M","M","?","E","M","R","B",null],"character_chosen":"DEFECT","items_purchased":["Loop","Omamori","Self Repair","Cables","Bottled Lightning","Melter","Apotheosis","FearPotion"],"campfire_rested":3,"item_purchase_floors":[5,5,19,19,19,19,31,37],"current_hp_per_floor":[74,63,52,75,75,75,75,57,57,57,22,22,16,12,52,22,85,78,78,80,67,67,67,69,27,27,27,67,67,69,69,85,71,85,67,80,80,80,79,84,84,84,84,76,71,71,72,83,83,57],"gold":256,"neow_bonus":"BOSS_RELIC","is_prod":false,"is_daily":false,"chose_seed":false,"campfire_upgraded":5,"win_rate":0,"timestamp":1553055667,"path_taken":["M","M","?","?","$","R","?","E","T","R","E","?","E","M","R","BOSS","M","$","M","M","M","R","M","E","T","?","R","?","E","$","R","BOSS","M","M","$","?","?","E","R","?","T","M","?","?","E","M","R","BOSS"],"build_version":"2019-01-23","purchased_purges":2,"victory":true,"max_hp_per_floor":[75,75,75,75,75,75,75,85,85,85,85,85,85,85,85,85,85,85,85,85,85,85,85,85,85,85,85,85,85,85,85,85,85,85,85,85,85,85,85,85,85,85,85,85,85,85,85,85,85,85],"card_choices":[{"not_picked":["Steam","Leap"],"picked":"White Noise","floor":1.0},{"not_picked":["Rebound","Gash"],"picked":"Storm","floor":2.0},{"not_picked":["Gash","Hologram"],"picked":"Defragment","floor":8.0},{"not_picked":["Hyperbeam","Beam Cell","Turbo"],"picked":"SKIP","floor":11.0},{"not_picked":["Hologram","Sweeping Beam"],"picked":"Rainbow","floor":14.0},{"not_picked":[],"picked":"Redo+1","floor":18.0},{"not_picked":[],"picked":"Beam Cell+1","floor":20.0},{"not_picked":["Sweeping Beam+1"],"picked":"SKIP","floor":21.0},{"not_picked":[],"picked":"Fusion+1","floor":22.0},{"not_picked":["Defragment"],"picked":"SKIP","floor":24.0},{"not_picked":[],"picked":"Genetic Algorithm","floor":25.0},{"not_picked":[],"picked":"Coolheaded","floor":30.0},{"not_picked":[],"picked":"Creative AI","floor":33.0},{"not_picked":["Conserve Battery+1"],"picked":"SKIP","floor":35},{"not_picked":["Redo"],"picked":"SKIP","floor":36},{"not_picked":["Compile Driver"],"picked":"SKIP","floor":40},{"not_picked":["Beam Cell"],"picked":"SKIP","floor":44},{"not_picked":["Reboot"],"picked":"SKIP","floor":45},{"not_picked":[],"picked":"Finesse","floor":46},{"not_picked":["Genetic Algorithm+1"],"picked":"SKIP","floor":47},{"not_picked":["Sweeping Beam+1"],"picked":"SKIP","floor":48}],"player_experience":336501,"relics_obtained":[{"floor":8.0,"key":"Pear"},{"floor":8.0,"key":"Regal Pillow"},{"floor":9.0,"key":"Vajra"},{"floor":11.0,"key":"Ornamental Fan"},{"floor":11.0,"key":"Old Coin"},{"floor":13.0,"key":"Blood Vial"},{"floor":13.0,"key":"The Courier"},{"floor":25.0,"key":"Darkstone Periapt"},{"floor":25.0,"key":"PreservedInsect"},{"floor":26.0,"key":"Boot"},{"floor":30.0,"key":"Pantograph"},{"floor":30.0,"key":"DataDisk"},{"floor":39,"key":"Pocketwatch"},{"floor":40,"key":"Tiny Chest"},{"floor":40,"key":"Mummified Hand"},{"floor":43,"key":"Whetstone"},{"floor":47,"key":"Blue Candle"},{"floor":47,"key":"Frozen Egg 2"}],"event_choices":[{"damage_healed":0.0,"max_hp_gain":0.0,"max_hp_loss":0.0,"gold_gain":75.0,"event_name":"World of Goop","player_choice":"Gather Gold","floor":3.0,"gold_loss":0.0,"damage_taken":11.0},{"damage_healed":25.0,"max_hp_gain":0.0,"max_hp_loss":0.0,"gold_gain":0.0,"event_name":"Big Fish","player_choice":"Banana","floor":4.0,"gold_loss":0.0,"damage_taken":0.0},{"damage_healed":0.0,"max_hp_gain":0.0,"max_hp_loss":0.0,"gold_gain":0.0,"event_name":"Golden Wing","player_choice":"Ignored","floor":7.0,"gold_loss":0.0,"damage_taken":0.0},{"damage_healed":0.0,"max_hp_gain":0.0,"max_hp_loss":0.0,"gold_gain":0.0,"event_name":"Lab","player_choice":"Got Potions","floor":12.0,"gold_loss":0.0,"damage_taken":0.0},{"damage_healed":0.0,"max_hp_gain":0.0,"max_hp_loss":0.0,"gold_gain":0.0,"event_name":"Vampires","player_choice":"Became a vampire (Vial)","floor":27.0,"relics_lost":["Blood Vial"],"gold_loss":0.0,"damage_taken":0.0,"cards_obtained":["Bite","Bite","Bite","Bite","Bite"]},{"damage_healed":0.0,"max_hp_gain":0.0,"max_hp_loss":0.0,"gold_gain":0.0,"event_name":"Beggar","player_choice":"Ignored","floor":29.0,"gold_loss":0.0,"damage_taken":0.0},{"damage_healed":0,"gold_gain":0,"player_choice":"Paid","damage_taken":0,"relics_obtained":["Red Mask"],"max_hp_gain":0,"max_hp_loss":0,"event_name":"Tomb of Lord Red Mask","floor":38,"gold_loss":15},{"damage_healed":0,"gold_gain":0,"player_choice":"Fight","damage_taken":0,"max_hp_gain":0,"max_hp_loss":0,"event_name":"MindBloom","floor":39,"gold_loss":0},{"cards_removed":["Defend_B"],"damage_healed":0,"gold_gain":0,"player_choice":"Removed Skill","damage_taken":0,"max_hp_gain":0,"max_hp_loss":0,"event_name":"Falling","floor":42,"gold_loss":0},{"damage_healed":0,"gold_gain":0,"player_choice":"Memory 1","damage_taken":0,"max_hp_gain":0,"max_hp_loss":0,"event_name":"SensoryStone","floor":46,"gold_loss":0}],"is_beta":false,"boss_relics":[{"not_picked":["White Beast Statue","Orrery"],"picked":"Busted Crown"},{"not_picked":["Snecko Eye","Coffee Dripper"],"picked":"Nuclear Battery"}],"items_purged_floors":[19,37],"is_endless":false,"potions_floor_spawned":[8,11,13,16,18,21,39,48],"ascension_level":1}