{"gold_per_floor":[112,126,141,141,141,141,159,3,3,3,3,3,3,26,26,147,147,167,167,191,211,211],"floor_reached":22,"playtime":842,"items_purged":[],"score":211,"play_id":"8bb7fbfa-a155-457c-95e5-556effb8ef72","local_time":"20190725001058","is_ascension_mode":true,"campfire_choices":[{"data":"Caltrops","floor":6,"key":"SMITH"},{"floor":13,"key":"REST"},{"floor":15,"key":"REST"}],"neow_cost":"TEN_PERCENT_HP_LOSS","seed_source_timestamp":446244858451900,"circlet_count":0,"master_deck":["Strike_G","Strike_G","Strike_G","Strike_G","Defend_G+1","Defend_G","Defend_G","Defend_G","Survivor","Neutralize","Dagger Throw","Footwork","Blade Dance+1","Dagger Spray","Caltrops+1","Noxious Fumes","Outmaneuver","Corpse Explosion","Blur","Escape Plan"],"relics":["Ring of the Snake","Golden Idol","Orichalcum","Dodecahedron","Question Card","Sozu"],"potions_floor_usage":[16,16],"damage_taken":[{"damage":6,"enemies":"Cultist","floor":1,"turns":4},{"damage":0,"enemies":"2 Louse","floor":2,"turns":3},{"damage":7,"enemies":"Small Slimes","floor":3,"turns":3},{"damage":12,"enemies":"Looter","floor":7,"turns":3},{"damage":8,"enemies":"2 Fungi Beasts","floor":14,"turns":3},{"damage":20,"enemies":"Hexaghost","floor":16,"turns":9},{"damage":17,"enemies":"Spheric Guardian","floor":18,"turns":5},{"damage":6,"enemies":"Shell Parasite","floor":20,"turns":6},{"damage":13,"enemies":"Snake Plant","floor":21,"turns":5},{"damage":34,"enemies":"Cultist and Chosen","floor":22,"turns":4}],"seed_played":"7868403008143349277","potions_obtained":[{"floor":7,"key":"PowerPotion"},{"floor":14,"key":"Strength Potion"}],"is_trial":false,"path_per_floor":["M","M","M","?","?","R","M","$","T","?","$","?","R","M","R","B",null,"M","?","M","M","M"],"character_chosen":"THE_SILENT","items_purchased":["Orichalcum"],"campfire_rested":2,"item_purchase_floors":[8],"current_hp_per_floor":[57,57,50,50,55,55,43,43,43,36,36,23,41,33,51,31,63,46,30,24,11,0],"gold":211,"neow_bonus":"TRANSFORM_TWO_CARDS","is_prod":false,"is_daily":false,"chose_seed":false,"campfire_upgraded":1,"win_rate":0,"timestamp":1564038658,"path_taken":["M","?","M","?","?","R","M","$","T","?","$","?","R","M","R","BOSS","M","?","M","M","M"],"build_version":"2019-07-17","purchased_purges":0,"victory":false,"max_hp_per_floor":[63,63,63,58,63,63,63,63,63,63,63,63,63,63,63,63,63,63,63,63,63,63],"card_choices":[{"not_picked":["Acrobatics","PiercingWail"],"picked":"Blade Dance","floor":1},{"not_picked":["Flechettes","Leg Sweep"],"picked":"Dagger Spray","floor":2},{"not_picked":["Bane","Dagger Throw"],"picked":"Caltrops","floor":3},{"not_picked":["Setup","Tactician"],"picked":"Noxious Fumes","floor":7},{"not_picked":["Poisoned Stab","Backflip","Deadly Poison"],"picked":"Outmaneuver","floor":14},{"not_picked":["Wraith Form v2","Unload","Adrenaline"],"picked":"Corpse Explosion","floor":16},{"not_picked":["Prepared","Underhanded Strike","Expertise"],"picked":"Blur","floor":18},{"not_picked":["Blade Dance","Sucker Punch","Acrobatics","Bane"],"picked":"SKIP","floor":20},{"not_picked":["PiercingWail","Sucker Punch","Catalyst"],"picked":"Escape Plan","floor":21}],"player_experience":689980,"relics_obtained":[{"floor":9,"key":"Dodecahedron"}],"event_choices":[{"damage_healed":0,"gold_gain":0,"player_choice":"Lose Max HP","damage_taken":0,"relics_obtained":["Golden Idol"],"max_hp_gain":0,"max_hp_loss":5,"event_name":"Golden Idol","floor":4,"gold_loss":0},{"damage_healed":0,"gold_gain":0,"player_choice":"Donut","damage_taken":0,"max_hp_gain":5,"max_hp_loss":0,"event_name":"Big Fish","floor":5,"gold_loss":0},{"damage_healed":0,"gold_gain":0,"player_choice":"Success","damage_taken":7,"relics_obtained":["Question Card"],"max_hp_gain":0,"max_hp_loss":0,"event_name":"Scrap Ooze","floor":10,"gold_loss":0},{"damage_healed":0,"gold_gain":0,"player_choice":"Entered Light","damage_taken":13,"max_hp_gain":0,"max_hp_loss":0,"event_name":"Shining Light","floor":12,"gold_loss":0,"cards_upgraded":["Blade Dance","Defend_G"]},{"damage_healed":0,"gold_gain":0,"player_choice":"Obtained Book","damage_taken":16,"max_hp_gain":0,"max_hp_loss":0,"event_name":"Cursed Tome","floor":19,"gold_loss":0}],"is_beta":false,"boss_relics":[{"not_picked":["HoveringKite","Orrery"],"picked":"Sozu"}],"items_purged_floors":[],"is_endless":false,"potions_floor_spawned":[7,14,18,21],"killed_by":"Cultist and Chosen","ascension_level":4}