{"gold_per_floor":[109,109,119,139,139,139,64,139,139,13,13,53,53,69,69,159,159,175,175],"floor_reached":19,"playtime":612,"items_purged":[],"score":330,"play_id":"60a4dd5f-7466-4dc7-800e-f37fc9cb704f","local_time":"20190702145513","is_ascension_mode":true,"campfire_choices":[{"data":"Flex","floor":6.0,"key":"SMITH"},{"data":"Shockwave","floor":11.0,"key":"SMITH"},{"data":"Impervious","floor":15.0,"key":"SMITH"}],"neow_cost":"TEN_PERCENT_HP_LOSS","seed_source_timestamp":80158647622726,"circlet_count":0,"master_deck":["AscendersBane","Strike_R","Strike_R","Strike_R","Defend_R","Defend_R","Bash","Shrug It Off","Iron Wave","Flex+1","Carnage+1","Shockwave+1","Impervious+1","Pain","Havoc","Barricade","Sever Soul+1","Dropkick+1","Second Wind"],"special_seed":0,"relics":["Burning Blood","Golden Idol","Molten Egg 2","Calipers","WarpedTongs","Orrery"],"potions_floor_usage":[19,19],"damage_taken":[{"damage":21.0,"enemies":"Jaw Worm","floor":1.0,"turns":5.0},{"damage":2.0,"enemies":"2 Louse","floor":3.0,"turns":3.0},{"damage":4.0,"enemies":"Small Slimes","floor":4.0,"turns":4.0},{"damage":8.0,"enemies":"Gremlin Nob","floor":12.0,"turns":3.0},{"damage":17.0,"enemies":"Looter","floor":14.0,"turns":3.0},{"damage":31.0,"enemies":"Hexaghost","floor":16.0,"turns":9.0},{"damage":9.0,"enemies":"Chosen","floor":18.0,"turns":5.0},{"damage":49,"enemies":"Spheric Guardian","floor":19,"turns":10}],"seed_played":"3788082799694065219","potions_obtained":[{"floor":3.0,"key":"Poison Potion"},{"floor":16.0,"key":"Swift Potion"},{"floor":18.0,"key":"Regen Potion"}],"is_trial":false,"path_per_floor":["M","?","M","M","?","R","?","?","T","$","R","E","?","M","R","B",null,"M","M"],"character_chosen":"IRONCLAD","items_purchased":["Carnage+1","Shockwave"],"campfire_rested":0,"item_purchase_floors":[10,10],"current_hp_per_floor":[53,53,57,59,59,59,59,48,48,48,48,46,46,35,35,10,49,46,12],"gold":175,"neow_bonus":"REMOVE_TWO","is_prod":false,"is_daily":false,"chose_seed":false,"campfire_upgraded":3,"win_rate":0,"timestamp":1562050513,"path_taken":["M","?","M","M","?","R","?","?","T","?","R","E","?","?","R","BOSS","M","M"],"build_version":"2019-07-01","purchased_purges":0,"victory":false,"max_hp_per_floor":[68,68,68,68,62,62,62,62,62,62,62,62,62,62,62,62,62,62,62],"card_choices":[{"not_picked":["Iron Wave","Hemokinesis"],"picked":"Shrug It Off","floor":1.0},{"not_picked":["Seeing Red","Fire Breathing"],"picked":"Iron Wave","floor":3.0},{"not_picked":["Pommel Strike","Twin Strike"],"picked":"Flex","floor":4.0},{"not_picked":["True Grit","Twin Strike+1"],"picked":"Impervious","floor":12.0},{"not_picked":["Iron Wave+1","Uppercut+1"],"picked":"Havoc","floor":14.0},{"not_picked":["Brutality","Reaper+1"],"picked":"Barricade","floor":16.0},{"not_picked":["Shrug It Off","Perfected Strike+1"],"picked":"Sever Soul+1","floor":17.0},{"not_picked":["Heavy Blade+1","Headbutt+1"],"picked":"Dropkick+1","floor":17.0},{"not_picked":["Armaments","Rampage+1"],"picked":"Second Wind","floor":18.0}],"player_experience":1044701,"relics_obtained":[{"floor":9.0,"key":"Molten Egg 2"},{"floor":12.0,"key":"Calipers"}],"event_choices":[{"cards_removed":["Defend_R"],"damage_healed":0.0,"max_hp_gain":0.0,"max_hp_loss":0.0,"gold_gain":0.0,"event_name":"Living Wall","player_choice":"Forget","floor":2.0,"gold_loss":0.0,"damage_taken":0.0},{"damage_healed":0.0,"max_hp_gain":0.0,"max_hp_loss":6.0,"gold_gain":0.0,"event_name":"Golden Idol","player_choice":"Lose Max HP","floor":5.0,"gold_loss":0.0,"damage_taken":0.0,"relics_obtained":["Golden Idol"]},{"cards_removed":["Strike_R"],"damage_healed":0.0,"max_hp_gain":0.0,"max_hp_loss":0.0,"gold_gain":0.0,"event_name":"The Cleric","player_choice":"Card Removal","floor":7.0,"gold_loss":75.0,"damage_taken":0.0},{"damage_healed":0.0,"max_hp_gain":0.0,"max_hp_loss":0.0,"gold_gain":75.0,"event_name":"World of Goop","player_choice":"Gather Gold","floor":8.0,"gold_loss":0.0,"damage_taken":11.0},{"damage_healed":0.0,"max_hp_gain":0.0,"max_hp_loss":0.0,"gold_gain":0.0,"event_name":"Accursed Blacksmith","player_choice":"Rummage","floor":13.0,"gold_loss":0.0,"damage_taken":0.0,"relics_obtained":["WarpedTongs"],"cards_obtained":["Pain"]}],"is_beta":false,"boss_relics":[{"not_picked":["Runic Pyramid","Tiny House"],"picked":"Orrery"}],"items_purged_floors":[],"is_endless":false,"potions_floor_spawned":[3,16,18],"killed_by":"Spheric Guardian","ascension_level":20}