{"gold_per_floor":[111,121,134,148,166,166,181,181,181,181,181,9,40,40,40,160,223,247,372,1,0],"floor_reached":21,"playtime":3385,"items_purged":[],"score":179,"play_id":"a43af4f4-4569-47ff-9f97-e2d64048803e","local_time":"20190223145407","is_ascension_mode":false,"campfire_choices":[{"data":"Zap","floor":6,"key":"SMITH"},{"data":"Conserve Battery","floor":8,"key":"SMITH"},{"floor":15,"key":"REST"}],"neow_cost":"NONE","seed_source_timestamp":340412833376400,"circlet_count":0,"master_deck":["Strike_B","Strike_B","Strike_B","Strike_B","Defend_B","Defend_B","Defend_B","Zap+1","Dualcast","Sweeping Beam","FTL","Conserve Battery+1","Buffer","Stack+1","Ball Lightning","Amplify","Mind Blast","Leap","Gash","Tempest+1","Fission+1","Steam+1","Gash","Cold Snap+1","All For One","Sadistic Nature","Static Discharge"],"relics":["Cracked Core","Blood Vial","Golden Idol","Toxic Egg 2","Tiny House","Pocketwatch","Bottled Tornado","Membership Card"],"potions_floor_usage":[],"damage_taken":[{"damage":2,"enemies":"Small Slimes","floor":1,"turns":3},{"damage":1,"enemies":"2 Louse","floor":2,"turns":4},{"damage":0,"enemies":"Cultist","floor":3,"turns":3},{"damage":3,"enemies":"Looter","floor":4,"turns":3},{"damage":2,"enemies":"3 Louse","floor":5,"turns":2},{"damage":7,"enemies":"Blue Slaver","floor":7,"turns":4},{"damage":9,"enemies":"3 Sentries","floor":13,"turns":7},{"damage":11,"enemies":"Slime Boss","floor":16,"turns":9},{"damage":14,"enemies":"Spheric Guardian","floor":18,"turns":4},{"damage":33,"enemies":"Colosseum Slavers","floor":19,"turns":4},{"damage":43,"enemies":"Colosseum Nobs","floor":19,"turns":5},{"damage":10,"enemies":"2 Thieves","floor":21,"turns":1}],"seed_played":"1707206883106424675","potions_obtained":[{"floor":1,"key":"SkillPotion"},{"floor":5,"key":"Strength Potion"},{"floor":7,"key":"SteroidPotion"},{"floor":16,"key":"Poison Potion"},{"floor":18,"key":"Swift Potion"}],"is_trial":false,"path_per_floor":["M","M","M","M","M","R","M","R","T","?","?","$","E","?","R","B",null,"M","?","$","M"],"character_chosen":"DEFECT","items_purchased":["Mind Blast","Leap","Gash","Membership Card","All For One","Sadistic Nature","Static Discharge"],"campfire_rested":1,"item_purchase_floors":[12,12,12,20,20,20,20],"current_hp_per_floor":[80,79,79,76,74,74,67,67,67,67,67,67,60,60,82,71,87,73,1,1,0],"gold":0,"neow_bonus":"TEN_PERCENT_HP_BONUS","is_prod":false,"is_daily":false,"chose_seed":false,"campfire_upgraded":2,"win_rate":0.0,"timestamp":1550958847,"path_taken":["M","M","M","M","M","R","M","R","T","?","?","$","E","?","R","BOSS","M","?","$","M"],"build_version":"2019-01-23","purchased_purges":0,"victory":false,"max_hp_per_floor":[82,82,82,82,82,82,82,82,82,82,82,82,82,82,82,82,87,87,87,87,87],"card_choices":[{"not_picked":["Double Energy","Glacier"],"picked":"Sweeping Beam","floor":1},{"not_picked":["Leap","Gash"],"picked":"FTL","floor":2},{"not_picked":["Tempest","Streamline"],"picked":"Conserve Battery","floor":3},{"not_picked":["Cold Snap","Glacier"],"picked":"Buffer","floor":4},{"not_picked":["Barrage","Conserve Battery"],"picked":"Stack","floor":5},{"not_picked":["Conserve Battery","Sweeping Beam"],"picked":"Ball Lightning","floor":7},{"not_picked":["Leap","Hello World"],"picked":"Tempest","floor":13},{"not_picked":["Buffer","Seek+1"],"picked":"Fission+1","floor":16},{"not_picked":["Conserve Battery+1","Sweeping Beam"],"picked":"Steam+1","floor":17},{"not_picked":["Hologram+1","Tempest+1"],"picked":"Gash","floor":18},{"not_picked":["Conserve Battery+1","Steam+1"],"picked":"Cold Snap+1","floor":19}],"player_experience":16384,"relics_obtained":[{"floor":9,"key":"Blood Vial"},{"floor":13,"key":"Toxic Egg 2"},{"floor":19,"key":"Pocketwatch"},{"floor":19,"key":"Bottled Tornado"}],"event_choices":[{"damage_healed":0,"gold_gain":0,"player_choice":"Take Wound","damage_taken":0,"relics_obtained":["Golden Idol"],"max_hp_gain":0,"max_hp_loss":0,"event_name":"Golden Idol","floor":10,"gold_loss":0,"cards_obtained":["Injury"]},{"damage_healed":0,"gold_gain":0,"cards_transformed":["Defend_B"],"player_choice":"Change","damage_taken":0,"max_hp_gain":0,"max_hp_loss":0,"event_name":"Living Wall","floor":11,"gold_loss":0,"cards_obtained":["Amplify"]},{"cards_removed":["Injury"],"damage_healed":0,"gold_gain":0,"player_choice":"Purged","damage_taken":0,"max_hp_gain":0,"max_hp_loss":0,"event_name":"Purifier","floor":14,"gold_loss":0},{"damage_healed":0,"gold_gain":0,"player_choice":"Fight","damage_taken":0,"max_hp_gain":0,"max_hp_loss":0,"event_name":"Colosseum","floor":19,"gold_loss":0},{"damage_healed":0,"gold_gain":0,"player_choice":"Fought Nobs","damage_taken":0,"max_hp_gain":0,"max_hp_loss":0,"event_name":"Colosseum","floor":19,"gold_loss":0}],"is_beta":false,"boss_relics":[{"not_picked":["Fusion Hammer","Coffee Dripper"],"picked":"Tiny House"}],"items_purged_floors":[],"is_endless":false,"potions_floor_spawned":[1,5,7,16,18,19],"killed_by":"2 Thieves","ascension_level":0}