{"gold_per_floor":[115,131,131,199,212,241,241,271,271,285,285,303,303,320,320,419,419,433,433,448,448,156,156,172,172,198,209,227,93,193,207,207,304,304,320,336,436,436,38,38,68,68,68,68,81,96,112,130,130,130],"floor_reached":50,"playtime":2285,"items_purged":["Defend_B","Defend_B","Defend_B"],"score":729,"play_id":"5ed0772a-87a4-4ee6-a1cf-acad30299c58","local_time":"20190805061952","is_ascension_mode":true,"campfire_choices":[{"data":"Static Discharge","floor":7.0,"key":"SMITH"},{"floor":11.0,"key":"REST"},{"data":"Tempest","floor":13.0,"key":"SMITH"},{"data":"Thunder Strike","floor":15.0,"key":"SMITH"},{"data":"Sunder","floor":23.0,"key":"SMITH"},{"data":"Consume","floor":25.0,"key":"SMITH"},{"floor":32.0,"key":"REST"},{"data":"Reinforced Body","floor":40,"key":"SMITH"},{"floor":42,"key":"REST"},{"data":"Defend_B","floor":44,"key":"PURGE"},{"data":"Pain","floor":49,"key":"PURGE"}],"neow_cost":"NONE","seed_source_timestamp":2191372430861299,"circlet_count":0,"master_deck":["Zap+1","Dualcast","Chill","Ball Lightning","Static Discharge+1","Tempest+1","Thunder Strike+1","Go for the Eyes","Sunder+1","Electrodynamics+1","Echo Form+1","Darkness+1","Loop+1","Leap+1","Conserve Battery","Loop+1","Consume+1","White Noise","Reinforced Body+1","Heatsinks+1","Loop+1","Melter","Seek","Capacitor+1","Lockon","Defragment+1","Defragment+1","Steam","Master of Strategy","Multi-Cast+1","Hologram","Turbo+1","Conserve Battery+1","Stack"],"special_seed":0,"relics":["Cracked Core","Symbiotic Virus","Frozen Egg 2","Incense Burner","Bottled Lightning","Astrolabe","DataDisk","Regal Pillow","Peace Pipe","Dodecahedron","Cursed Key","StoneCalendar","Dream Catcher","War Paint"],"potions_floor_usage":[33,41,47,50,50],"damage_taken":[{"damage":7.0,"enemies":"2 Louse","floor":1.0,"turns":2.0},{"damage":2.0,"enemies":"Jaw Worm","floor":2.0,"turns":2.0},{"damage":0.0,"enemies":"Small Slimes","floor":5.0,"turns":2.0},{"damage":14.0,"enemies":"Gremlin Nob","floor":6.0,"turns":3.0},{"damage":13.0,"enemies":"Lagavulin","floor":8.0,"turns":4.0},{"damage":15.0,"enemies":"Gremlin Gang","floor":10.0,"turns":2.0},{"damage":11.0,"enemies":"3 Louse","floor":12.0,"turns":3.0},{"damage":0.0,"enemies":"Large Slime","floor":14.0,"turns":4.0},{"damage":0.0,"enemies":"Slime Boss","floor":16.0,"turns":7.0},{"damage":1.0,"enemies":"Spheric Guardian","floor":18.0,"turns":3.0},{"damage":3.0,"enemies":"Chosen","floor":20.0,"turns":3.0},{"damage":0.0,"enemies":"Snecko","floor":24.0,"turns":3.0},{"damage":18.0,"enemies":"Snake Plant","floor":27.0,"turns":2.0},{"damage":0.0,"enemies":"Cultist and Chosen","floor":28.0,"turns":3.0},{"damage":0.0,"enemies":"Colosseum Slavers","floor":30.0,"turns":1.0},{"damage":24.0,"enemies":"Colosseum Nobs","floor":30.0,"turns":4.0},{"damage":2.0,"enemies":"Shelled Parasite and Fungi","floor":31.0,"turns":3.0},{"damage":36,"enemies":"Champ","floor":33,"turns":8},{"damage":4,"enemies":"3 Shapes","floor":35,"turns":2},{"damage":2,"enemies":"Orb Walker","floor":36,"turns":3},{"damage":16,"enemies":"Mind Bloom Boss Battle","floor":37,"turns":5},{"damage":59,"enemies":"Reptomancer","floor":41,"turns":4},{"damage":1,"enemies":"Maw","floor":45,"turns":4},{"damage":0,"enemies":"4 Shapes","floor":46,"turns":3},{"damage":15,"enemies":"Jaw Worm Horde","floor":47,"turns":3},{"damage":0,"enemies":"Maw","floor":48,"turns":5},{"damage":39,"enemies":"Donu and Deca","floor":50,"turns":2}],"seed_played":"-8604213326287375939","potions_obtained":[{"floor":2.0,"key":"Regen Potion"},{"floor":8.0,"key":"PowerPotion"},{"floor":10.0,"key":"SteroidPotion"},{"floor":14.0,"key":"Weak Potion"},{"floor":16.0,"key":"EssenceOfSteel"},{"floor":20.0,"key":"SkillPotion"},{"floor":27.0,"key":"Energy Potion"},{"floor":30.0,"key":"Weak Potion"},{"floor":35,"key":"SpeedPotion"},{"floor":41,"key":"AttackPotion"},{"floor":46,"key":"Fire Potion"},{"floor":48,"key":"Explosive Potion"}],"is_trial":false,"path_per_floor":["M","M","?","T","M","E","R","E","T","M","R","M","R","M","R","B",null,"M","?","M","?","$","R","M","R","T","M","M","$","?","M","R","B",null,"M","M","?","?","$","R","E","R","T","R","M","M","M","M","R","B"],"character_chosen":"DEFECT","items_purchased":["Loop+1","DataDisk","Heatsinks+1","Defragment+1","Steam","Master of Strategy"],"campfire_rested":3,"item_purchase_floors":[22,22,29,39,39,39],"current_hp_per_floor":[61,59,52,52,52,38,38,25,25,10,32,21,21,21,21,36,65,64,50,47,47,47,47,47,47,47,29,29,29,5,3,42,6,62,58,56,40,70,70,70,11,47,47,47,46,46,31,31,31,0],"gold":130,"neow_bonus":"UPGRADE_CARD","is_prod":false,"is_daily":false,"chose_seed":false,"campfire_upgraded":6,"win_rate":0,"timestamp":1565007592,"path_taken":["M","M","?","?","M","E","R","E","T","M","R","M","R","M","R","BOSS","M","?","M","?","$","R","M","R","T","M","?","$","?","M","R","BOSS","M","M","?","?","?","R","E","R","T","R","M","M","M","M","R","BOSS"],"build_version":"2019-07-18","purchased_purges":3,"victory":false,"max_hp_per_floor":[75,75,75,75,75,75,75,75,75,75,75,75,75,75,75,75,75,75,80,80,80,80,80,80,80,80,80,80,80,80,80,80,80,80,80,80,80,70,70,70,70,70,70,70,70,70,70,70,70,70],"card_choices":[{"not_picked":["Turbo","Leap"],"picked":"Chill","floor":1.0},{"not_picked":["Redo","Go for the Eyes"],"picked":"Ball Lightning","floor":2.0},{"not_picked":["Rebound","Stack"],"picked":"Static Discharge","floor":5.0},{"not_picked":["Steam Power","Double Energy"],"picked":"Tempest","floor":6.0},{"not_picked":["Steam","Beam Cell"],"picked":"Thunder Strike","floor":8.0},{"not_picked":["Scrape","Streamline"],"picked":"Go for the Eyes","floor":10.0},{"not_picked":["Go for the Eyes","Ball Lightning","Stack"],"picked":"SKIP","floor":12.0},{"not_picked":["Redo","Steam Power"],"picked":"Sunder","floor":14.0},{"not_picked":["Reboot","Echo Form+1"],"picked":"Electrodynamics+1","floor":16.0},{"not_picked":["Blizzard+1","Gash"],"picked":"Leap","floor":18.0},{"not_picked":["Redo","Go for the Eyes"],"picked":"Conserve Battery","floor":20.0},{"not_picked":["Compile Driver+1","Stack"],"picked":"Consume","floor":24.0},{"not_picked":["Cold Snap+1","Beam Cell"],"picked":"White Noise","floor":27.0},{"not_picked":["Streamline","Gash"],"picked":"Reinforced Body","floor":28.0},{"not_picked":["Steam","Cold Snap+1"],"picked":"Loop+1","floor":30.0},{"not_picked":["Reinforced Body","Streamline"],"picked":"Melter","floor":31.0},{"not_picked":["Fission","Amplify"],"picked":"Seek","floor":33},{"not_picked":["Recycle+1","Compile Driver+1"],"picked":"Capacitor+1","floor":35},{"not_picked":["Blizzard+1","Beam Cell+1"],"picked":"Lockon","floor":36},{"not_picked":["Rip and Tear","Fusion"],"picked":"Defragment+1","floor":37},{"not_picked":["Coolheaded","Turbo"],"picked":"Multi-Cast","floor":41},{"not_picked":["Coolheaded","Stack+1"],"picked":"Hologram","floor":42},{"not_picked":["Lockon+1","Barrage","Stack"],"picked":"SKIP","floor":45},{"not_picked":["Cold Snap+1","Conserve Battery+1"],"picked":"Turbo+1","floor":46},{"not_picked":["Cold Snap","Reprogram+1"],"picked":"Conserve Battery+1","floor":47},{"not_picked":["Steam","Rebound+1"],"picked":"Stack","floor":48}],"player_experience":124084,"relics_obtained":[{"floor":4.0,"key":"Symbiotic Virus"},{"floor":6.0,"key":"Frozen Egg 2"},{"floor":8.0,"key":"Incense Burner"},{"floor":9.0,"key":"Bottled Lightning"},{"floor":26.0,"key":"Regal Pillow"},{"floor":30.0,"key":"Peace Pipe"},{"floor":30.0,"key":"Dodecahedron"},{"floor":37,"key":"StoneCalendar"},{"floor":41,"key":"Dream Catcher"},{"floor":43,"key":"War Paint"}],"event_choices":[{"cards_removed":["Strike_B"],"damage_healed":0.0,"max_hp_gain":0.0,"max_hp_loss":0.0,"gold_gain":0.0,"event_name":"Golden Wing","player_choice":"Card Removal","floor":3.0,"gold_loss":0.0,"damage_taken":7.0},{"damage_healed":0.0,"max_hp_gain":5.0,"max_hp_loss":0.0,"gold_gain":0.0,"event_name":"Forgotten Altar","player_choice":"Shed Blood","floor":19.0,"gold_loss":0.0,"damage_taken":19.0},{"damage_healed":0.0,"max_hp_gain":0.0,"max_hp_loss":0.0,"gold_gain":0.0,"event_name":"The Woman in Blue","player_choice":"Bought 0 Potions","floor":21.0,"gold_loss":0.0,"damage_taken":0.0},{"damage_healed":0.0,"max_hp_gain":0.0,"max_hp_loss":0.0,"gold_gain":0.0,"event_name":"Colosseum","player_choice":"Fight","floor":30.0,"gold_loss":0.0,"damage_taken":0.0},{"damage_healed":0.0,"max_hp_gain":0.0,"max_hp_loss":0.0,"gold_gain":0.0,"event_name":"Colosseum","player_choice":"Fought Nobs","floor":30.0,"gold_loss":0.0,"damage_taken":0.0},{"damage_healed":0,"gold_gain":0,"player_choice":"Fight","damage_taken":0,"max_hp_gain":0,"max_hp_loss":0,"event_name":"MindBloom","floor":37,"gold_loss":0},{"damage_healed":70,"gold_gain":0,"player_choice":"Heal","damage_taken":0,"max_hp_gain":0,"max_hp_loss":10,"event_name":"The Moai Head","floor":38,"gold_loss":0}],"is_beta":true,"boss_relics":[{"not_picked":["Busted Crown","White Beast Statue"],"picked":"Astrolabe"},{"not_picked":["Pandora\u0027s Box","FrozenCore"],"picked":"Cursed Key"}],"items_purged_floors":[22,29,39],"is_endless":false,"potions_floor_spawned":[2,8,10,14,16,20,27,30,35,41,46,48],"killed_by":"Donu and Deca","ascension_level":6}