{"gold_per_floor":[119,294,294,313,388,388,413,413,462,489,489,543,28,41,41,41],"floor_reached":16,"playtime":728,"items_purged":[],"score":144,"play_id":"1c239e81-56d3-437e-9783-f2e28ae47f97","local_time":"20190111144310","is_ascension_mode":true,"campfire_choices":[{"data":"Storm","floor":6,"key":"SMITH"},{"data":"Double Energy","floor":8,"key":"SMITH"},{"floor":11,"key":"REST"},{"data":"Redo","floor":15,"key":"SMITH"}],"neow_cost":"NONE","seed_source_timestamp":493139045580690,"circlet_count":0,"master_deck":["Strike_B","Strike_B","Strike_B","Defend_B","Defend_B","Defend_B","Defend_B","Zap","Dualcast","Genetic Algorithm","Doubt","Storm+1","Double Energy+1","Cold Snap","All For One","Self Repair","Redo+1","Turbo"],"relics":["Cracked Core","NeowsBlessing","Turnip","Art of War","The Courier","Bag of Marbles","PreservedInsect","Gremlin Horn"],"potions_floor_usage":[10],"damage_taken":[{"damage":0,"enemies":"2 Louse","floor":1,"turns":1},{"damage":0,"enemies":"Small Slimes","floor":4,"turns":1},{"damage":0,"enemies":"Lagavulin","floor":7,"turns":1},{"damage":21,"enemies":"3 Sentries","floor":10,"turns":9},{"damage":0,"enemies":"Cultist","floor":14,"turns":4},{"damage":76,"enemies":"Slime Boss","floor":16,"turns":11}],"seed_played":"2946232107781997376","potions_obtained":[{"floor":7,"key":"AttackPotion"}],"is_trial":false,"path_per_floor":["M","?","?","M","?","R","E","R","T","E","R","T","$","M","R","B"],"character_chosen":"DEFECT","items_purchased":["PreservedInsect","Gremlin Horn","All For One","Self Repair","Redo"],"campfire_rested":1,"item_purchase_floors":[13,13,13,13,13],"current_hp_per_floor":[75,75,75,75,64,64,64,64,64,43,65,65,65,72,72,0],"gold":41,"neow_bonus":"THREE_ENEMY_KILL","is_prod":false,"is_daily":false,"chose_seed":false,"campfire_upgraded":3,"win_rate":0,"timestamp":1547178190,"path_taken":["M","?","?","?","?","R","E","R","T","E","R","?","?","M","R","BOSS"],"build_version":"2019-01-10","purchased_purges":0,"victory":false,"max_hp_per_floor":[75,75,75,75,75,75,75,75,75,75,75,75,75,75,75,75],"card_choices":[{"not_picked":["Hologram","Lockon"],"picked":"Genetic Algorithm","floor":1},{"not_picked":["Gash","Reinforced Body"],"picked":"Storm","floor":4},{"not_picked":["Leap","Consume"],"picked":"Double Energy","floor":7},{"not_picked":["Ball Lightning","Rebound"],"picked":"Cold Snap","floor":10},{"not_picked":["Lockon","Sweeping Beam"],"picked":"Turbo","floor":14}],"player_experience":417802,"relics_obtained":[{"floor":7,"key":"Turnip"},{"floor":9,"key":"Art of War"},{"floor":10,"key":"The Courier"},{"floor":12,"key":"Bag of Marbles"}],"event_choices":[{"damage_healed":0,"gold_gain":175,"player_choice":"AGREE","damage_taken":0,"max_hp_gain":0,"max_hp_loss":0,"event_name":"Liars Game","floor":2,"gold_loss":0,"cards_obtained":["Doubt"]},{"cards_removed":["Strike_B"],"damage_healed":0,"gold_gain":0,"player_choice":"Purged","damage_taken":0,"max_hp_gain":0,"max_hp_loss":0,"event_name":"Purifier","floor":3,"gold_loss":0},{"damage_healed":0,"gold_gain":75,"player_choice":"Gather Gold","damage_taken":11,"max_hp_gain":0,"max_hp_loss":0,"event_name":"World of Goop","floor":5,"gold_loss":0}],"is_beta":false,"boss_relics":[],"items_purged_floors":[],"is_endless":false,"potions_floor_spawned":[7],"killed_by":"Slime Boss","ascension_level":2}