{"gold_per_floor":[119,119,119,119,139,166,166,181,181,131,56,56,73,73,73,175,175,186,111,111,121,138,138,157,157,157,256,275,275,305,324,324,427,427,440,36,56,102,102,129,158,201,265,277,12,12,32,32,32,32],"floor_reached":51,"playtime":3252,"items_purged":[],"score":948,"play_id":"0dc3bae8-8258-41c5-92d3-d3148e9b1dc1","local_time":"20190804095305","is_ascension_mode":true,"campfire_choices":[{"data":"Spot Weakness","floor":7,"key":"SMITH"},{"data":"Sword Boomerang","floor":12,"key":"SMITH"},{"data":"Demon Form","floor":15,"key":"SMITH"},{"data":"Heavy Blade","floor":23,"key":"SMITH"},{"data":"Limit Break","floor":32,"key":"SMITH"},{"data":"Barricade","floor":44,"key":"SMITH"},{"data":"Battle Trance","floor":46,"key":"SMITH"},{"data":"Battle Trance","floor":49,"key":"SMITH"}],"neow_cost":"TEN_PERCENT_HP_LOSS","seed_source_timestamp":2117100097953400,"circlet_count":0,"master_deck":["Bash","Demon Form+1","Sword Boomerang+1","Spot Weakness+1","Iron Wave","Battle Trance+1","Heavy Blade+1","Feed","Sword Boomerang+1","Rage+1","Rupture+1","Metallicize+1","Flex+1","Cleave+1","Seeing Red+1","Limit Break+1","Reaper","Limit Break","Offering","Barricade+1","Battle Trance+1","Warcry+1","Dark Shackles","Evolve+1"],"relics":["Black Blood","Champion Belt","Regal Pillow","Bottled Lightning","Matryoshka","Astrolabe","Mercury Hourglass","Turnip","Smiling Mask","Juzu Bracelet","Singing Bowl","Membership Card","Pen Nib","Meat on the Bone","Nunchaku","MawBank","The Courier","Centennial Puzzle","Anchor","Ornamental Fan","Toy Ornithopter","Sundial"],"potions_floor_usage":[16,18,22,24,50],"damage_taken":[{"damage":9,"enemies":"Jaw Worm","floor":1,"turns":5},{"damage":4,"enemies":"Small Slimes","floor":5,"turns":4},{"damage":33,"enemies":"Gremlin Nob","floor":6,"turns":5},{"damage":5,"enemies":"2 Louse","floor":8,"turns":2},{"damage":10,"enemies":"2 Fungi Beasts","floor":13,"turns":2},{"damage":25,"enemies":"Hexaghost","floor":16,"turns":9},{"damage":12,"enemies":"Chosen","floor":18,"turns":3},{"damage":10,"enemies":"Shell Parasite","floor":21,"turns":3},{"damage":8,"enemies":"Snake Plant","floor":22,"turns":5},{"damage":8,"enemies":"Cultist and Chosen","floor":24,"turns":3},{"damage":20,"enemies":"Shelled Parasite and Fungi","floor":28,"turns":2},{"damage":18,"enemies":"Gremlin Leader","floor":30,"turns":4},{"damage":21,"enemies":"Centurion and Healer","floor":31,"turns":5},{"damage":43,"enemies":"Automaton","floor":33,"turns":5},{"damage":6,"enemies":"Orb Walker","floor":35,"turns":1},{"damage":20,"enemies":"3 Shapes","floor":37,"turns":2},{"damage":22,"enemies":"2 Orb Walkers","floor":38,"turns":2},{"damage":14,"enemies":"Giant Head","floor":40,"turns":5},{"damage":6,"enemies":"Sphere and 2 Shapes","floor":41,"turns":2},{"damage":46,"enemies":"Reptomancer","floor":42,"turns":5},{"damage":24,"enemies":"Transient","floor":47,"turns":5},{"damage":57,"enemies":"Donu and Deca","floor":50,"turns":4}],"seed_played":"-3476437883309309332","potions_obtained":[{"floor":1,"key":"Regen Potion"},{"floor":6,"key":"LiquidBronze"},{"floor":13,"key":"FearPotion"},{"floor":16,"key":"Weak Potion"},{"floor":21,"key":"Ancient Potion"},{"floor":24,"key":"BloodPotion"},{"floor":30,"key":"BloodPotion"}],"is_trial":false,"path_per_floor":["M","?","?","?","M","E","R","M","T","?","$","R","M","T","R","B",null,"M","?","?","M","M","R","M","T","T","?","M","?","E","M","R","B",null,"M","$","M","?","?","E","M","E","T","R","$","R","M","T","R","B",null],"character_chosen":"IRONCLAD","items_purchased":["Battle Trance","Membership Card","Pen Nib","Meat on the Bone","Anchor","Ornamental Fan","Dark Shackles","Toy Ornithopter"],"campfire_rested":0,"item_purchase_floors":[11,36,36,36,45,45,45,45],"current_hp_per_floor":[69,62,59,59,61,34,34,35,35,35,35,35,31,31,31,12,57,63,63,63,59,57,57,58,58,58,58,44,44,75,86,86,60,80,88,88,93,98,93,96,99,81,81,81,81,81,91,91,91,61],"gold":32,"neow_bonus":"THREE_RARE_CARDS","is_prod":false,"is_daily":false,"chose_seed":false,"campfire_upgraded":8,"win_rate":0,"timestamp":1564933985,"path_taken":["M","?","?","?","M","E","R","M","T","?","$","R","?","?","R","BOSS","M","?","?","M","M","R","M","?","T","?","M","?","E","M","R","BOSS","M","$","M","?","?","E","M","E","T","R","?","R","M","?","R","BOSS"],"build_version":"2019-07-18","purchased_purges":0,"victory":true,"max_hp_per_floor":[72,72,72,72,72,72,72,72,72,72,72,72,72,72,72,72,72,75,75,75,75,75,75,78,78,78,78,78,78,81,86,86,86,86,88,88,93,98,93,96,99,99,99,99,99,99,99,99,99,99],"card_choices":[{"not_picked":["Offering","Reaper"],"picked":"Demon Form","floor":0},{"not_picked":["Sentinel","Searing Blow","Corruption"],"picked":"SKIP","floor":1},{"not_picked":["Armaments","Havoc"],"picked":"Sword Boomerang","floor":5},{"not_picked":["Sword Boomerang","Fiend Fire"],"picked":"Spot Weakness","floor":6},{"not_picked":["Carnage","Clothesline"],"picked":"Iron Wave","floor":8},{"not_picked":["Feel No Pain","Wild Strike"],"picked":"Heavy Blade","floor":13},{"not_picked":["Bludgeon","Juggernaut"],"picked":"Feed","floor":16},{"not_picked":["Power Through","Body Slam"],"picked":"Metallicize+1","floor":18},{"not_picked":["Searing Blow","Feel No Pain+1"],"picked":"Flex+1","floor":21},{"not_picked":["Clash+1","Body Slam+1"],"picked":"Cleave+1","floor":22},{"not_picked":["Dropkick","Armaments"],"picked":"Seeing Red+1","floor":24},{"not_picked":["Burning Pact","Anger+1","Twin Strike"],"picked":"SKIP","floor":28},{"not_picked":["Wild Strike","Body Slam"],"picked":"Limit Break","floor":30},{"not_picked":["Dual Wield","Perfected Strike","Havoc+1"],"picked":"Singing Bowl","floor":31},{"not_picked":["Feed","Impervious"],"picked":"Offering","floor":33},{"not_picked":["Clash","Spot Weakness+1","Clothesline+1"],"picked":"Singing Bowl","floor":35},{"not_picked":["Armaments","Intimidate+1","Rupture+1"],"picked":"Singing Bowl","floor":37},{"not_picked":["Warcry","True Grit","Intimidate"],"picked":"Singing Bowl","floor":38},{"not_picked":["Anger","Iron Wave"],"picked":"Barricade","floor":40},{"not_picked":["Wild Strike","Twin Strike+1"],"picked":"Battle Trance","floor":41},{"not_picked":["Pummel+1","Iron Wave"],"picked":"Warcry+1","floor":42},{"not_picked":["Body Slam+1","Wild Strike+1"],"picked":"Evolve+1","floor":47}],"player_experience":93648,"relics_obtained":[{"floor":6,"key":"Regal Pillow"},{"floor":9,"key":"Bottled Lightning"},{"floor":14,"key":"Matryoshka"},{"floor":25,"key":"Mercury Hourglass"},{"floor":25,"key":"Turnip"},{"floor":26,"key":"Smiling Mask"},{"floor":26,"key":"Juzu Bracelet"},{"floor":30,"key":"Singing Bowl"},{"floor":38,"key":"Nunchaku"},{"floor":40,"key":"MawBank"},{"floor":42,"key":"The Courier"},{"floor":43,"key":"Centennial Puzzle"},{"floor":48,"key":"Sundial"}],"event_choices":[{"cards_removed":["Defend_R"],"damage_healed":0,"gold_gain":0,"player_choice":"Card Removal","damage_taken":7,"max_hp_gain":0,"max_hp_loss":0,"event_name":"Golden Wing","floor":2,"gold_loss":0},{"damage_healed":0,"gold_gain":0,"player_choice":"Success","damage_taken":3,"relics_obtained":["Champion Belt"],"max_hp_gain":0,"max_hp_loss":0,"event_name":"Scrap Ooze","floor":3,"gold_loss":0},{"damage_healed":0,"gold_gain":0,"player_choice":"Ignored","damage_taken":0,"max_hp_gain":0,"max_hp_loss":0,"event_name":"Liars Game","floor":4,"gold_loss":0},{"cards_removed":["Defend_R"],"damage_healed":0,"gold_gain":0,"player_choice":"Card Removal","damage_taken":0,"max_hp_gain":0,"max_hp_loss":0,"event_name":"The Cleric","floor":10,"gold_loss":50},{"cards_removed":["Strike_R"],"damage_healed":0,"gold_gain":0,"player_choice":"Gave Gold","damage_taken":0,"max_hp_gain":0,"max_hp_loss":0,"event_name":"Beggar","floor":19,"gold_loss":75},{"cards_removed":["Strike_R"],"damage_healed":0,"gold_gain":0,"player_choice":"Elegance","damage_taken":0,"max_hp_gain":0,"max_hp_loss":0,"event_name":"Back to Basics","floor":20,"gold_loss":0},{"damage_healed":0,"gold_gain":99,"player_choice":"Stole From Cult","damage_taken":0,"max_hp_gain":0,"max_hp_loss":0,"event_name":"Nest","floor":27,"gold_loss":0},{"damage_healed":0,"gold_gain":0,"cards_transformed":["Strike_R","Strike_R"],"player_choice":"Became Test Subject","damage_taken":0,"max_hp_gain":0,"max_hp_loss":0,"event_name":"Drug Dealer","floor":29,"gold_loss":0,"cards_obtained":["Limit Break","Reaper"]},{"damage_healed":0,"gold_gain":0,"player_choice":"Fight","damage_taken":0,"max_hp_gain":0,"max_hp_loss":0,"event_name":"Mysterious Sphere","floor":38,"gold_loss":0},{"damage_healed":0,"gold_gain":0,"player_choice":"Max HP","damage_taken":0,"max_hp_gain":0,"max_hp_loss":5,"event_name":"Winding Halls","floor":39,"gold_loss":0}],"is_beta":true,"boss_relics":[{"not_picked":["Philosopher\u0027s Stone","Fusion Hammer"],"picked":"Astrolabe"},{"not_picked":["Mark of Pain","Cursed Key"],"picked":"Black Blood"}],"items_purged_floors":[],"is_endless":false,"potions_floor_spawned":[1,6,13,16,21,24,30,33,37,42,47],"ascension_level":5}