{"gold_per_floor":[111,86,98,98,114,149,149],"floor_reached":7,"playtime":135,"items_purged":[],"score":97,"play_id":"6ea0e950-4d3b-430a-afd4-1eb326eb7af9","local_time":"20190313214833","is_ascension_mode":true,"campfire_choices":[],"neow_cost":"NONE","seed_source_timestamp":332117194228770,"circlet_count":0,"master_deck":["AscendersBane","Strike_R","Strike_R","Strike_R","Strike_R","Strike_R","Defend_R","Defend_R","Defend_R","Defend_R","Bash","Whirlwind","Shrug It Off","Body Slam","Rampage","Double Tap"],"relics":["Burning Blood","NeowsBlessing","Juzu Bracelet","Boot"],"potions_floor_usage":[6],"damage_taken":[{"damage":0,"enemies":"Cultist","floor":1,"turns":1},{"damage":0,"enemies":"Small Slimes","floor":3,"turns":1},{"damage":0,"enemies":"Jaw Worm","floor":5,"turns":1},{"damage":32,"enemies":"Gremlin Nob","floor":6,"turns":4},{"damage":0,"enemies":"3 Sentries","floor":7,"turns":1}],"seed_played":"9086933385295730206","potions_obtained":[{"floor":1,"key":"Explosive Potion"},{"floor":3,"key":"Block Potion"},{"floor":5,"key":"Fire Potion"}],"is_trial":false,"path_per_floor":["M","$","M","?","M","E","?"],"character_chosen":"IRONCLAD","items_purchased":["Shrug It Off"],"campfire_rested":0,"item_purchase_floors":[2],"current_hp_per_floor":[74,74,75,64,70,44,44],"gold":149,"neow_bonus":"THREE_ENEMY_KILL","is_prod":false,"is_daily":false,"chose_seed":false,"campfire_upgraded":0,"win_rate":0,"timestamp":1552474113,"path_taken":["M","$","?","?","?","E","?"],"build_version":"2019-01-23","purchased_purges":0,"victory":false,"max_hp_per_floor":[75,75,75,75,75,75,75],"card_choices":[{"not_picked":["Combust","Thunderclap"],"picked":"Whirlwind","floor":1},{"not_picked":["Second Wind","Infernal Blade"],"picked":"Body Slam","floor":3},{"not_picked":["Thunderclap","Armaments"],"picked":"Rampage","floor":5},{"not_picked":["Havoc","Rampage"],"picked":"Double Tap","floor":6}],"player_experience":848423,"relics_obtained":[{"floor":6,"key":"Juzu Bracelet"}],"event_choices":[{"damage_healed":0,"gold_gain":0,"player_choice":"Damaged","damage_taken":11,"max_hp_gain":0,"max_hp_loss":0,"event_name":"Wheel of Change","floor":4,"gold_loss":0},{"damage_healed":0,"gold_gain":0,"player_choice":"Searched \u00272\u0027 times","damage_taken":0,"relics_obtained":["Boot"],"max_hp_gain":0,"max_hp_loss":0,"event_name":"Dead Adventurer","floor":7,"gold_loss":0}],"is_beta":false,"boss_relics":[],"items_purged_floors":[],"is_endless":false,"potions_floor_spawned":[1,3,5],"killed_by":"3 Sentries","ascension_level":18}