{"gold_per_floor":[109,119,44,44,119,119,119,119,146,174,184,241,268,293,293,293],"floor_reached":16,"playtime":709,"items_purged":[],"score":196,"play_id":"1d733ab1-ba2f-4dbf-b044-fc1134a26fd4","local_time":"20190301223228","is_ascension_mode":true,"campfire_choices":[{"floor":6.0,"key":"REST"},{"data":"Reckless Charge","floor":8.0,"key":"SMITH"},{"floor":15.0,"key":"REST"}],"neow_cost":"NONE","seed_source_timestamp":627316894579297,"circlet_count":0,"master_deck":["AscendersBane","Strike_R","Strike_R","Strike_R","Defend_R","Defend_R","Defend_R","Defend_R","Bash","Reckless Charge+1","Metallicize","Armaments","Cleave","Pommel Strike","Barricade"],"special_seed":0,"relics":["Burning Blood","Lantern","Art of War","Bird Faced Urn","Ice Cream","Centennial Puzzle","Potion Belt"],"potions_floor_usage":[16,16],"damage_taken":[{"damage":2.0,"enemies":"2 Louse","floor":1.0,"turns":3.0},{"damage":11.0,"enemies":"Jaw Worm","floor":2.0,"turns":4.0},{"damage":20.0,"enemies":"Gremlin Nob","floor":10.0,"turns":4.0},{"damage":7.0,"enemies":"Small Slimes","floor":11.0,"turns":4.0},{"damage":21.0,"enemies":"Gremlin Nob","floor":12.0,"turns":5.0},{"damage":45.0,"enemies":"3 Sentries","floor":13.0,"turns":13.0},{"damage":46,"enemies":"Hexaghost","floor":16,"turns":14}],"seed_played":"-5536722368944050433","potions_obtained":[{"floor":1.0,"key":"SpeedPotion"},{"floor":10.0,"key":"BloodPotion"},{"floor":13.0,"key":"Strength Potion"}],"is_trial":false,"path_per_floor":["M","M","?","$","?","R","?","R","T","E","M","?","E","T","R","B"],"character_chosen":"IRONCLAD","items_purchased":[],"campfire_rested":2,"item_purchase_floors":[],"current_hp_per_floor":[72,67,67,67,56,75,68,68,68,54,62,49,12,12,34,0],"gold":293,"neow_bonus":"RANDOM_COMMON_RELIC","is_prod":false,"is_daily":false,"chose_seed":false,"campfire_upgraded":1,"win_rate":0,"timestamp":1551439948,"path_taken":["M","M","?","?","?","R","?","R","T","E","M","?","E","?","R","BOSS"],"build_version":"2019-01-23","purchased_purges":0,"victory":false,"max_hp_per_floor":[75,75,75,75,75,75,75,75,75,75,75,75,75,75,75,75],"card_choices":[{"not_picked":["Fire Breathing","Armaments"],"picked":"Reckless Charge","floor":1.0},{"not_picked":["Spot Weakness","Wild Strike"],"picked":"Metallicize","floor":2.0},{"not_picked":["Sword Boomerang","Berserk"],"picked":"Armaments","floor":10.0},{"not_picked":["Armaments","Disarm"],"picked":"Cleave","floor":11.0},{"not_picked":["Rupture","Clash"],"picked":"Pommel Strike","floor":12.0},{"not_picked":["Pommel Strike","Feel No Pain"],"picked":"Barricade","floor":13.0}],"player_experience":791006,"relics_obtained":[{"floor":9.0,"key":"Art of War"},{"floor":10.0,"key":"Bird Faced Urn"},{"floor":12.0,"key":"Ice Cream"},{"floor":13.0,"key":"Centennial Puzzle"},{"floor":14.0,"key":"Potion Belt"}],"event_choices":[{"cards_removed":["Strike_R"],"damage_healed":0.0,"max_hp_gain":0.0,"max_hp_loss":0.0,"gold_gain":0.0,"event_name":"The Cleric","player_choice":"Card Removal","floor":3.0,"gold_loss":75.0,"damage_taken":0.0},{"damage_healed":0.0,"max_hp_gain":0.0,"max_hp_loss":0.0,"gold_gain":75.0,"event_name":"World of Goop","player_choice":"Gather Gold","floor":5.0,"gold_loss":0.0,"damage_taken":11.0},{"cards_removed":["Strike_R"],"damage_healed":0.0,"max_hp_gain":0.0,"max_hp_loss":0.0,"gold_gain":0.0,"event_name":"Golden Wing","player_choice":"Card Removal","floor":7.0,"gold_loss":0.0,"damage_taken":7.0},{"damage_healed":0.0,"max_hp_gain":0.0,"max_hp_loss":0.0,"gold_gain":0.0,"event_name":"Dead Adventurer","player_choice":"Searched \u00271\u0027 times","floor":12.0,"gold_loss":0.0,"damage_taken":0.0}],"is_beta":false,"boss_relics":[],"items_purged_floors":[],"is_endless":false,"potions_floor_spawned":[1,10,13],"killed_by":"Hexaghost","ascension_level":17}