{"gold_per_floor":[110,110,126,201,217,251,129,129,129,139,16,16,43,74,74,174,174,191,191,191,211,1,1,28,28,78,78,78,20,52,69,69,168,168,181,181,0,0,15,15,49,49,76,108,152,164,188,6,6,6,6,6,6,38,38],"floor_reached":56,"playtime":4464,"items_purged":["Strike_G","Strike_G","Defend_G"],"score":1307,"play_id":"66cff0ac-f5c5-4140-8dc9-dc5ac56d9b6b","local_time":"20181229013939","is_ascension_mode":false,"campfire_choices":[{"floor":8.0,"key":"REST"},{"data":"Noxious Fumes","floor":12.0,"key":"SMITH"},{"floor":15.0,"key":"REST"},{"floor":23.0,"key":"REST"},{"floor":25.0,"key":"REST"},{"floor":27.0,"key":"RECALL"},{"floor":32.0,"key":"REST"},{"floor":40.0,"key":"REST"},{"floor":42.0,"key":"REST"},{"data":"Apotheosis","floor":49,"key":"SMITH"},{"data":"Wraith Form v2","floor":52,"key":"SMITH"}],"neow_cost":"NONE","seed_source_timestamp":2374986416372034,"circlet_count":0,"master_deck":["Defend_G","Defend_G","Survivor","Neutralize","Bane","Deflect","Finisher","Masterful Stab","Deadly Poison","Poisoned Stab","Prepared","Noxious Fumes+1","Deadly Poison","Crippling Poison","Dash","Wraith Form v2+1","Envenom+1","Skewer+1","Deadly Poison+1","Deadly Poison","Adrenaline","Blur","Catalyst+1","Burst","Cloak And Dagger+1","Wraith Form v2","Well Laid Plans+1","Noxious Fumes+1","Apotheosis+1","Adrenaline"],"special_seed":0,"relics":["Ring of the Snake","The Courier","Odd Mushroom","Matryoshka","Astrolabe","Nilry\u0027s Codex","PreservedInsect","Regal Pillow","Smiling Mask","Orichalcum","Bronze Scales","Empty Cage","Red Mask","Lantern","MawBank","Art of War","Lee\u0027s Waffle","Pocketwatch"],"potions_floor_usage":[47,50],"damage_taken":[{"damage":0.0,"enemies":"2 Louse","floor":1.0,"turns":2.0},{"damage":2.0,"enemies":"Jaw Worm","floor":3.0,"turns":5.0},{"damage":0.0,"enemies":"Small Slimes","floor":5.0,"turns":3.0},{"damage":14.0,"enemies":"Gremlin Nob","floor":6.0,"turns":4.0},{"damage":0.0,"enemies":"Looter","floor":10.0,"turns":2.0},{"damage":8.0,"enemies":"The Mushroom Lair","floor":13.0,"turns":4.0},{"damage":26.0,"enemies":"Lagavulin","floor":14.0,"turns":7.0},{"damage":20.0,"enemies":"The Guardian","floor":16.0,"turns":10.0},{"damage":19.0,"enemies":"2 Thieves","floor":18.0,"turns":4.0},{"damage":24.0,"enemies":"Chosen","floor":21.0,"turns":7.0},{"damage":0.0,"enemies":"Slavers","floor":30.0,"turns":5.0},{"damage":14.0,"enemies":"Shelled Parasite and Fungi","floor":31.0,"turns":2.0},{"damage":68.0,"enemies":"Automaton","floor":33.0,"turns":9.0},{"damage":21.0,"enemies":"Orb Walker","floor":35.0,"turns":3.0},{"damage":22.0,"enemies":"3 Darklings","floor":39.0,"turns":5.0},{"damage":27.0,"enemies":"Nemesis","floor":41.0,"turns":5.0},{"damage":6.0,"enemies":"4 Shapes","floor":44.0,"turns":4.0},{"damage":0.0,"enemies":"Giant Head","floor":45.0,"turns":4.0},{"damage":18,"enemies":"Spire Growth","floor":47,"turns":5},{"damage":40,"enemies":"Awakened One","floor":50,"turns":11},{"damage":3,"enemies":"Shield and Spear","floor":54,"turns":6},{"damage":61,"enemies":"The Heart","floor":55,"turns":9}],"seed_played":"-1112782727625857704","potions_obtained":[{"floor":3.0,"key":"Explosive Potion"},{"floor":13.0,"key":"Swift Potion"},{"floor":16.0,"key":"SkillPotion"},{"floor":28.0,"key":"Fruit Juice"},{"floor":28.0,"key":"Ancient Potion"},{"floor":28.0,"key":"Energy Potion"},{"floor":30.0,"key":"GamblersBrew"},{"floor":31.0,"key":"PowerPotion"},{"floor":33.0,"key":"Energy Potion"},{"floor":44.0,"key":"Block Potion"},{"floor":45.0,"key":"SmokeBomb"}],"is_trial":false,"path_per_floor":["M","?","M","?","M","E","$","R","T","M","$","R","?","E","R","B",null,"M","?","?","M","$","R","T","R","T","R","?","$","E","M","R","B",null,"M","?","?","$","M","R","E","R","T","M","E","?","M","$","R","B",null,"R","$","E","B",null],"character_chosen":"THE_SILENT","items_purchased":["Poisoned Stab","Prepared","Deadly Poison","Adrenaline","Blur","Lee\u0027s Waffle","SkillPotion"],"campfire_rested":7,"item_purchase_floors":[7,7,11,22,29,48,48],"current_hp_per_floor":[70,75,73,62,62,48,48,70,70,70,70,70,62,36,58,38,75,56,40,26,2,2,26,26,65,65,65,70,70,70,56,85,17,85,64,64,64,64,42,82,55,85,85,79,79,79,61,92,92,52,92,92,92,89,28],"gold":38,"neow_bonus":"THREE_CARDS","is_prod":false,"is_daily":false,"chose_seed":false,"campfire_upgraded":3,"win_rate":0,"timestamp":1546007979,"path_taken":["M","?","M","?","M","E","$","R","T","M","$","R","?","E","R","BOSS","M","?","?","M","?","R","?","R","T","R","?","$","E","?","R","BOSS","M","?","?","?","M","R","E","R","T","M","E","?","M","$","R","BOSS","R","$","E","BOSS"],"build_version":"2018-12-20","purchased_purges":3,"victory":true,"max_hp_per_floor":[70,75,75,75,75,75,75,75,75,75,75,75,75,75,75,75,75,75,75,80,80,80,80,80,80,80,80,85,85,85,85,85,85,85,85,85,85,85,85,85,85,85,85,85,85,85,85,92,92,92,92,92,92,92,92],"card_choices":[{"not_picked":["Dagger Spray","Flying Knee"],"picked":"Bane","floor":0.0},{"not_picked":["Outmaneuver","Concentrate"],"picked":"Deflect","floor":1.0},{"not_picked":["Riddle With Holes","Outmaneuver"],"picked":"Finisher","floor":3.0},{"not_picked":["Underhanded Strike","Endless Agony"],"picked":"Masterful Stab","floor":5.0},{"not_picked":["Dodge and Roll","Quick Slash"],"picked":"Deadly Poison","floor":6.0},{"not_picked":["Accuracy","Deadly Poison"],"picked":"Noxious Fumes","floor":10.0},{"not_picked":["Infinite Blades","Dagger Throw"],"picked":"Crippling Poison","floor":13.0},{"not_picked":["Grand Finale","Quick Slash"],"picked":"Dash","floor":14.0},{"not_picked":["Venomology","Unload"],"picked":"Wraith Form v2","floor":16.0},{"not_picked":["Heel Hook","Acrobatics"],"picked":"Underhanded Strike","floor":18.0},{"not_picked":["Sucker Punch","Dagger Throw"],"picked":"Deadly Poison","floor":21.0},{"not_picked":["Backstab","Outmaneuver"],"picked":"Catalyst+1","floor":30.0},{"not_picked":["Slice","Dodge and Roll","Tools of the Trade"],"picked":"SKIP","floor":31.0},{"not_picked":["A Thousand Cuts","Grand Finale"],"picked":"Burst","floor":33.0},{"not_picked":["Slice+1","Outmaneuver","Flying Knee"],"picked":"SKIP","floor":35.0},{"not_picked":["Riddle With Holes","Quick Slash"],"picked":"Cloak And Dagger+1","floor":39.0},{"not_picked":["Flechettes+1","Dodge and Roll"],"picked":"Wraith Form v2","floor":41.0},{"not_picked":["Underhanded Strike+1","Terror+1"],"picked":"Well Laid Plans+1","floor":44.0},{"not_picked":["Escape Plan","Deadly Poison"],"picked":"Noxious Fumes+1","floor":45.0},{"not_picked":["Bandage Up","Blind"],"picked":"Apotheosis","floor":46},{"not_picked":["Quick Slash","Slice","Eviscerate"],"picked":"SKIP","floor":47},{"not_picked":["Deadly Poison+1","Flying Knee"],"picked":"Adrenaline","floor":54}],"player_experience":343956,"relics_obtained":[{"floor":6.0,"key":"The Courier"},{"floor":13.0,"key":"Odd Mushroom"},{"floor":14.0,"key":"Matryoshka"},{"floor":19.0,"key":"Nilry\u0027s Codex"},{"floor":24.0,"key":"PreservedInsect"},{"floor":24.0,"key":"Regal Pillow"},{"floor":26.0,"key":"Smiling Mask"},{"floor":26.0,"key":"Orichalcum"},{"floor":30.0,"key":"Bronze Scales"},{"floor":41.0,"key":"Lantern"},{"floor":43.0,"key":"MawBank"},{"floor":45.0,"key":"Art of War"},{"floor":54,"key":"Pocketwatch"}],"event_choices":[{"damage_healed":0.0,"max_hp_gain":5.0,"max_hp_loss":0.0,"gold_gain":0.0,"event_name":"Big Fish","player_choice":"Donut","floor":2.0,"gold_loss":0.0,"damage_taken":0.0},{"damage_healed":0.0,"max_hp_gain":0.0,"max_hp_loss":0.0,"gold_gain":75.0,"event_name":"World of Goop","player_choice":"Gather Gold","floor":4.0,"gold_loss":0.0,"damage_taken":11.0},{"damage_healed":0.0,"max_hp_gain":0.0,"max_hp_loss":0.0,"gold_gain":0.0,"event_name":"Mushrooms","player_choice":"Fought Mushrooms","floor":13.0,"gold_loss":0.0,"damage_taken":0.0},{"damage_healed":0.0,"max_hp_gain":0.0,"max_hp_loss":0.0,"gold_gain":0.0,"event_name":"Cursed Tome","player_choice":"Obtained Book","floor":19.0,"gold_loss":0.0,"damage_taken":16.0},{"damage_healed":0.0,"max_hp_gain":5.0,"max_hp_loss":0.0,"gold_gain":0.0,"event_name":"Forgotten Altar","player_choice":"Shed Blood","floor":20.0,"gold_loss":0.0,"damage_taken":19.0},{"damage_healed":0.0,"max_hp_gain":0.0,"max_hp_loss":0.0,"gold_gain":0.0,"event_name":"Lab","player_choice":"Got Potions","floor":28.0,"gold_loss":0.0,"damage_taken":0.0},{"cards_removed":["Underhanded Strike"],"damage_healed":0.0,"max_hp_gain":0.0,"max_hp_loss":0.0,"gold_gain":0.0,"event_name":"Falling","player_choice":"Removed Attack","floor":36.0,"gold_loss":0.0,"damage_taken":0.0},{"damage_healed":0.0,"max_hp_gain":0.0,"max_hp_loss":0.0,"gold_gain":0.0,"event_name":"Tomb of Lord Red Mask","player_choice":"Paid","floor":37.0,"gold_loss":181.0,"damage_taken":0.0,"relics_obtained":["Red Mask"]},{"damage_healed":0,"gold_gain":0,"player_choice":"Memory 1","damage_taken":0,"max_hp_gain":0,"max_hp_loss":0,"event_name":"SensoryStone","floor":46,"gold_loss":0}],"is_beta":false,"boss_relics":[{"not_picked":["WristBlade","Busted Crown"],"picked":"Astrolabe"},{"not_picked":["Fusion Hammer","Philosopher\u0027s Stone"],"picked":"Empty Cage"}],"items_purged_floors":[7,11,22],"is_endless":false,"potions_floor_spawned":[3,13,16,30,31,33,44,45],"ascension_level":0}