{"gold_per_floor":[109,129,144,159,177,177,209,209,209,237,312,324,324,324],"floor_reached":14,"playtime":612,"items_purged":[],"score":143,"play_id":"f0b85fbf-fa9d-4402-a7a9-2c7067d89337","local_time":"20190603185953","is_ascension_mode":true,"campfire_choices":[{"data":"Combust","floor":6,"key":"SMITH"},{"data":"Armaments","floor":8,"key":"SMITH"}],"neow_cost":"NONE","seed_source_timestamp":4655358451854195,"circlet_count":0,"master_deck":["Strike_R","Strike_R","Strike_R","Strike_R","Strike_R","Defend_R","Defend_R","Defend_R","Defend_R","Bash","Heavy Blade","Combust+1","Ghostly Armor","Spot Weakness","Armaments+1","Double Tap","Shrug It Off","Parasite"],"relics":["Burning Blood","Centennial Puzzle","Mercury Hourglass","Peace Pipe"],"potions_floor_usage":[10,10],"damage_taken":[{"damage":0,"enemies":"Small Slimes","floor":1,"turns":4},{"damage":6,"enemies":"2 Louse","floor":2,"turns":3},{"damage":10,"enemies":"Jaw Worm","floor":3,"turns":6},{"damage":20,"enemies":"3 Louse","floor":4,"turns":4},{"damage":16,"enemies":"Lots of Slimes","floor":5,"turns":3},{"damage":25,"enemies":"Lagavulin","floor":7,"turns":7},{"damage":29,"enemies":"Gremlin Nob","floor":10,"turns":4},{"damage":9,"enemies":"Large Slime","floor":12,"turns":3},{"damage":52,"enemies":"Lagavulin","floor":14,"turns":5}],"seed_played":"-2242679758051328841","potions_obtained":[{"floor":3,"key":"SteroidPotion"},{"floor":5,"key":"FairyPotion"},{"floor":7,"key":"BloodPotion"}],"is_trial":false,"path_per_floor":["M","M","M","M","M","R","E","R","T","E","?","M","?","E"],"character_chosen":"IRONCLAD","items_purchased":[],"campfire_rested":0,"item_purchase_floors":[],"current_hp_per_floor":[86,86,82,68,58,58,39,39,39,24,13,10,32,0],"gold":324,"neow_bonus":"TEN_PERCENT_HP_BONUS","is_prod":false,"is_daily":false,"chose_seed":false,"campfire_upgraded":2,"win_rate":0,"timestamp":1559602793,"path_taken":["M","M","M","M","M","R","E","R","T","E","?","M","?","E"],"build_version":"2019-01-23","purchased_purges":0,"victory":false,"max_hp_per_floor":[88,88,88,88,88,88,88,88,88,88,88,88,88,88],"card_choices":[{"not_picked":["Clash","Body Slam"],"picked":"Heavy Blade","floor":1},{"not_picked":["Warcry","Hemokinesis","Reckless Charge"],"picked":"SKIP","floor":2},{"not_picked":["Dropkick","Intimidate"],"picked":"Combust","floor":3},{"not_picked":["Pummel","Bloodletting"],"picked":"Ghostly Armor","floor":4},{"not_picked":["Havoc","Flex"],"picked":"Spot Weakness","floor":5},{"not_picked":["Twin Strike","Sword Boomerang"],"picked":"Armaments","floor":7},{"not_picked":["Fire Breathing","Iron Wave"],"picked":"Double Tap","floor":10},{"not_picked":["Warcry","Dropkick"],"picked":"Shrug It Off","floor":12}],"player_experience":190241,"relics_obtained":[{"floor":7,"key":"Centennial Puzzle"},{"floor":9,"key":"Mercury Hourglass"},{"floor":10,"key":"Peace Pipe"}],"event_choices":[{"damage_healed":0,"gold_gain":75,"player_choice":"Gather Gold","damage_taken":11,"max_hp_gain":0,"max_hp_loss":0,"event_name":"World of Goop","floor":11,"gold_loss":0},{"damage_healed":22,"gold_gain":0,"player_choice":"Healed and dodged fight","damage_taken":0,"max_hp_gain":0,"max_hp_loss":0,"event_name":"Mushrooms","floor":13,"gold_loss":0,"cards_obtained":["Parasite"]}],"is_beta":false,"boss_relics":[],"items_purged_floors":[],"is_endless":false,"potions_floor_spawned":[3,5,7],"killed_by":"Lagavulin","ascension_level":8}