{"gold_per_floor":[115,265,265,265,278,278,311,281,334,334,375,375,675,700,700,700],"floor_reached":16,"playtime":446,"items_purged":[],"score":249,"play_id":"7da1165b-ef26-43a5-acf3-4a2de1ba5467","local_time":"20190313184603","is_ascension_mode":true,"campfire_choices":[{"data":"Body Slam","floor":6.0,"key":"SMITH"},{"data":"True Grit","floor":10.0,"key":"SMITH"},{"floor":12,"key":"REST"},{"floor":15,"key":"REST"}],"neow_cost":"NONE","seed_source_timestamp":320832270942969,"circlet_count":0,"master_deck":["AscendersBane","Strike_R","Strike_R","Strike_R","Strike_R","Strike_R","Defend_R","Defend_R","Defend_R","Defend_R","Bash","Body Slam+1","Doubt","Clothesline","Cleave","True Grit+1","Armaments","Metallicize"],"special_seed":0,"relics":["Burning Blood","NeowsBlessing","Golden Idol","Boot","Blood Vial","Bottled Lightning","Old Coin"],"potions_floor_usage":[16,16],"damage_taken":[{"damage":0.0,"enemies":"Small Slimes","floor":1.0,"turns":1.0},{"damage":0.0,"enemies":"Jaw Worm","floor":5.0,"turns":1.0},{"damage":0.0,"enemies":"Gremlin Nob","floor":7.0,"turns":1.0},{"damage":39.0,"enemies":"Lagavulin","floor":11.0,"turns":11.0},{"damage":0,"enemies":"2 Louse","floor":14,"turns":2},{"damage":87,"enemies":"Slime Boss","floor":16,"turns":11}],"seed_played":"1299056061352447758","potions_obtained":[{"floor":11,"key":"EssenceOfSteel"},{"floor":14,"key":"SpeedPotion"}],"is_trial":false,"path_per_floor":["M","?","?","?","M","R","E","$","T","R","E","R","T","M","R","B"],"character_chosen":"IRONCLAD","items_purchased":["True Grit"],"campfire_rested":2,"item_purchase_floors":[8],"current_hp_per_floor":[74,74,74,48,54,54,60,60,60,60,29,51,51,59,75,0],"gold":700,"neow_bonus":"THREE_ENEMY_KILL","is_prod":false,"is_daily":false,"chose_seed":false,"campfire_upgraded":2,"win_rate":0,"timestamp":1552463163,"path_taken":["M","?","?","?","?","R","E","$","T","R","E","R","?","M","R","BOSS"],"build_version":"2019-01-23","purchased_purges":0,"victory":false,"max_hp_per_floor":[75,75,75,75,75,75,75,75,75,75,75,75,75,75,75,75],"card_choices":[{"not_picked":["Sword Boomerang","Ghostly Armor"],"picked":"Body Slam","floor":1.0},{"not_picked":["Dropkick","Seeing Red"],"picked":"Clothesline","floor":5.0},{"not_picked":["Dual Wield","Pommel Strike"],"picked":"Cleave","floor":7.0},{"not_picked":["Carnage","Anger"],"picked":"Armaments","floor":11},{"not_picked":["Armaments","Burning Pact"],"picked":"Metallicize","floor":14}],"player_experience":844789,"relics_obtained":[{"floor":7.0,"key":"Boot"},{"floor":9.0,"key":"Blood Vial"},{"floor":11,"key":"Bottled Lightning"},{"floor":13,"key":"Old Coin"}],"event_choices":[{"damage_healed":0.0,"max_hp_gain":0.0,"max_hp_loss":0.0,"gold_gain":150.0,"event_name":"Liars Game","player_choice":"AGREE","floor":2.0,"gold_loss":0.0,"damage_taken":0.0,"cards_obtained":["Doubt"]},{"damage_healed":0.0,"max_hp_gain":0.0,"max_hp_loss":0.0,"gold_gain":0.0,"event_name":"The Cleric","player_choice":"Leave","floor":3.0,"gold_loss":0.0,"damage_taken":0.0},{"damage_healed":0.0,"max_hp_gain":0.0,"max_hp_loss":0.0,"gold_gain":0.0,"event_name":"Golden Idol","player_choice":"Take Damage","floor":4.0,"gold_loss":0.0,"damage_taken":26.0,"relics_obtained":["Golden Idol"]}],"is_beta":false,"boss_relics":[],"items_purged_floors":[],"is_endless":false,"potions_floor_spawned":[11,14],"killed_by":"Slime Boss","ascension_level":18}