{"gold_per_floor":[116,116,134,152,172,201,201,235,282,282,296,313,332,72,72,72],"floor_reached":16,"playtime":1613,"items_purged":[],"score":120,"play_id":"6dc2c5a7-11cf-4f5e-af43-d20a1d8b9684","local_time":"20190403182221","is_ascension_mode":true,"campfire_choices":[{"floor":7,"key":"REST"},{"floor":10,"key":"REST"},{"floor":15,"key":"RECALL"}],"neow_cost":"CURSE","seed_source_timestamp":364239060881000,"circlet_count":0,"master_deck":["Strike_R","Strike_R","Strike_R","Strike_R","Defend_R","Defend_R","Defend_R","Bash","Corruption","Clash","Evolve","Infernal Blade","Headbutt","Power Through","Spot Weakness","Whirlwind","Feed"],"relics":["Burning Blood","Nunchaku","Question Card","Toxic Egg 2"],"potions_floor_usage":[8,8,16,16,16],"damage_taken":[{"damage":12,"enemies":"Small Slimes","floor":1,"turns":3},{"damage":12,"enemies":"2 Louse","floor":3,"turns":3},{"damage":6,"enemies":"Jaw Worm","floor":4,"turns":2},{"damage":12,"enemies":"3 Louse","floor":5,"turns":4},{"damage":21,"enemies":"3 Sentries","floor":6,"turns":6},{"damage":24,"enemies":"Gremlin Nob","floor":8,"turns":4},{"damage":0,"enemies":"Large Slime","floor":11,"turns":5},{"damage":9,"enemies":"Blue Slaver","floor":12,"turns":3},{"damage":6,"enemies":"3 Louse","floor":13,"turns":2},{"damage":76,"enemies":"Hexaghost","floor":16,"turns":9}],"seed_played":"364547603781215749","potions_obtained":[{"floor":4,"key":"Strength Potion"},{"floor":6,"key":"LiquidBronze"},{"floor":8,"key":"EssenceOfSteel"},{"floor":11,"key":"Poison Potion"},{"floor":13,"key":"SneckoOil"}],"is_trial":false,"path_per_floor":["M","?","M","M","M","E","R","E","T","R","M","M","M","$","R","B"],"character_chosen":"IRONCLAD","items_purchased":["Toxic Egg 2"],"campfire_rested":2,"item_purchase_floors":[14],"current_hp_per_floor":[74,67,61,61,55,40,64,46,46,70,76,73,76,76,76,0],"gold":72,"neow_bonus":"TRANSFORM_TWO_CARDS","is_prod":false,"is_daily":false,"chose_seed":false,"campfire_upgraded":0,"win_rate":0,"timestamp":1554340941,"path_taken":["M","?","M","M","M","E","R","E","T","R","M","M","M","$","R","BOSS"],"build_version":"2019-01-23","purchased_purges":0,"victory":false,"max_hp_per_floor":[80,80,80,80,80,80,80,80,80,80,80,80,83,83,83,83],"card_choices":[{"not_picked":["Havoc","Anger"],"picked":"Evolve","floor":1},{"not_picked":["Carnage","Clash"],"picked":"Infernal Blade","floor":3},{"not_picked":["Seeing Red","True Grit"],"picked":"Headbutt","floor":4},{"not_picked":["Clash","Fiend Fire"],"picked":"Power Through","floor":5},{"not_picked":["Thunderclap","Corruption"],"picked":"Spot Weakness","floor":6},{"not_picked":["Second Wind","Dual Wield"],"picked":"Whirlwind","floor":8},{"not_picked":["Whirlwind","Warcry","Clash","Heavy Blade"],"picked":"SKIP","floor":11},{"not_picked":["Iron Wave","Searing Blow","Uppercut"],"picked":"Feed","floor":12},{"not_picked":["Armaments","Dual Wield","Perfected Strike","Wild Strike"],"picked":"SKIP","floor":13}],"player_experience":409601,"relics_obtained":[{"floor":6,"key":"Nunchaku"},{"floor":8,"key":"Question Card"}],"event_choices":[{"cards_removed":["Normality"],"damage_healed":0,"gold_gain":0,"player_choice":"Card Removal","damage_taken":7,"max_hp_gain":0,"max_hp_loss":0,"event_name":"Golden Wing","floor":2,"gold_loss":0}],"is_beta":false,"boss_relics":[],"items_purged_floors":[],"is_endless":false,"potions_floor_spawned":[4,6,8,11,13],"killed_by":"Hexaghost","ascension_level":1}