{"gold_per_floor":[361,380,105,121,132,132,32,57,57,73,83,83,115,131,131,208,208,221,231,231,231,251,251,126,159,186,186],"floor_reached":27,"playtime":879,"items_purged":["Decay","Strike_R","Strike_R"],"score":490,"play_id":"3e7d518d-b22a-4a81-9425-ff5bb1a0eff6","local_time":"20190518194811","is_ascension_mode":true,"campfire_choices":[{"data":"Armaments","floor":6.0,"key":"SMITH"},{"floor":12.0,"key":"REST"},{"data":"Inflame","floor":15.0,"key":"SMITH"},{"data":"Flex","floor":23,"key":"SMITH"}],"neow_cost":"CURSE","seed_source_timestamp":159832320941033,"circlet_count":0,"master_deck":["AscendersBane","Defend_R","Defend_R","Defend_R","Defend_R","Bash","Evolve","Flex+1","Inflame+1","Armaments+1","Sword Boomerang","Power Through","Immolate","Feed","Battle Trance+1","Pommel Strike+1","Dark Embrace+1"],"special_seed":0,"relics":["Burning Blood","Bag of Preparation","Red Skull","Oddly Smooth Stone","Question Card","Astrolabe","Dream Catcher"],"potions_floor_usage":[25,27,27],"damage_taken":[{"damage":12.0,"enemies":"Cultist","floor":1.0,"turns":4.0},{"damage":15.0,"enemies":"Small Slimes","floor":2.0,"turns":4.0},{"damage":1.0,"enemies":"2 Louse","floor":4.0,"turns":4.0},{"damage":15.0,"enemies":"Exordium Wildlife","floor":5.0,"turns":4.0},{"damage":8.0,"enemies":"Gremlin Nob","floor":8.0,"turns":3.0},{"damage":7.0,"enemies":"Blue Slaver","floor":10.0,"turns":4.0},{"damage":22.0,"enemies":"Exordium Thugs","floor":11.0,"turns":4.0},{"damage":20.0,"enemies":"Lagavulin","floor":13.0,"turns":8.0},{"damage":12.0,"enemies":"Large Slime","floor":14.0,"turns":5.0},{"damage":8.0,"enemies":"Slime Boss","floor":16.0,"turns":7.0},{"damage":13.0,"enemies":"Spheric Guardian","floor":18.0,"turns":5.0},{"damage":7.0,"enemies":"2 Thieves","floor":19.0,"turns":4.0},{"damage":28,"enemies":"Snake Plant","floor":22,"turns":5},{"damage":44,"enemies":"Slavers","floor":25,"turns":3},{"damage":1,"enemies":"Centurion and Healer","floor":27,"turns":2}],"seed_played":"-3051091773809168910","potions_obtained":[{"floor":1.0,"key":"Energy Potion"},{"floor":2.0,"key":"SpeedPotion"},{"floor":5.0,"key":"Swift Potion"},{"floor":13.0,"key":"BloodPotion"},{"floor":16.0,"key":"Weak Potion"},{"floor":22,"key":"AttackPotion"},{"floor":25,"key":"Energy Potion"}],"is_trial":false,"path_per_floor":["M","M","$","M","M","R","$","E","T","M","M","R","E","M","R","B",null,"M","M","?","?","M","R","$","E","T","M"],"character_chosen":"IRONCLAD","items_purchased":["Bag of Preparation","Inflame"],"campfire_rested":1,"item_purchase_floors":[3,3],"current_hp_per_floor":[62,53,53,58,49,49,49,47,47,46,30,52,38,39,39,37,66,63,66,66,66,47,47,47,9,9,8],"gold":186,"neow_bonus":"TWO_FIFTY_GOLD","is_prod":false,"is_daily":false,"chose_seed":false,"campfire_upgraded":3,"win_rate":0,"timestamp":1558180091,"path_taken":["M","?","$","M","M","R","?","E","T","M","M","R","E","M","R","BOSS","M","?","?","?","M","R","?","E","T","M"],"build_version":"2019-01-23","purchased_purges":3,"victory":false,"max_hp_per_floor":[75,75,75,75,75,75,75,75,75,75,75,75,75,75,75,75,75,79,83,83,83,86,86,86,86,86,86],"card_choices":[{"not_picked":["Rampage","Clash"],"picked":"Evolve","floor":1.0},{"not_picked":["Cleave","Body Slam"],"picked":"Flex","floor":2.0},{"not_picked":["Anger","Pommel Strike"],"picked":"Armaments","floor":4.0},{"not_picked":["Flex","Cleave"],"picked":"Sword Boomerang","floor":5.0},{"not_picked":["Flame Barrier","Body Slam","Rage"],"picked":"SKIP","floor":8.0},{"not_picked":["Headbutt","Anger","Iron Wave"],"picked":"SKIP","floor":10.0},{"not_picked":["Thunderclap","Hemokinesis"],"picked":"Power Through","floor":11.0},{"not_picked":["Headbutt","Rampage","Sentinel"],"picked":"SKIP","floor":13.0},{"not_picked":["Warcry","Cleave","Evolve"],"picked":"Immolate","floor":14.0},{"not_picked":["Bludgeon","Double Tap","Reaper"],"picked":"Feed","floor":16.0},{"not_picked":["Flex","Wild Strike","Twin Strike","Searing Blow"],"picked":"SKIP","floor":18.0},{"not_picked":["Body Slam","Headbutt+1","Flex","Shrug It Off"],"picked":"SKIP","floor":19.0},{"not_picked":["Thunderclap","Carnage+1","Bludgeon","Clash"],"picked":"SKIP","floor":22},{"not_picked":["Ghostly Armor+1","Thunderclap+1","Uppercut","Blood for Blood+1"],"picked":"SKIP","floor":25}],"player_experience":878152,"relics_obtained":[{"floor":8.0,"key":"Red Skull"},{"floor":9.0,"key":"Oddly Smooth Stone"},{"floor":13.0,"key":"Question Card"},{"floor":25,"key":"Dream Catcher"}],"event_choices":[{"damage_healed":0,"gold_gain":0,"player_choice":"Ignored","damage_taken":0,"max_hp_gain":0,"max_hp_loss":0,"event_name":"The Mausoleum","floor":20,"gold_loss":0},{"damage_healed":0,"gold_gain":0,"player_choice":"Ignored","damage_taken":0,"max_hp_gain":0,"max_hp_loss":0,"event_name":"Vampires","floor":21,"gold_loss":0}],"is_beta":false,"boss_relics":[{"not_picked":["Tiny House","Empty Cage"],"picked":"Astrolabe"}],"items_purged_floors":[3,7,24],"is_endless":false,"potions_floor_spawned":[1,2,5,13,16,22,25],"killed_by":"Centurion and Healer","ascension_level":20}