{"gold_per_floor":[118,132,143,143,156,190,190,228,281,297,361,361,381,405,405,524,524,543,563,578,593,593,593,593,593,668,3,47,63,63,87,87,210,210,235,254,273,273,289,289,289,304,359,384,384,409,409,43,43,43],"floor_reached":51,"playtime":3934,"items_purged":["Defend_G"],"score":907,"play_id":"1247669f-8184-4708-8cfc-16242cbb0c65","local_time":"20190805094843","is_ascension_mode":true,"campfire_choices":[{"data":"Skewer","floor":7.0,"key":"SMITH"},{"data":"Outmaneuver","floor":15.0,"key":"SMITH"},{"floor":23.0,"key":"REST"},{"floor":25.0,"key":"REST"},{"floor":30.0,"key":"REST"},{"floor":32.0,"key":"REST"},{"data":"Footwork","floor":40.0,"key":"SMITH"},{"floor":45,"key":"REST"},{"data":"Burst","floor":47,"key":"SMITH"},{"floor":49,"key":"REST"}],"neow_cost":"NONE","seed_source_timestamp":2202301016124500,"circlet_count":0,"master_deck":["Defend_G","Defend_G","Survivor","Neutralize+1","Skewer+1","Slice","All Out Attack","Slice","Backflip","Expertise","Outmaneuver+1","Adrenaline","Terror","Sucker Punch+1","Setup","Deflect+1","Doppelganger","Slice","Backflip+1","Dodge and Roll+1","Well Laid Plans","Malaise+1","Burst+1","Caltrops+1","Deadly Poison+1","Crippling Poison+1","Caltrops+1","Footwork+1","Expertise+1","Writhe","Deflect+1","Die Die Die","Dodge and Roll+1","PiercingWail","Dodge and Roll+1"],"special_seed":0,"relics":["Ring of the Snake","Golden Idol","Bottled Flame","Matryoshka","Question Card","Anchor","Incense Burner","FaceOfCleric","Empty Cage","Dream Catcher","Pantograph","Nunchaku","Art of War","Pen Nib","Astrolabe","War Paint","Gambling Chip"],"potions_floor_usage":[44,50],"damage_taken":[{"damage":0.0,"enemies":"Small Slimes","floor":1.0,"turns":5.0},{"damage":0.0,"enemies":"Jaw Worm","floor":2.0,"turns":4.0},{"damage":1.0,"enemies":"2 Louse","floor":3.0,"turns":2.0},{"damage":0.0,"enemies":"Lots of Slimes","floor":5.0,"turns":2.0},{"damage":4.0,"enemies":"3 Sentries","floor":6.0,"turns":5.0},{"damage":9.0,"enemies":"Gremlin Nob","floor":8.0,"turns":4.0},{"damage":1.0,"enemies":"Gremlin Gang","floor":10.0,"turns":3.0},{"damage":5.0,"enemies":"Gremlin Nob","floor":11.0,"turns":3.0},{"damage":0.0,"enemies":"Exordium Wildlife","floor":13.0,"turns":2.0},{"damage":0.0,"enemies":"Blue Slaver","floor":14.0,"turns":2.0},{"damage":12.0,"enemies":"The Guardian","floor":16.0,"turns":12.0},{"damage":2.0,"enemies":"3 Byrds","floor":18.0,"turns":4.0},{"damage":0.0,"enemies":"Chosen","floor":19.0,"turns":4.0},{"damage":17.0,"enemies":"Snake Plant","floor":20.0,"turns":6.0},{"damage":40.0,"enemies":"Sentry and Sphere","floor":21.0,"turns":6.0},{"damage":41.0,"enemies":"Book of Stabbing","floor":28.0,"turns":6.0},{"damage":6.0,"enemies":"Shelled Parasite and Fungi","floor":29.0,"turns":6.0},{"damage":12.0,"enemies":"Snake Plant","floor":31.0,"turns":4.0},{"damage":68.0,"enemies":"Automaton","floor":33.0,"turns":12.0},{"damage":0.0,"enemies":"Orb Walker","floor":35.0,"turns":4.0},{"damage":0.0,"enemies":"3 Shapes","floor":36.0,"turns":5.0},{"damage":35.0,"enemies":"Spire Growth","floor":37.0,"turns":8.0},{"damage":0.0,"enemies":"4 Shapes","floor":39.0,"turns":6.0},{"damage":10,"enemies":"Writhing Mass","floor":42,"turns":8},{"damage":23,"enemies":"3 Darklings","floor":44,"turns":5},{"damage":3,"enemies":"4 Shapes","floor":46,"turns":5},{"damage":17,"enemies":"Time Eater","floor":50,"turns":16}],"seed_played":"-8082476262070765704","potions_obtained":[{"floor":1.0,"key":"SkillPotion"},{"floor":3.0,"key":"Explosive Potion"},{"floor":8.0,"key":"Energy Potion"},{"floor":10.0,"key":"Explosive Potion"},{"floor":11.0,"key":"FairyPotion"},{"floor":14.0,"key":"Fire Potion"},{"floor":16.0,"key":"Block Potion"},{"floor":29.0,"key":"Poison Potion"},{"floor":31.0,"key":"Explosive Potion"},{"floor":35.0,"key":"SpeedPotion"},{"floor":39.0,"key":"FearPotion"},{"floor":42,"key":"SkillPotion"},{"floor":46,"key":"Dexterity Potion"}],"is_trial":false,"path_per_floor":["M","M","M","?","M","E","R","E","T","M","?","?","M","M","R","B",null,"M","M","M","M","?","R","?","R","T","$","E","M","R","M","R","B",null,"M","M","M","?","M","R","?","M","T","M","R","M","R","$","R","B",null],"character_chosen":"THE_SILENT","items_purchased":["Nunchaku","Art of War","Doppelganger","Slice","Gambling Chip"],"campfire_rested":6,"item_purchase_floors":[27,27,27,27,48],"current_hp_per_floor":[63,63,62,45,45,41,41,32,32,31,26,26,27,28,28,17,59,58,59,43,4,4,27,27,50,50,50,10,5,28,17,41,9,63,64,65,31,52,53,53,53,44,44,22,48,46,46,46,72,72],"gold":43,"neow_bonus":"UPGRADE_CARD","is_prod":false,"is_daily":false,"chose_seed":false,"campfire_upgraded":4,"win_rate":0,"timestamp":1565020123,"path_taken":["M","M","M","?","M","E","R","E","T","M","?","?","?","M","R","BOSS","M","M","M","?","?","R","?","R","T","$","E","M","R","M","R","BOSS","M","M","M","?","M","R","?","M","T","M","R","M","R","$","R","BOSS"],"build_version":"2019-07-18","purchased_purges":1,"victory":true,"max_hp_per_floor":[70,70,70,70,70,70,70,70,70,70,70,70,71,72,72,73,73,74,75,76,77,77,77,77,77,77,77,78,79,79,80,80,81,81,82,83,84,84,85,85,85,86,86,87,87,88,88,88,88,89],"card_choices":[{"not_picked":["Flechettes","Masterful Stab"],"picked":"Skewer","floor":1.0},{"not_picked":["Deflect","Backflip"],"picked":"Slice","floor":2.0},{"not_picked":["Predator","Masterful Stab"],"picked":"All Out Attack","floor":3.0},{"not_picked":["Dagger Spray","Eviscerate"],"picked":"Slice","floor":5.0},{"not_picked":["Choke","Masterful Stab"],"picked":"Backflip","floor":6.0},{"not_picked":["Cloak And Dagger","All Out Attack","Prepared"],"picked":"SKIP","floor":8.0},{"not_picked":["Bane","Prepared","PiercingWail"],"picked":"Expertise","floor":10.0},{"not_picked":["Choke","Dagger Spray","Underhanded Strike","Bane"],"picked":"SKIP","floor":13.0},{"not_picked":["Flying Knee","PiercingWail","Die Die Die"],"picked":"Outmaneuver","floor":14.0},{"not_picked":["Doppelganger","Envenom","Die Die Die"],"picked":"Adrenaline","floor":16.0},{"not_picked":["Underhanded Strike","Prepared","Dagger Spray","Acrobatics"],"picked":"SKIP","floor":18.0},{"not_picked":["Underhanded Strike","Finisher+1","PiercingWail"],"picked":"Terror","floor":19.0},{"not_picked":["All Out Attack","Prepared","Dagger Throw"],"picked":"Sucker Punch+1","floor":20.0},{"not_picked":["Dagger Throw","Crippling Poison","Night Terror","Outmaneuver"],"picked":"SKIP","floor":21.0},{"not_picked":["Catalyst","Blade Dance","Escape Plan"],"picked":"Backflip+1","floor":28.0},{"not_picked":["Bane","Dagger Spray","Noxious Fumes","Prepared"],"picked":"SKIP","floor":29.0},{"not_picked":["Bane","Dagger Spray","Noxious Fumes","Prepared"],"picked":"SKIP","floor":29.0},{"not_picked":["Underhanded Strike+1","Acrobatics+1","Backstab"],"picked":"Dodge and Roll+1","floor":30.0},{"not_picked":["Poisoned Stab","Quick Slash","Sucker Punch+1"],"picked":"Well Laid Plans","floor":31.0},{"not_picked":["PiercingWail","Eviscerate+1","Deflect"],"picked":"Malaise","floor":32.0},{"not_picked":["Glass Knife","Tools of the Trade","Wraith Form v2"],"picked":"Burst","floor":33.0},{"not_picked":["Backflip","Bane","Poisoned Stab+1"],"picked":"Caltrops+1","floor":35.0},{"not_picked":["Outmaneuver","Deadly Poison","Acrobatics+1"],"picked":"Footwork","floor":36.0},{"not_picked":["Dagger Throw","Riddle With Holes","Acrobatics+1"],"picked":"Expertise+1","floor":37.0},{"not_picked":["Cloak And Dagger+1","Deadly Poison+1","Bane"],"picked":"Deflect+1","floor":39.0},{"not_picked":["Flying Knee+1","Expertise","Poisoned Stab","Blade Dance+1"],"picked":"SKIP","floor":42},{"not_picked":["Flying Knee+1","Dagger Throw","Blade Dance+1"],"picked":"Die Die Die","floor":44},{"not_picked":["Blade Dance+1","Backflip+1","Deadly Poison"],"picked":"Dodge and Roll+1","floor":45},{"not_picked":["Calculated Gamble","Blade Dance","Expertise"],"picked":"PiercingWail","floor":46},{"not_picked":["Finisher","Poisoned Stab","Underhanded Strike"],"picked":"Dodge and Roll+1","floor":49}],"player_experience":134091,"relics_obtained":[{"floor":6.0,"key":"Bottled Flame"},{"floor":8.0,"key":"Matryoshka"},{"floor":9.0,"key":"Question Card"},{"floor":9.0,"key":"Anchor"},{"floor":11.0,"key":"Incense Burner"},{"floor":26.0,"key":"Dream Catcher"},{"floor":26.0,"key":"Pantograph"},{"floor":28.0,"key":"Pen Nib"},{"floor":43,"key":"War Paint"}],"event_choices":[{"damage_healed":0.0,"max_hp_gain":0.0,"max_hp_loss":0.0,"gold_gain":0.0,"event_name":"Golden Idol","player_choice":"Take Damage","floor":4.0,"gold_loss":0.0,"damage_taken":17.0,"relics_obtained":["Golden Idol"]},{"damage_healed":0.0,"max_hp_gain":0.0,"max_hp_loss":0.0,"gold_gain":30.0,"event_name":"Dead Adventurer","player_choice":"Searched \u00272\u0027 times","floor":11.0,"gold_loss":0.0,"damage_taken":0.0},{"damage_healed":0.0,"max_hp_gain":0.0,"max_hp_loss":0.0,"gold_gain":0.0,"event_name":"FaceTrader","player_choice":"Trade","floor":12.0,"gold_loss":0.0,"damage_taken":0.0,"relics_obtained":["FaceOfCleric"]},{"damage_healed":0.0,"max_hp_gain":0.0,"max_hp_loss":0.0,"gold_gain":0.0,"event_name":"Ghosts","player_choice":"Ignored","floor":22.0,"gold_loss":0.0,"damage_taken":0.0},{"damage_healed":0.0,"max_hp_gain":0.0,"max_hp_loss":0.0,"gold_gain":0.0,"cards_transformed":["Strike_G","Strike_G"],"event_name":"Drug Dealer","player_choice":"Became Test Subject","floor":24.0,"gold_loss":0.0,"damage_taken":0.0,"cards_obtained":["Setup","Deflect"]},{"damage_healed":21.0,"max_hp_gain":0.0,"max_hp_loss":0.0,"gold_gain":0.0,"event_name":"Winding Halls","player_choice":"Writhe","floor":38.0,"gold_loss":0.0,"damage_taken":0.0,"cards_obtained":["Writhe"]},{"damage_healed":0.0,"max_hp_gain":0.0,"max_hp_loss":0.0,"gold_gain":0.0,"event_name":"Tomb of Lord Red Mask","player_choice":"Ignored","floor":41.0,"gold_loss":0.0,"damage_taken":0.0}],"is_beta":true,"boss_relics":[{"not_picked":["WristBlade","Fusion Hammer"],"picked":"Empty Cage"},{"not_picked":["Ring of the Serpent","Coffee Dripper"],"picked":"Astrolabe"}],"items_purged_floors":[48],"is_endless":false,"potions_floor_spawned":[1,3,8,10,11,14,16,18,29,31,35,39,42,46],"ascension_level":7}