{"gold_per_floor":[115,135,150,164,179,179,2,2,2,2,2,17,17,37,37,132,132,116,135,148,161,86,86,117,117,117,117,117,137,137,155,155,252,252,272,290,32,49,68,68,85,97,97,116,116,129,140,140,140,140],"floor_reached":50,"playtime":8521,"items_purged":["Defend_G"],"score":464,"play_id":"33d82f0b-c477-4153-a381-8ea975eed5b4","local_time":"20190301221257","is_ascension_mode":false,"campfire_choices":[{"data":"Noxious Fumes","floor":6.0,"key":"SMITH"},{"data":"Neutralize","floor":8.0,"key":"SMITH"},{"data":"Survivor","floor":10.0,"key":"SMITH"},{"data":"Well Laid Plans","floor":13.0,"key":"SMITH"},{"floor":15.0,"key":"REST"},{"floor":23,"key":"REST"},{"floor":25,"key":"REST"},{"data":"Flying Knee","floor":27,"key":"SMITH"},{"data":"After Image","floor":30,"key":"SMITH"},{"data":"Defend_G","floor":32,"key":"SMITH"},{"data":"Caltrops","floor":40,"key":"SMITH"},{"floor":49,"key":"REST"}],"neow_cost":"NONE","seed_source_timestamp":0,"circlet_count":0,"master_deck":["Defend_G","Defend_G","Defend_G+1","Defend_G+1","Strike_G","Strike_G+1","Strike_G","Strike_G","Survivor+1","Neutralize+1","All Out Attack+1","Well Laid Plans+1","Noxious Fumes+1","Flying Knee+1","Deflect+1","Calculated Gamble+1","Phantasmal Killer+1","Deflect+1","Terror+1","Crippling Poison+1","After Image+1","Leg Sweep+1","Tools of the Trade","The Bomb+1","Caltrops+1","Dash+1","Leg Sweep+1","Regret","Parasite"],"special_seed":0,"relics":["Ring of the Snake","Bag of Marbles","Toxic Egg 2","Eternal Feather","Whetstone","Pantograph","Cursed Key","Gremlin Horn"],"potions_floor_usage":[20,20,21,33,33,38,46,50,50,50,50,50,50],"damage_taken":[{"damage":0.0,"enemies":"Small Slimes","floor":1.0,"turns":4.0},{"damage":0.0,"enemies":"Cultist","floor":2.0,"turns":3.0},{"damage":2.0,"enemies":"Jaw Worm","floor":3.0,"turns":5.0},{"damage":12.0,"enemies":"Gremlin Gang","floor":4.0,"turns":6.0},{"damage":0.0,"enemies":"3 Louse","floor":5.0,"turns":3.0},{"damage":1.0,"enemies":"2 Fungi Beasts","floor":12.0,"turns":3.0},{"damage":4.0,"enemies":"Blue Slaver","floor":14.0,"turns":4.0},{"damage":25.0,"enemies":"Slime Boss","floor":16.0,"turns":15.0},{"damage":1,"enemies":"2 Thieves","floor":18,"turns":4},{"damage":0,"enemies":"Chosen","floor":19,"turns":6},{"damage":10,"enemies":"Centurion and Healer","floor":20,"turns":7},{"damage":23,"enemies":"Cultist and Chosen","floor":21,"turns":6},{"damage":43,"enemies":"Slavers","floor":24,"turns":5},{"damage":16,"enemies":"Snake Plant","floor":29,"turns":5},{"damage":5,"enemies":"Centurion and Healer","floor":31,"turns":7},{"damage":11,"enemies":"Champ","floor":33,"turns":20},{"damage":17,"enemies":"3 Darklings","floor":35,"turns":6},{"damage":0,"enemies":"3 Shapes","floor":36,"turns":4},{"damage":27,"enemies":"Spire Growth","floor":38,"turns":6},{"damage":2,"enemies":"Maw","floor":39,"turns":8},{"damage":27,"enemies":"Jaw Worm Horde","floor":41,"turns":4},{"damage":12,"enemies":"Writhing Mass","floor":42,"turns":6},{"damage":12,"enemies":"3 Darklings","floor":44,"turns":6},{"damage":3,"enemies":"Sphere and 2 Shapes","floor":46,"turns":5},{"damage":46,"enemies":"Writhing Mass","floor":47,"turns":7},{"damage":68,"enemies":"Awakened One","floor":50,"turns":8}],"seed_played":"1352082867379395077","potions_obtained":[{"floor":4.0,"key":"SpeedPotion"},{"floor":14.0,"key":"Swift Potion"},{"floor":19,"key":"PowerPotion"},{"floor":20,"key":"Weak Potion"},{"floor":29,"key":"Dexterity Potion"},{"floor":33,"key":"Fire Potion"},{"floor":38,"key":"LiquidBronze"},{"floor":42,"key":"SteroidPotion"},{"floor":47,"key":"EntropicBrew"}],"is_trial":false,"path_per_floor":["M","M","M","M","M","R","$","R","T","R","?","M","R","M","R","B",null,"M","M","M","M","$","R","E","R","T","R","?","M","R","M","R","B",null,"M","M","$","M","M","R","M","M","T","M","?","M","M","?","R","B"],"character_chosen":"THE_SILENT","items_purchased":["Bag of Marbles","Flying Knee","The Bomb+1","Regen Potion"],"campfire_rested":4,"item_purchase_floors":[7,7,37,37],"current_hp_per_floor":[77,77,75,63,63,63,63,63,63,63,63,62,62,58,77,52,77,76,76,66,43,43,77,34,69,69,77,77,61,73,68,77,66,77,60,60,60,48,46,61,34,22,22,10,67,64,18,18,53,0],"gold":140,"neow_bonus":"TEN_PERCENT_HP_BONUS","is_prod":false,"is_daily":false,"chose_seed":false,"campfire_upgraded":8,"win_rate":0,"timestamp":1551503577,"path_taken":["M","M","M","M","M","R","$","R","T","R","?","M","R","?","R","BOSS","M","M","M","M","$","R","E","R","T","R","?","?","R","M","R","BOSS","M","M","$","M","M","R","M","M","T","?","?","M","M","?","R","BOSS"],"build_version":"2019-01-23","purchased_purges":1,"victory":false,"max_hp_per_floor":[77,77,77,77,77,77,77,77,77,77,77,77,77,77,77,77,77,77,77,77,77,77,77,77,77,77,77,77,77,77,77,77,77,77,77,77,77,77,77,77,77,77,77,77,67,67,67,67,67,67],"card_choices":[{"not_picked":["Deflect","Dodge and Roll"],"picked":"All Out Attack","floor":1.0},{"not_picked":["PiercingWail","Prepared"],"picked":"Well Laid Plans","floor":2.0},{"not_picked":["Underhanded Strike","Infinite Blades"],"picked":"Noxious Fumes","floor":3.0},{"not_picked":["Flechettes","PiercingWail","Dodge and Roll"],"picked":"SKIP","floor":4.0},{"not_picked":["Blade Dance","Deflect","PiercingWail"],"picked":"SKIP","floor":5.0},{"not_picked":["Dagger Spray","Underhanded Strike"],"picked":"Deflect+1","floor":12.0},{"not_picked":["Deadly Poison+1","Acrobatics+1"],"picked":"Calculated Gamble+1","floor":14.0},{"not_picked":["Doppelganger+1","Tools of the Trade"],"picked":"Phantasmal Killer+1","floor":16.0},{"not_picked":["Dagger Spray+1","Poisoned Stab+1"],"picked":"Deflect+1","floor":18},{"not_picked":["Flying Knee","Accuracy+1","Reflex+1"],"picked":"SKIP","floor":19},{"not_picked":["Blade Dance+1","Prepared+1"],"picked":"Terror+1","floor":20},{"not_picked":["Underhanded Strike+1","Poisoned Stab"],"picked":"Crippling Poison+1","floor":21},{"not_picked":["Cloak And Dagger+1","Predator","Distraction+1"],"picked":"SKIP","floor":24},{"not_picked":["Blade Dance+1","Dash"],"picked":"After Image","floor":29},{"not_picked":["Bane","Blade Dance+1"],"picked":"Leg Sweep+1","floor":31},{"not_picked":["Venomology+1","Unload"],"picked":"Tools of the Trade","floor":33},{"not_picked":["Prepared+1","Cloak And Dagger+1","Dodge and Roll+1"],"picked":"SKIP","floor":35},{"not_picked":["Sucker Punch","Blade Dance+1","Dagger Spray"],"picked":"SKIP","floor":36},{"not_picked":["Predator","Dagger Throw","Underhanded Strike"],"picked":"SKIP","floor":38},{"not_picked":["Dodge and Roll+1","Outmaneuver+1"],"picked":"Caltrops","floor":39},{"not_picked":["Predator","All Out Attack+1"],"picked":"Dash+1","floor":41},{"not_picked":["Blade Dance+1","Dagger Throw"],"picked":"Leg Sweep+1","floor":42},{"not_picked":["Leg Sweep+1","Finisher+1","Slice"],"picked":"SKIP","floor":44},{"not_picked":["Unload","Dagger Spray+1","Calculated Gamble+1"],"picked":"SKIP","floor":46},{"not_picked":["Prepared+1","Slice","Dodge and Roll+1"],"picked":"SKIP","floor":47}],"player_experience":158620,"relics_obtained":[{"floor":9.0,"key":"Toxic Egg 2"},{"floor":24,"key":"Whetstone"},{"floor":26,"key":"Pantograph"},{"floor":43,"key":"Gremlin Horn"}],"event_choices":[{"cards_removed":["Strike_G"],"damage_healed":0.0,"max_hp_gain":0.0,"max_hp_loss":0.0,"gold_gain":0.0,"event_name":"Purifier","player_choice":"Purged","floor":11.0,"gold_loss":0.0,"damage_taken":0.0},{"damage_healed":0,"gold_gain":0,"player_choice":"Upgraded","damage_taken":0,"max_hp_gain":0,"max_hp_loss":0,"event_name":"Upgrade Shrine","floor":28,"gold_loss":0,"cards_upgraded":["Defend_G"]},{"damage_healed":67,"gold_gain":0,"player_choice":"Heal","damage_taken":0,"max_hp_gain":0,"max_hp_loss":10,"event_name":"The Moai Head","floor":45,"gold_loss":0},{"damage_healed":0,"gold_gain":0,"player_choice":"Got Potions","damage_taken":0,"max_hp_gain":0,"max_hp_loss":0,"event_name":"Lab","floor":48,"gold_loss":0}],"is_beta":false,"boss_relics":[{"not_picked":["Runic Dome","Sozu"],"picked":"Eternal Feather"},{"not_picked":["Snecko Eye","Busted Crown"],"picked":"Cursed Key"}],"items_purged_floors":[22],"is_endless":false,"potions_floor_spawned":[4,14,19,20,29,33,38,42,47],"killed_by":"Awakened One","ascension_level":0}