{"gold_per_floor":[110,130,130,130,147,147,173,173,197,212,229,261,261,261,261,357,357,369,384,35,52,71,71,71],"floor_reached":24,"playtime":807,"items_purged":["Strike_B+1"],"score":208,"play_id":"d60b7e54-59d4-4d0a-9af1-d456ae9f9e81","local_time":"20190506203557","is_ascension_mode":false,"campfire_choices":[{"data":"Sunder","floor":6.0,"key":"SMITH"},{"data":"Hologram","floor":8.0,"key":"SMITH"},{"data":"Turbo","floor":13.0,"key":"SMITH"},{"data":"Reboot","floor":15.0,"key":"SMITH"},{"data":"Defragment","floor":23,"key":"SMITH"}],"neow_cost":"NONE","seed_source_timestamp":1249127465511444,"circlet_count":0,"master_deck":["Defend_B","Defend_B","Defend_B","Defend_B","Zap","Dualcast","Ball Lightning+1","Chaos","Sunder+1","Hologram+1","Turbo+1","Echo Form","Reboot+1","Fission+1","BootSequence+1","Chaos+1","Consume+1","Loop","Defragment+1"],"special_seed":0,"relics":["Cracked Core","NeowsBlessing","Whetstone","Omamori","Ancient Tea Set","Astrolabe","Strange Spoon"],"potions_floor_usage":[],"damage_taken":[{"damage":0.0,"enemies":"2 Louse","floor":1.0,"turns":1.0},{"damage":0.0,"enemies":"Cultist","floor":2.0,"turns":1.0},{"damage":0.0,"enemies":"Jaw Worm","floor":5.0,"turns":1.0},{"damage":6.0,"enemies":"3 Sentries","floor":7.0,"turns":5.0},{"damage":1.0,"enemies":"Exordium Wildlife","floor":10.0,"turns":2.0},{"damage":0.0,"enemies":"Large Slime","floor":11.0,"turns":4.0},{"damage":6.0,"enemies":"Gremlin Nob","floor":12.0,"turns":3.0},{"damage":45.0,"enemies":"The Guardian","floor":16.0,"turns":10.0},{"damage":2,"enemies":"3 Byrds","floor":18,"turns":5},{"damage":0,"enemies":"Chosen","floor":19,"turns":3},{"damage":8,"enemies":"3 Cultists","floor":21,"turns":5},{"damage":3,"enemies":"Snake Plant","floor":22,"turns":2},{"damage":45,"enemies":"Gremlin Leader","floor":24,"turns":8}],"seed_played":"7824503602833977465","potions_obtained":[{"floor":1.0,"key":"Dexterity Potion"},{"floor":5.0,"key":"Energy Potion"},{"floor":7.0,"key":"SmokeBomb"},{"floor":12.0,"key":"PowerPotion"},{"floor":18,"key":"Ancient Potion"}],"is_trial":false,"path_per_floor":["M","M","?","?","M","R","E","R","T","M","M","E","R","?","R","B",null,"M","M","$","M","M","R","E"],"character_chosen":"DEFECT","items_purchased":["Strange Spoon","Loop"],"campfire_rested":0,"item_purchase_floors":[20,20],"current_hp_per_floor":[75,75,75,75,75,75,69,69,69,68,68,62,62,62,62,17,75,73,73,73,65,62,62,17],"gold":71,"neow_bonus":"THREE_ENEMY_KILL","is_prod":false,"is_daily":false,"chose_seed":false,"campfire_upgraded":5,"win_rate":0,"timestamp":1557146157,"path_taken":["M","M","?","?","M","R","E","R","T","M","M","E","R","?","R","BOSS","M","M","$","M","M","R","E"],"build_version":"2019-01-23","purchased_purges":1,"victory":false,"max_hp_per_floor":[75,75,75,75,75,75,75,75,75,75,75,75,75,75,75,75,75,75,75,75,75,75,75,75],"card_choices":[{"not_picked":["Darkness","Hello World"],"picked":"Ball Lightning","floor":1.0},{"not_picked":["BootSequence","Sweeping Beam","Steam"],"picked":"SKIP","floor":2.0},{"not_picked":["Double Energy","Chill"],"picked":"Sunder","floor":5.0},{"not_picked":["Coolheaded","Steam"],"picked":"Hologram","floor":7.0},{"not_picked":["Genetic Algorithm","Stack"],"picked":"Turbo","floor":10.0},{"not_picked":["Rebound","Cold Snap"],"picked":"Echo Form","floor":11.0},{"not_picked":["Reinforced Body","Rebound"],"picked":"Reboot","floor":12.0},{"not_picked":["Echo Form","Seek"],"picked":"Fission","floor":16.0},{"not_picked":["Gash","Lockon"],"picked":"Consume+1","floor":18},{"not_picked":["Redo","White Noise","Ball Lightning"],"picked":"SKIP","floor":19},{"not_picked":["Steam","Darkness"],"picked":"Defragment","floor":21},{"not_picked":["Leap","Go for the Eyes","Static Discharge"],"picked":"SKIP","floor":22}],"player_experience":826623,"relics_obtained":[{"floor":7.0,"key":"Whetstone"},{"floor":9.0,"key":"Omamori"},{"floor":12.0,"key":"Ancient Tea Set"}],"event_choices":[{"damage_healed":0.0,"max_hp_gain":0.0,"max_hp_loss":0.0,"gold_gain":0.0,"cards_transformed":["Strike_B"],"event_name":"Living Wall","player_choice":"Change","floor":3.0,"gold_loss":0.0,"damage_taken":0.0,"cards_obtained":["Chaos"]},{"damage_healed":0.0,"max_hp_gain":0.0,"max_hp_loss":0.0,"gold_gain":0.0,"event_name":"Liars Game","player_choice":"Ignored","floor":4.0,"gold_loss":0.0,"damage_taken":0.0},{"damage_healed":0.0,"max_hp_gain":0.0,"max_hp_loss":0.0,"gold_gain":0.0,"event_name":"NoteForYourself","player_choice":"Ignored","floor":14.0,"gold_loss":0.0,"damage_taken":0.0}],"is_beta":false,"boss_relics":[{"not_picked":["Snecko Eye","Busted Crown"],"picked":"Astrolabe"}],"items_purged_floors":[20],"is_endless":false,"potions_floor_spawned":[1,5,7,12,18,22],"killed_by":"Gremlin Leader","ascension_level":0}