{"gold_per_floor":[16,16,16,191,191,191,208,208,208,65,96,112,14,40,40,135,135,152,152,85,95,95,95,113,142,165,165,165,7,39,53,53,157,157,170,22,68,84,35,35,52,52,52,83,0,0,25,43,43,43],"floor_reached":51,"playtime":3827,"items_purged":["Doubt"],"score":1246,"play_id":"d97feec2-d9ac-47fa-90f6-8a16242f17a7","local_time":"20190206161031","is_ascension_mode":true,"campfire_choices":[{"data":"Defragment","floor":6.0,"key":"SMITH"},{"data":"Chill","floor":8.0,"key":"SMITH"},{"floor":15.0,"key":"REST"},{"floor":23.0,"key":"REST"},{"data":"Defragment","floor":28.0,"key":"SMITH"},{"floor":32.0,"key":"REST"},{"floor":40.0,"key":"DIG"},{"floor":42.0,"key":"DIG"},{"floor":49,"key":"DIG"}],"neow_cost":"NO_GOLD","seed_source_timestamp":170820889362254,"circlet_count":0,"master_deck":["AscendersBane","Zap","Dualcast","Glacier","Force Field","Defragment+1","Chill+1","Electrodynamics","Heatsinks","Sweeping Beam","Gash","Go for the Eyes","Streamline","Buffer","Conserve Battery+1","Hello World+1","Reinforced Body+1","Defragment+1","Defragment","Capacitor+1","Capacitor","White Noise+1","Double Energy","Reboot","All For One","Redo","Self Repair","Turbo","Amplify","Ball Lightning+1","Defragment+1","Buffer","Conserve Battery+1","Hologram+1","Aggregate","Redo","Turbo+1","Ball Lightning","Gash"],"special_seed":0,"relics":["Cracked Core","Art of War","Mummified Hand","Orichalcum","Astrolabe","Regal Pillow","Smiling Mask","Prayer Wheel","Lizard Tail","Lantern","Shovel","DataDisk","Calipers","Pantograph","Vajra","Red Mask","Boot","Happy Flower"],"potions_floor_usage":[50,50],"damage_taken":[{"damage":1.0,"enemies":"Jaw Worm","floor":1.0,"turns":3.0},{"damage":5.0,"enemies":"Small Slimes","floor":7.0,"turns":3.0},{"damage":2.0,"enemies":"Lagavulin","floor":11.0,"turns":7.0},{"damage":1.0,"enemies":"2 Louse","floor":12.0,"turns":3.0},{"damage":0.0,"enemies":"3 Sentries","floor":14.0,"turns":5.0},{"damage":12.0,"enemies":"Slime Boss","floor":16.0,"turns":8.0},{"damage":0.0,"enemies":"Spheric Guardian","floor":18.0,"turns":7.0},{"damage":5.0,"enemies":"Shell Parasite","floor":21.0,"turns":6.0},{"damage":0.0,"enemies":"3 Cultists","floor":24.0,"turns":5.0},{"damage":11.0,"enemies":"Gremlin Leader","floor":25.0,"turns":8.0},{"damage":0.0,"enemies":"Slavers","floor":30.0,"turns":5.0},{"damage":0.0,"enemies":"Snecko","floor":31.0,"turns":3.0},{"damage":4.0,"enemies":"Collector","floor":33.0,"turns":9.0},{"damage":0.0,"enemies":"Orb Walker","floor":35.0,"turns":4.0},{"damage":2.0,"enemies":"2 Orb Walkers","floor":37.0,"turns":3.0},{"damage":1.0,"enemies":"3 Shapes","floor":38.0,"turns":3.0},{"damage":11.0,"enemies":"3 Darklings","floor":41.0,"turns":6.0},{"damage":6.0,"enemies":"Reptomancer","floor":44.0,"turns":7.0},{"damage":0.0,"enemies":"Giant Head","floor":47.0,"turns":7.0},{"damage":4,"enemies":"Spire Growth","floor":48,"turns":5},{"damage":30,"enemies":"Donu and Deca","floor":50,"turns":10}],"seed_played":"1465885471133769606","potions_obtained":[{"floor":1.0,"key":"Energy Potion"},{"floor":11.0,"key":"FearPotion"},{"floor":12.0,"key":"Explosive Potion"},{"floor":16.0,"key":"Poison Potion"},{"floor":24.0,"key":"Explosive Potion"},{"floor":25.0,"key":"Swift Potion"},{"floor":31.0,"key":"SteroidPotion"},{"floor":35.0,"key":"Block Potion"},{"floor":37.0,"key":"Block Potion"},{"floor":47.0,"key":"Explosive Potion"}],"is_trial":false,"path_per_floor":["M","?","?","?","?","R","M","R","T","$","E","M","$","E","R","B",null,"M","?","$","M","$","R","M","E","T","?","R","$","E","M","R","B",null,"M","$","?","M","$","R","M","R","T","E","?","$","E","M","R","B",null],"character_chosen":"DEFECT","items_purchased":["Electrodynamics","Gash","Go for the Eyes","Defragment","All For One","Lantern","Energy Potion"],"campfire_rested":3,"item_purchase_floors":[10,13,13,20,29,36,39],"current_hp_per_floor":[67,67,60,60,53,53,48,48,48,48,46,45,45,45,67,55,70,70,56,56,51,51,75,75,64,64,64,64,64,64,64,80,80,80,80,80,80,80,80,80,69,69,69,70,70,70,77,80,80,57],"gold":43,"neow_bonus":"TRANSFORM_TWO_CARDS","is_prod":false,"is_daily":false,"chose_seed":false,"campfire_upgraded":3,"win_rate":0,"timestamp":1549440631,"path_taken":["M","?","?","?","?","R","?","R","T","?","E","M","$","E","R","BOSS","M","?","$","M","$","R","M","E","T","?","R","$","E","M","R","BOSS","M","$","?","M","$","R","M","R","T","E","?","$","E","M","R","BOSS"],"build_version":"2019-01-23","purchased_purges":1,"victory":true,"max_hp_per_floor":[75,75,75,75,75,75,75,75,75,75,75,75,75,75,75,75,75,75,80,80,80,80,80,80,80,80,80,80,80,80,80,80,80,80,80,80,80,80,80,80,80,80,80,80,80,80,80,80,80,80],"card_choices":[{"not_picked":["Barrage","Compile Driver"],"picked":"Defragment","floor":1.0},{"not_picked":["Self Repair","Scrape"],"picked":"Chill","floor":7.0},{"not_picked":["Static Discharge","Go for the Eyes"],"picked":"Heatsinks","floor":11.0},{"not_picked":["Compile Driver","Doom and Gloom"],"picked":"Sweeping Beam","floor":12.0},{"not_picked":["Melter","Leap"],"picked":"Streamline","floor":14.0},{"not_picked":["Meteor Strike","Thunder Strike"],"picked":"Buffer","floor":16.0},{"not_picked":["Rip and Tear","Barrage"],"picked":"Defragment","floor":18.0},{"not_picked":["Darkness","Cold Snap"],"picked":"Capacitor+1","floor":21.0},{"not_picked":["Beam Cell","Barrage"],"picked":"Capacitor","floor":24.0},{"not_picked":["Reinforced Body+1","Machine Learning"],"picked":"White Noise+1","floor":25.0},{"not_picked":["Beam Cell+1","Stack"],"picked":"Redo","floor":30.0},{"not_picked":["Sweeping Beam","Tempest"],"picked":"Self Repair","floor":31.0},{"not_picked":["Leap","Steam Power"],"picked":"Turbo","floor":31.0},{"not_picked":["Hyperbeam","Core Surge"],"picked":"Amplify","floor":33.0},{"not_picked":["Sweeping Beam+1","Chaos"],"picked":"Ball Lightning+1","floor":35.0},{"not_picked":["Leap","Rebound+1"],"picked":"Defragment+1","floor":35.0},{"not_picked":["Streamline+1","Ball Lightning+1"],"picked":"Buffer","floor":37.0},{"not_picked":["Doom and Gloom","Streamline+1"],"picked":"Conserve Battery+1","floor":38.0},{"not_picked":["Ball Lightning+1","Cold Snap"],"picked":"Hologram+1","floor":38.0},{"not_picked":["Cold Snap","Heatsinks+1"],"picked":"Aggregate","floor":41.0},{"not_picked":["Compile Driver+1","Chaos+1"],"picked":"Redo","floor":41.0},{"not_picked":["Sweeping Beam","Recycle+1","Scrape+1"],"picked":"SKIP","floor":44.0},{"not_picked":["Redo","Machine Learning"],"picked":"Turbo+1","floor":47.0},{"not_picked":["Stack","Compile Driver+1"],"picked":"Ball Lightning","floor":48},{"not_picked":["Turbo","Recycle"],"picked":"Gash","floor":48}],"player_experience":661926,"relics_obtained":[{"floor":9.0,"key":"Art of War"},{"floor":11.0,"key":"Mummified Hand"},{"floor":14.0,"key":"Orichalcum"},{"floor":25.0,"key":"Regal Pillow"},{"floor":26.0,"key":"Smiling Mask"},{"floor":30.0,"key":"Prayer Wheel"},{"floor":37.0,"key":"Shovel"},{"floor":40.0,"key":"DataDisk"},{"floor":42.0,"key":"Calipers"},{"floor":43.0,"key":"Pantograph"},{"floor":44.0,"key":"Vajra"},{"floor":47.0,"key":"Boot"},{"floor":49,"key":"Happy Flower"}],"event_choices":[{"damage_healed":0.0,"max_hp_gain":0.0,"max_hp_loss":0.0,"gold_gain":0.0,"event_name":"The Cleric","player_choice":"Leave","floor":2.0,"gold_loss":0.0,"damage_taken":0.0},{"cards_removed":["Strike_B"],"damage_healed":0.0,"max_hp_gain":0.0,"max_hp_loss":0.0,"gold_gain":0.0,"event_name":"Golden Wing","player_choice":"Card Removal","floor":3.0,"gold_loss":0.0,"damage_taken":7.0},{"damage_healed":0.0,"max_hp_gain":0.0,"max_hp_loss":0.0,"gold_gain":175.0,"event_name":"Liars Game","player_choice":"AGREE","floor":4.0,"gold_loss":0.0,"damage_taken":0.0,"cards_obtained":["Doubt"]},{"damage_healed":0.0,"max_hp_gain":0.0,"max_hp_loss":0.0,"gold_gain":0.0,"event_name":"Wheel of Change","player_choice":"Damaged","floor":5.0,"gold_loss":0.0,"damage_taken":7.0},{"damage_healed":0.0,"max_hp_gain":5.0,"max_hp_loss":0.0,"gold_gain":0.0,"event_name":"Forgotten Altar","player_choice":"Shed Blood","floor":19.0,"gold_loss":0.0,"damage_taken":19.0},{"damage_healed":0.0,"max_hp_gain":0.0,"max_hp_loss":0.0,"gold_gain":0.0,"cards_transformed":["Defend_B","Defend_B"],"event_name":"Drug Dealer","player_choice":"Became Test Subject","floor":27.0,"gold_loss":0.0,"damage_taken":0.0,"cards_obtained":["Double Energy","Reboot"]},{"damage_healed":0.0,"max_hp_gain":0.0,"max_hp_loss":0.0,"gold_gain":0.0,"event_name":"Mysterious Sphere","player_choice":"Fight","floor":37.0,"gold_loss":0.0,"damage_taken":0.0},{"damage_healed":0.0,"max_hp_gain":0.0,"max_hp_loss":0.0,"gold_gain":0.0,"event_name":"Tomb of Lord Red Mask","player_choice":"Paid","floor":45.0,"gold_loss":83.0,"damage_taken":0.0,"relics_obtained":["Red Mask"]}],"is_beta":false,"boss_relics":[{"not_picked":["Busted Crown","Cursed Key"],"picked":"Astrolabe"},{"not_picked":["Snecko Eye","Eternal Feather"],"picked":"Lizard Tail"}],"items_purged_floors":[10],"is_endless":false,"potions_floor_spawned":[1,11,12,16,24,25,31,35,37,47],"ascension_level":10}