{"gold_per_floor":[116,128,144,144,160,160,179,199,278,278,291,302,302,302],"floor_reached":14,"playtime":519,"items_purged":[],"score":172,"play_id":"acde5dc8-68ea-41cf-81ef-8c0a84438339","local_time":"20190702002130","is_ascension_mode":true,"campfire_choices":[{"data":"Bouncing Flask","floor":6.0,"key":"SMITH"},{"floor":10.0,"key":"REST"},{"floor":13,"key":"REST"}],"neow_cost":"NONE","seed_source_timestamp":28014111631960,"circlet_count":0,"master_deck":["AscendersBane","Defend_G","Defend_G","Defend_G","Defend_G","Defend_G","Strike_G","Strike_G","Strike_G","Strike_G","Strike_G","Survivor","Neutralize","Bouncing Flask+1","Calculated Gamble","Acrobatics","Malaise","Escape Plan"],"special_seed":0,"relics":["Ring of the Snake","Potion Belt","StoneCalendar","Letter Opener"],"potions_floor_usage":[],"damage_taken":[{"damage":13.0,"enemies":"Jaw Worm","floor":1.0,"turns":7.0},{"damage":6.0,"enemies":"Cultist","floor":2.0,"turns":5.0},{"damage":1.0,"enemies":"Small Slimes","floor":3.0,"turns":6.0},{"damage":7.0,"enemies":"Red Slaver","floor":5.0,"turns":5.0},{"damage":2.0,"enemies":"Blue Slaver","floor":7.0,"turns":7.0},{"damage":23.0,"enemies":"Lots of Slimes","floor":8.0,"turns":7.0},{"damage":2.0,"enemies":"3 Louse","floor":11.0,"turns":3.0},{"damage":3,"enemies":"Blue Slaver","floor":12,"turns":3},{"damage":7,"enemies":"Gremlin Nob","floor":14,"turns":3}],"seed_played":"-4963496039400307104","potions_obtained":[{"floor":1.0,"key":"SpeedPotion"},{"floor":7.0,"key":"Block Potion"},{"floor":11.0,"key":"Strength Potion"},{"floor":12,"key":"Explosive Potion"}],"is_trial":false,"path_per_floor":["M","M","M","?","M","R","M","M","T","R","M","M","R","E"],"character_chosen":"THE_SILENT","items_purchased":[],"campfire_rested":2,"item_purchase_floors":[],"current_hp_per_floor":[46,40,39,39,32,32,30,7,7,26,24,21,40,33],"gold":302,"neow_bonus":"RANDOM_COMMON_RELIC","is_prod":false,"is_daily":false,"chose_seed":false,"campfire_upgraded":1,"win_rate":0,"timestamp":1561998090,"path_taken":["M","M","M","?","M","R","M","M","T","R","M","M","R","E"],"build_version":"2019-01-23","purchased_purges":0,"victory":false,"max_hp_per_floor":[66,66,66,66,66,66,66,66,66,66,66,66,66,66],"card_choices":[{"not_picked":["Heel Hook","Blade Dance"],"picked":"Bouncing Flask","floor":1.0},{"not_picked":["Poisoned Stab","Deflect"],"picked":"Calculated Gamble","floor":2.0},{"not_picked":["Underhanded Strike","Sucker Punch"],"picked":"Acrobatics","floor":3.0},{"not_picked":["Slice","Finisher","Eviscerate"],"picked":"SKIP","floor":5.0},{"not_picked":["Flying Knee","Dagger Spray"],"picked":"Malaise","floor":7.0},{"not_picked":["Expertise","Flying Knee","Quick Slash"],"picked":"SKIP","floor":8.0},{"not_picked":["Caltrops","Prepared","Deflect"],"picked":"SKIP","floor":11.0},{"not_picked":["Sucker Punch","Flechettes"],"picked":"Escape Plan","floor":12}],"player_experience":1030939,"relics_obtained":[{"floor":4.0,"key":"StoneCalendar"},{"floor":9.0,"key":"Letter Opener"}],"event_choices":[{"damage_healed":0.0,"max_hp_gain":0.0,"max_hp_loss":0.0,"gold_gain":0.0,"event_name":"Wheel of Change","player_choice":"Relic","floor":4.0,"gold_loss":0.0,"damage_taken":0.0}],"is_beta":false,"boss_relics":[],"items_purged_floors":[],"is_endless":false,"potions_floor_spawned":[1,7,11,12],"killed_by":"Gremlin Nob","ascension_level":20}