{"gold_per_floor":[127,139,171,196,208,220,242,273,336,348,360,182,200,11,11,85,85,105,124,124,124],"floor_reached":21,"playtime":745,"items_purged":["Strike_G","Strike_G"],"score":342,"play_id":"2d038910-acde-4866-89b7-1c64d8088b87","local_time":"20190623161456","is_ascension_mode":true,"campfire_choices":[{"data":"Noxious Fumes","floor":6,"key":"SMITH"},{"data":"Bane","floor":10,"key":"SMITH"},{"data":"Calculated Gamble","floor":15,"key":"SMITH"}],"neow_cost":"NONE","seed_source_timestamp":449554631230967,"circlet_count":0,"master_deck":["AscendersBane","Defend_G","Defend_G","Defend_G","Defend_G","Strike_G","Strike_G","Strike_G","Survivor","Neutralize","Noxious Fumes+1","Well Laid Plans","Terror","Bane+1","Footwork","Calculated Gamble+1","Noxious Fumes","PiercingWail","Tactician"],"relics":["Ring of the Snake","MawBank","Singing Bowl","Runic Pyramid"],"potions_floor_usage":[16,21],"damage_taken":[{"damage":3,"enemies":"2 Louse","floor":1,"turns":4},{"damage":0,"enemies":"Cultist","floor":3,"turns":4},{"damage":4,"enemies":"Jaw Worm","floor":4,"turns":5},{"damage":13,"enemies":"Exordium Thugs","floor":7,"turns":7},{"damage":7,"enemies":"Red Slaver","floor":8,"turns":4},{"damage":4,"enemies":"Looter","floor":13,"turns":3},{"damage":43,"enemies":"Slime Boss","floor":16,"turns":8},{"damage":40,"enemies":"3 Byrds","floor":18,"turns":5},{"damage":0,"enemies":"Spheric Guardian","floor":19,"turns":6},{"damage":20,"enemies":"Shelled Parasite and Fungi","floor":21,"turns":4}],"seed_played":"-2555418072416817792","potions_obtained":[{"floor":3,"key":"AttackPotion"},{"floor":8,"key":"Strength Potion"},{"floor":13,"key":"GamblersBrew"}],"is_trial":false,"path_per_floor":["M","?","M","M","?","R","M","M","T","R","?","$","M","$","R","B",null,"M","M","?","M"],"character_chosen":"THE_SILENT","items_purchased":["Footwork","Calculated Gamble","Noxious Fumes"],"campfire_rested":0,"item_purchase_floors":[12,12,14],"current_hp_per_floor":[56,56,56,52,52,52,39,32,32,32,54,54,52,52,52,11,55,15,17,17,0],"gold":124,"neow_bonus":"RANDOM_COMMON_RELIC","is_prod":false,"is_daily":false,"chose_seed":false,"campfire_upgraded":3,"win_rate":0,"timestamp":1561277696,"path_taken":["M","?","M","?","?","R","M","?","T","R","?","$","M","?","R","BOSS","M","M","?","M"],"build_version":"2019-01-23","purchased_purges":2,"victory":false,"max_hp_per_floor":[66,66,66,66,66,66,66,66,66,66,66,66,68,68,68,70,70,70,72,72,72],"card_choices":[{"not_picked":["Cloak And Dagger","Dash","Outmaneuver"],"picked":"SKIP","floor":1},{"not_picked":["Dodge and Roll","Poisoned Stab"],"picked":"Noxious Fumes","floor":3},{"not_picked":["Poisoned Stab","Deflect"],"picked":"Well Laid Plans","floor":4},{"not_picked":["Dash","Quick Slash"],"picked":"Terror","floor":7},{"not_picked":["Acrobatics","All Out Attack"],"picked":"Bane","floor":8},{"not_picked":["Deadly Poison","Dagger Spray","Blade Dance"],"picked":"Singing Bowl","floor":13},{"not_picked":["Burst","Envenom","Tools of the Trade"],"picked":"Singing Bowl","floor":16},{"not_picked":["Deflect+1","Dodge and Roll"],"picked":"PiercingWail","floor":18},{"not_picked":["Deadly Poison+1","Footwork","Deflect"],"picked":"Singing Bowl","floor":19}],"player_experience":1004399,"relics_obtained":[],"event_choices":[{"cards_removed":["Defend_G"],"damage_healed":0,"gold_gain":0,"player_choice":"Offered Basic","damage_taken":0,"max_hp_gain":0,"max_hp_loss":0,"event_name":"Bonfire Elementals","floor":2,"gold_loss":0},{"damage_healed":0,"gold_gain":0,"player_choice":"Gave Potion","damage_taken":0,"relics_obtained":["Singing Bowl"],"max_hp_gain":0,"max_hp_loss":0,"event_name":"WeMeetAgain","floor":5,"gold_loss":0},{"damage_healed":22,"gold_gain":0,"player_choice":"Banana","damage_taken":0,"max_hp_gain":0,"max_hp_loss":0,"event_name":"Big Fish","floor":11,"gold_loss":0},{"damage_healed":0,"gold_gain":0,"player_choice":"Read","damage_taken":0,"max_hp_gain":0,"max_hp_loss":0,"event_name":"The Library","floor":20,"gold_loss":0,"cards_obtained":["Tactician"]}],"is_beta":false,"boss_relics":[{"not_picked":["Snecko Eye","Runic Dome"],"picked":"Runic Pyramid"}],"items_purged_floors":[12,14],"is_endless":false,"potions_floor_spawned":[3,8,13],"killed_by":"Shelled Parasite and Fungi","ascension_level":20}