{"gold_per_floor":[114,189,209,58,58,90,101,101,101,119,19,19,37,52,52,52],"floor_reached":16,"playtime":330,"items_purged":["Strike_B","Strike_B"],"score":254,"play_id":"f7a8c175-fde3-416d-90d8-854b30896ca2","local_time":"20190711154958","is_ascension_mode":true,"campfire_choices":[{"data":"Defragment","floor":8.0,"key":"SMITH"},{"data":"Streamline","floor":12,"key":"SMITH"},{"data":"Recycle","floor":15,"key":"SMITH"}],"neow_cost":"NONE","seed_source_timestamp":11132937234506,"circlet_count":0,"master_deck":["AscendersBane","Strike_B+1","Strike_B","Defend_B","Defend_B","Defend_B","Defend_B","Zap","Dualcast+1","Coolheaded","Defragment+1","Turbo","Streamline+1","Recycle+1"],"special_seed":0,"relics":["Cracked Core","NeowsBlessing","Mercury Hourglass","Potion Belt"],"potions_floor_usage":[10,16,16],"damage_taken":[{"damage":0.0,"enemies":"Jaw Worm","floor":1.0,"turns":1.0},{"damage":0.0,"enemies":"2 Louse","floor":3.0,"turns":1.0},{"damage":0.0,"enemies":"Lagavulin","floor":6.0,"turns":1.0},{"damage":0.0,"enemies":"Cultist","floor":7.0,"turns":3.0},{"damage":0,"enemies":"Lots of Slimes","floor":10,"turns":3},{"damage":3,"enemies":"Gremlin Gang","floor":13,"turns":3},{"damage":0,"enemies":"2 Fungi Beasts","floor":14,"turns":2},{"damage":35,"enemies":"Slime Boss","floor":16,"turns":6}],"seed_played":"-6444902018621784607","potions_obtained":[{"floor":1.0,"key":"Block Potion"},{"floor":6.0,"key":"GamblersBrew"},{"floor":13,"key":"AttackPotion"},{"floor":14,"key":"SkillPotion"}],"is_trial":false,"path_per_floor":["M","?","M","$","?","E","M","R","T","M","$","R","M","M","R","B"],"character_chosen":"DEFECT","items_purchased":["Defragment"],"campfire_rested":0,"item_purchase_floors":[4],"current_hp_per_floor":[64,53,53,53,32,32,32,32,32,32,32,32,29,29,29,0],"gold":52,"neow_bonus":"THREE_ENEMY_KILL","is_prod":false,"is_daily":false,"chose_seed":false,"campfire_upgraded":3,"win_rate":0,"timestamp":1562831398,"path_taken":["M","?","M","$","?","E","M","R","T","M","?","R","M","M","R","BOSS"],"build_version":"2019-07-05","purchased_purges":2,"victory":false,"max_hp_per_floor":[71,71,71,71,71,71,71,71,71,71,71,71,71,71,71,71],"card_choices":[{"not_picked":["Fusion","BootSequence","Conserve Battery"],"picked":"SKIP","floor":1.0},{"not_picked":["Undo","Lockon"],"picked":"Coolheaded","floor":3.0},{"not_picked":["Beam Cell","Steam"],"picked":"Turbo","floor":6.0},{"not_picked":["Leap","Doom and Gloom","Blizzard"],"picked":"SKIP","floor":7.0},{"not_picked":["Rebound","Barrage"],"picked":"Streamline","floor":10},{"not_picked":["Hello World","Turbo","Blizzard"],"picked":"SKIP","floor":13},{"not_picked":["Go for the Eyes","Consume"],"picked":"Recycle","floor":14}],"player_experience":1103397,"relics_obtained":[{"floor":6.0,"key":"Mercury Hourglass"},{"floor":9.0,"key":"Potion Belt"}],"event_choices":[{"damage_healed":0.0,"max_hp_gain":0.0,"max_hp_loss":0.0,"gold_gain":75.0,"event_name":"World of Goop","player_choice":"Gather Gold","floor":2.0,"gold_loss":0.0,"damage_taken":11.0},{"damage_healed":0.0,"max_hp_gain":0.0,"max_hp_loss":0.0,"gold_gain":0.0,"event_name":"Shining Light","player_choice":"Entered Light","floor":5.0,"gold_loss":0.0,"damage_taken":21.0,"cards_upgraded":["Strike_B","Dualcast"]}],"is_beta":false,"boss_relics":[],"items_purged_floors":[4,11],"is_endless":false,"potions_floor_spawned":[1,6,7,13,14],"killed_by":"Slime Boss","ascension_level":20}