{"gold_per_floor":[118,68,79,79,79,79,114,114,114,130,169,169,185,205,205,205],"floor_reached":16,"playtime":1436,"items_purged":[],"score":135,"play_id":"a051caf9-04c6-4232-b10c-abcd435fef5d","local_time":"20181202171520","is_ascension_mode":false,"campfire_choices":[{"data":"Conserve Battery","floor":6,"key":"SMITH"},{"data":"Gash","floor":8,"key":"SMITH"},{"data":"1","floor":12,"key":"LIFT"},{"floor":15,"key":"REST"}],"neow_cost":"NONE","seed_source_timestamp":1124772568566870,"circlet_count":0,"master_deck":["Strike_B","Strike_B","Strike_B","Defend_B","Defend_B","Defend_B","Zap","Dualcast","Conserve Battery+1","Compile Driver","Gash+1","Hologram","White Noise","Storm","Turbo"],"relics":["Cracked Core","NeowsBlessing","Golden Idol","Pocketwatch","Centennial Puzzle","Girya"],"potions_floor_usage":[11,16],"damage_taken":[{"damage":0,"enemies":"2 Louse","floor":1,"turns":1},{"damage":0,"enemies":"Small Slimes","floor":3,"turns":1},{"damage":0,"enemies":"Lagavulin","floor":7,"turns":1},{"damage":0,"enemies":"Jaw Worm","floor":10,"turns":3},{"damage":1,"enemies":"Gremlin Nob","floor":11,"turns":4},{"damage":21,"enemies":"Exordium Thugs","floor":13,"turns":4},{"damage":5,"enemies":"Lots of Slimes","floor":14,"turns":2},{"damage":55,"enemies":"The Guardian","floor":16,"turns":9}],"seed_played":"6746602436358738762","potions_obtained":[{"floor":10,"key":"Dexterity Potion"},{"floor":14,"key":"Strength Potion"}],"is_trial":false,"path_per_floor":["M","?","M","?","?","R","E","R","T","M","E","R","M","M","R","B"],"character_chosen":"DEFECT","items_purchased":[],"campfire_rested":1,"item_purchase_floors":[],"current_hp_per_floor":[75,75,75,57,57,57,57,57,57,57,56,56,35,30,52,0],"gold":205,"neow_bonus":"THREE_ENEMY_KILL","is_prod":false,"is_daily":false,"chose_seed":false,"campfire_upgraded":2,"win_rate":0,"timestamp":1543731320,"path_taken":["M","?","M","?","?","R","E","R","T","?","E","R","M","M","R","BOSS"],"build_version":"2018-11-15","purchased_purges":0,"victory":false,"max_hp_per_floor":[75,75,75,75,75,75,75,75,75,75,75,75,75,75,75,75],"card_choices":[{"not_picked":["Redo","Coolheaded"],"picked":"Conserve Battery","floor":1},{"not_picked":["Stack","Turbo"],"picked":"Compile Driver","floor":3},{"not_picked":["Streamline","Cold Snap"],"picked":"Gash","floor":7},{"not_picked":["Ball Lightning","Cold Snap"],"picked":"Hologram","floor":10},{"not_picked":["Conserve Battery","Sweeping Beam"],"picked":"White Noise","floor":11},{"not_picked":["Self Repair","Hyperbeam"],"picked":"Storm","floor":13},{"not_picked":["Leap","Scrape"],"picked":"Turbo","floor":14}],"player_experience":92759,"relics_obtained":[{"floor":7,"key":"Pocketwatch"},{"floor":9,"key":"Centennial Puzzle"},{"floor":11,"key":"Girya"}],"event_choices":[{"cards_removed":["Defend_B"],"damage_healed":0,"gold_gain":0,"player_choice":"Card Removal","damage_taken":0,"max_hp_gain":0,"max_hp_loss":0,"event_name":"The Cleric","floor":2,"gold_loss":50},{"damage_healed":0,"gold_gain":0,"player_choice":"Take Damage","damage_taken":18,"relics_obtained":["Golden Idol"],"max_hp_gain":0,"max_hp_loss":0,"event_name":"Golden Idol","floor":4,"gold_loss":0},{"cards_removed":["Strike_B"],"damage_healed":0,"gold_gain":0,"player_choice":"Forget","damage_taken":0,"max_hp_gain":0,"max_hp_loss":0,"event_name":"Living Wall","floor":5,"gold_loss":0}],"is_beta":false,"boss_relics":[],"items_purged_floors":[],"is_endless":false,"potions_floor_spawned":[10,14],"killed_by":"The Guardian","ascension_level":0}