{"gold_per_floor":[116,136,149,149,149,149,183,1,54,81,81,101,119,139,139,211,211,229,199,175,188,188],"floor_reached":22,"playtime":838,"items_purged":[],"score":376,"play_id":"a682282e-0f7d-4b5d-92ea-94b1f5b8bb3b","local_time":"20190516113002","is_ascension_mode":true,"campfire_choices":[{"data":"Flex","floor":6.0,"key":"SMITH"},{"data":"Apotheosis","floor":11.0,"key":"SMITH"},{"data":"True Grit","floor":15.0,"key":"SMITH"}],"neow_cost":"NONE","seed_source_timestamp":2080403070137642,"circlet_count":0,"master_deck":["AscendersBane","Strike_R","Strike_R","Strike_R","Strike_R","Defend_R","Defend_R","Defend_R","Defend_R","Bash","Whirlwind","Flex+1","Pommel Strike","True Grit+1","Shrug It Off","Apotheosis+1","Spot Weakness","Barricade"],"special_seed":0,"relics":["Burning Blood","NeowsBlessing","Boot","Regal Pillow","Tiny Chest","Potion Belt","Philosopher\u0027s Stone"],"potions_floor_usage":[22],"damage_taken":[{"damage":0.0,"enemies":"Cultist","floor":1.0,"turns":1.0},{"damage":0.0,"enemies":"2 Louse","floor":2.0,"turns":1.0},{"damage":0.0,"enemies":"Small Slimes","floor":3.0,"turns":1.0},{"damage":55.0,"enemies":"Lagavulin","floor":7.0,"turns":9.0},{"damage":8.0,"enemies":"Looter","floor":12.0,"turns":3.0},{"damage":1.0,"enemies":"Red Slaver","floor":13.0,"turns":4.0},{"damage":0.0,"enemies":"Lots of Slimes","floor":14.0,"turns":1.0},{"damage":29.0,"enemies":"Hexaghost","floor":16.0,"turns":9.0},{"damage":5.0,"enemies":"Spheric Guardian","floor":18.0,"turns":8.0},{"damage":30.0,"enemies":"2 Thieves","floor":20.0,"turns":4.0},{"damage":30.0,"enemies":"Snake Plant","floor":21.0,"turns":5.0},{"damage":13,"enemies":"3 Cultists","floor":22,"turns":4}],"seed_played":"8260425285361305522","potions_obtained":[{"floor":3.0,"key":"LiquidBronze"},{"floor":7.0,"key":"Weak Potion"},{"floor":12.0,"key":"SkillPotion"},{"floor":13.0,"key":"Energy Potion"},{"floor":18.0,"key":"Poison Potion"},{"floor":19.0,"key":"PowerPotion"},{"floor":19.0,"key":"Fruit Juice"}],"is_trial":false,"path_per_floor":["M","M","M","?","?","R","E","$","T","T","R","M","M","M","R","B",null,"M","?","M","M","M"],"character_chosen":"IRONCLAD","items_purchased":["Apotheosis"],"campfire_rested":0,"item_purchase_floors":[8],"current_hp_per_floor":[74,75,75,70,70,70,21,21,21,21,21,19,24,30,30,7,58,59,64,40,16,3],"gold":188,"neow_bonus":"THREE_ENEMY_KILL","is_prod":false,"is_daily":false,"chose_seed":false,"campfire_upgraded":3,"win_rate":0,"timestamp":1557977402,"path_taken":["M","M","?","?","?","R","E","$","T","?","R","M","?","M","R","BOSS","M","?","M","M","M"],"build_version":"2019-01-23","purchased_purges":0,"victory":false,"max_hp_per_floor":[75,75,75,75,75,75,75,75,75,75,75,75,75,75,75,75,75,75,80,80,80,80],"card_choices":[{"not_picked":["Headbutt","Bloodletting"],"picked":"Whirlwind","floor":1.0},{"not_picked":["Headbutt","Shrug It Off"],"picked":"Flex","floor":2.0},{"not_picked":["Corruption","Ghostly Armor"],"picked":"Pommel Strike","floor":3.0},{"not_picked":["Searing Blow","Clothesline"],"picked":"Shrug It Off","floor":7.0},{"not_picked":["Clash","Rupture","Wild Strike"],"picked":"SKIP","floor":12.0},{"not_picked":["Thunderclap","Pommel Strike"],"picked":"Spot Weakness","floor":13.0},{"not_picked":["Spot Weakness","Headbutt","Thunderclap"],"picked":"SKIP","floor":14.0},{"not_picked":["Demon Form","Brutality"],"picked":"Barricade","floor":16.0},{"not_picked":["Anger","True Grit","Heavy Blade"],"picked":"SKIP","floor":18.0},{"not_picked":["Blood for Blood","True Grit","Headbutt"],"picked":"SKIP","floor":20.0},{"not_picked":["Rupture","Heavy Blade","Twin Strike"],"picked":"SKIP","floor":21.0}],"player_experience":839480,"relics_obtained":[{"floor":7.0,"key":"Regal Pillow"},{"floor":9.0,"key":"Tiny Chest"},{"floor":10.0,"key":"Potion Belt"}],"event_choices":[{"damage_healed":0.0,"max_hp_gain":0.0,"max_hp_loss":0.0,"gold_gain":0.0,"event_name":"Scrap Ooze","player_choice":"Success","floor":4.0,"gold_loss":0.0,"damage_taken":5.0,"relics_obtained":["Boot"]},{"damage_healed":0.0,"max_hp_gain":0.0,"max_hp_loss":0.0,"gold_gain":0.0,"cards_transformed":["Strike_R"],"event_name":"Living Wall","player_choice":"Change","floor":5.0,"gold_loss":0.0,"damage_taken":0.0,"cards_obtained":["True Grit"]},{"damage_healed":0.0,"max_hp_gain":0.0,"max_hp_loss":0.0,"gold_gain":0.0,"event_name":"The Woman in Blue","player_choice":"Bought 2 Potions","floor":19.0,"gold_loss":0.0,"damage_taken":0.0}],"is_beta":false,"boss_relics":[{"not_picked":["Busted Crown","Black Star"],"picked":"Philosopher\u0027s Stone"}],"items_purged_floors":[],"is_endless":false,"potions_floor_spawned":[3,7,12,13,18],"killed_by":"3 Cultists","ascension_level":20}