{"gold_per_floor":[160,160,179,104,35,35,50,50,50,68,91,109,124,44,44,44],"floor_reached":16,"playtime":468,"items_purged":["Defend_R"],"score":92,"play_id":"aabd76a7-f362-45aa-8864-51cfb7d4307a","local_time":"20190520161245","is_ascension_mode":false,"campfire_choices":[{"data":"Searing Blow","floor":6,"key":"SMITH"},{"data":"Searing Blow+1","floor":8,"key":"SMITH"},{"data":"Searing Blow+2","floor":15,"key":"SMITH"}],"neow_cost":"NONE","seed_source_timestamp":320220455698334,"circlet_count":0,"master_deck":["Strike_R","Strike_R","Strike_R","Strike_R","Defend_R","Defend_R","Defend_R+1","Bash","Shrug It Off","Searing Blow+3","Dual Wield"],"relics":["Tiny House","Sundial","Odd Mushroom"],"potions_floor_usage":[16,16],"damage_taken":[{"damage":10,"enemies":"Small Slimes","floor":1,"turns":4},{"damage":6,"enemies":"Cultist","floor":3,"turns":3},{"damage":0,"enemies":"2 Louse","floor":7,"turns":2},{"damage":0,"enemies":"2 Fungi Beasts","floor":10,"turns":3},{"damage":33,"enemies":"The Mushroom Lair","floor":11,"turns":5},{"damage":19,"enemies":"Lots of Slimes","floor":12,"turns":5},{"damage":2,"enemies":"3 Louse","floor":13,"turns":3},{"damage":13,"enemies":"Hexaghost","floor":16,"turns":7}],"seed_played":"-4583516808550202073","potions_obtained":[{"floor":0,"key":"Fire Potion"},{"floor":1,"key":"Fire Potion"},{"floor":11,"key":"Fire Potion"},{"floor":13,"key":"GamblersBrew"}],"is_trial":false,"path_per_floor":["M","?","M","$","$","R","M","R","T","M","?","M","M","$","R","B"],"character_chosen":"IRONCLAD","items_purchased":["Searing Blow","Dual Wield"],"campfire_rested":0,"item_purchase_floors":[5,14],"current_hp_per_floor":[75,75,69,69,69,69,69,69,69,69,36,17,15,15,15,2],"gold":44,"neow_bonus":"BOSS_RELIC","is_prod":false,"is_daily":false,"chose_seed":false,"campfire_upgraded":3,"win_rate":0,"timestamp":1558339965,"path_taken":["M","?","?","?","$","R","M","R","T","M","?","M","M","$","R","BOSS"],"build_version":"2019-01-23","purchased_purges":1,"victory":false,"max_hp_per_floor":[85,85,85,85,85,85,85,85,85,85,85,85,85,85,85,85],"card_choices":[{"not_picked":["Rampage","Iron Wave"],"picked":"Shrug It Off","floor":0},{"not_picked":["Blood for Blood","Havoc","Iron Wave"],"picked":"SKIP","floor":1},{"not_picked":["Sword Boomerang","True Grit","Bloodletting"],"picked":"SKIP","floor":3},{"not_picked":["Evolve","Perfected Strike","Thunderclap"],"picked":"SKIP","floor":7},{"not_picked":["Shrug It Off","Fiend Fire","Clash"],"picked":"SKIP","floor":10},{"not_picked":["Intimidate","Sword Boomerang","Clash"],"picked":"SKIP","floor":12},{"not_picked":["Hemokinesis","Wild Strike","True Grit"],"picked":"SKIP","floor":13}],"player_experience":898705,"relics_obtained":[{"floor":9,"key":"Sundial"},{"floor":11,"key":"Odd Mushroom"}],"event_choices":[{"cards_removed":["Strike_R"],"damage_healed":0,"gold_gain":0,"player_choice":"Card Removal","damage_taken":0,"max_hp_gain":0,"max_hp_loss":0,"event_name":"Wheel of Change","floor":2,"gold_loss":0},{"damage_healed":0,"gold_gain":0,"player_choice":"Fought Mushrooms","damage_taken":0,"max_hp_gain":0,"max_hp_loss":0,"event_name":"Mushrooms","floor":11,"gold_loss":0}],"is_beta":false,"boss_relics":[],"items_purged_floors":[4],"is_endless":false,"potions_floor_spawned":[1,11,13],"killed_by":"Hexaghost","ascension_level":0}