{"gold_per_floor":[109,121,121,121,139,139,41,41,41,41,74,74,5,17,17,119,119,135,85,100,62,62,74,74,87,165,165,165,198,198,211,211,311,311,328,328,328,339,339,339,372,391,414,426,438,450,481,593,605,617],"floor_reached":50,"playtime":2390,"items_purged":[],"score":685,"play_id":"a5f2f087-85ed-4c2b-8366-f8163b651eee","local_time":"20190130122222","is_ascension_mode":true,"campfire_choices":[{"data":"Zap","floor":6.0,"key":"SMITH"},{"data":"Hologram","floor":10.0,"key":"SMITH"},{"floor":15.0,"key":"REST"},{"floor":24.0,"key":"REST"},{"floor":28.0,"key":"REST"},{"floor":32.0,"key":"REST"},{"floor":40.0,"key":"REST"},{"floor":44.0,"key":"REST"},{"floor":49,"key":"REST"}],"neow_cost":"NONE","seed_source_timestamp":101972613123809,"circlet_count":0,"master_deck":["Zap+1","Dualcast","Sweeping Beam","Cold Snap","Chill","Defragment+1","Hologram+1","Loop+1","Capacitor+1","Redo","Electrodynamics+1","Rebound","White Noise","Go for the Eyes","Meteor Strike","Amplify","Recycle","Stack","Go for the Eyes+1","Heatsinks+1","Writhe","FTL","Melter+1","Undo","Double Energy","All For One+1","Conserve Battery","Madness","Mind Blast+1","Leap+1","Panacea","Heatsinks+1","Leap","BootSequence+1","Regret","Writhe","Barrage+1","Self Repair+1"],"special_seed":0,"relics":["Cracked Core","NeowsBlessing","Frozen Egg 2","Vajra","Cables","Calipers","Pandora\u0027s Box","Darkstone Periapt","Molten Egg 2","Ornamental Fan","Cursed Key","Boot","MawBank","Bird Faced Urn"],"potions_floor_usage":[45,47,50],"damage_taken":[{"damage":0.0,"enemies":"Small Slimes","floor":1.0,"turns":1.0},{"damage":0.0,"enemies":"Cultist","floor":2.0,"turns":1.0},{"damage":0.0,"enemies":"2 Louse","floor":5.0,"turns":1.0},{"damage":13.0,"enemies":"Lagavulin","floor":11.0,"turns":5.0},{"damage":1.0,"enemies":"Looter","floor":14.0,"turns":2.0},{"damage":9.0,"enemies":"Slime Boss","floor":16.0,"turns":8.0},{"damage":11.0,"enemies":"Spheric Guardian","floor":18.0,"turns":3.0},{"damage":10.0,"enemies":"3 Byrds","floor":20.0,"turns":5.0},{"damage":38.0,"enemies":"Snake Plant","floor":23.0,"turns":3.0},{"damage":20.0,"enemies":"Shelled Parasite and Fungi","floor":25.0,"turns":5.0},{"damage":34.0,"enemies":"Slavers","floor":29.0,"turns":3.0},{"damage":9.0,"enemies":"Snecko","floor":31.0,"turns":5.0},{"damage":11.0,"enemies":"Automaton","floor":33.0,"turns":6.0},{"damage":16.0,"enemies":"Orb Walker","floor":35.0,"turns":4.0},{"damage":11.0,"enemies":"3 Shapes","floor":38.0,"turns":4.0},{"damage":37.0,"enemies":"Nemesis","floor":41.0,"turns":6.0},{"damage":6.0,"enemies":"Sphere and 2 Shapes","floor":42.0,"turns":4.0},{"damage":0,"enemies":"Maw","floor":45,"turns":1},{"damage":9,"enemies":"Transient","floor":47,"turns":5},{"damage":22,"enemies":"Mind Bloom Boss Battle","floor":48,"turns":9},{"damage":75,"enemies":"Time Eater","floor":50,"turns":4}],"seed_played":"-7314817238857227744","potions_obtained":[{"floor":1.0,"key":"Strength Potion"},{"floor":14.0,"key":"Strength Potion"},{"floor":16.0,"key":"Swift Potion"},{"floor":29.0,"key":"Ancient Potion"},{"floor":31.0,"key":"SteroidPotion"},{"floor":33.0,"key":"SmokeBomb"},{"floor":38.0,"key":"Energy Potion"},{"floor":48,"key":"Poison Potion"}],"is_trial":false,"path_per_floor":["M","M","?","?","M","R","$","?","T","R","E","?","$","M","R","B",null,"M","?","M","$","?","M","R","M","T","?","R","E","?","M","R","B",null,"M","?","?","M","?","R","E","M","T","R","M","?","M","?","R","B"],"character_chosen":"DEFECT","items_purchased":["Defragment+1","Hologram","Capacitor+1","Heatsinks+1"],"campfire_rested":7,"item_purchase_floors":[7,7,13,21],"current_hp_per_floor":[75,75,72,72,72,72,72,65,65,65,52,52,52,51,73,64,72,61,61,51,51,57,19,43,23,23,23,47,13,13,4,28,17,65,49,44,44,33,33,57,20,14,20,46,46,74,65,43,70,0],"gold":617,"neow_bonus":"THREE_ENEMY_KILL","is_prod":false,"is_daily":false,"chose_seed":false,"campfire_upgraded":2,"win_rate":0,"timestamp":1548811342,"path_taken":["M","M","?","?","?","R","$","?","T","R","E","?","?","M","R","BOSS","M","?","?","$","?","M","R","M","T","?","R","E","?","M","R","BOSS","M","?","?","M","?","R","E","M","T","R","?","?","M","?","R","BOSS"],"build_version":"2019-01-23","purchased_purges":0,"victory":false,"max_hp_per_floor":[75,75,75,75,75,75,75,75,75,75,75,75,75,75,75,75,75,75,75,75,75,81,81,81,81,81,81,81,81,81,81,81,81,81,81,81,81,81,81,81,81,81,87,87,87,93,93,93,93,93],"card_choices":[{"not_picked":["Chaos","Beam Cell"],"picked":"Sweeping Beam","floor":1.0},{"not_picked":["Redo","Gash"],"picked":"Cold Snap","floor":2.0},{"not_picked":["Stack","Chaos"],"picked":"Chill","floor":5.0},{"not_picked":["Chaos","Ball Lightning"],"picked":"Loop+1","floor":11.0},{"not_picked":["Chill","Hologram"],"picked":"Redo","floor":14.0},{"not_picked":["Amplify","Reboot"],"picked":"Electrodynamics+1","floor":16.0},{"not_picked":["Genetic Algorithm","Rebound"],"picked":"Stack","floor":18.0},{"not_picked":["Static Discharge+1","Stack"],"picked":"Go for the Eyes+1","floor":20.0},{"not_picked":["Gash","Consume"],"picked":"FTL","floor":23.0},{"not_picked":["Redo","Streamline"],"picked":"Melter+1","floor":25.0},{"not_picked":["Tempest","Thunder Strike+1"],"picked":"Undo","floor":29.0},{"not_picked":["Steam","Capacitor+1"],"picked":"Double Energy","floor":31.0},{"not_picked":["Core Surge+1","Multi-Cast"],"picked":"All For One+1","floor":33.0},{"not_picked":["Hello World+1","Compile Driver+1"],"picked":"Conserve Battery","floor":35.0},{"not_picked":["Finesse","Bandage Up"],"picked":"Madness","floor":36.0},{"not_picked":["Finesse","Deep Breath"],"picked":"Mind Blast+1","floor":36.0},{"not_picked":["Beam Cell+1","Recycle"],"picked":"Leap+1","floor":38.0},{"not_picked":["Ball Lightning+1","Beam Cell+1"],"picked":"Leap","floor":41.0},{"not_picked":["Go for the Eyes+1","Barrage+1"],"picked":"BootSequence+1","floor":42.0},{"not_picked":["Rebound+1","Hyperbeam+1"],"picked":"Barrage+1","floor":47},{"not_picked":["Steam+1","Go for the Eyes+1"],"picked":"Self Repair+1","floor":48}],"player_experience":579578,"relics_obtained":[{"floor":9.0,"key":"Cables"},{"floor":11.0,"key":"Calipers"},{"floor":26.0,"key":"Molten Egg 2"},{"floor":29.0,"key":"Ornamental Fan"},{"floor":41.0,"key":"Boot"},{"floor":43.0,"key":"MawBank"},{"floor":48,"key":"Bird Faced Urn"}],"event_choices":[{"damage_healed":0.0,"max_hp_gain":0.0,"max_hp_loss":0.0,"gold_gain":0.0,"event_name":"Scrap Ooze","player_choice":"Success","floor":3.0,"gold_loss":0.0,"damage_taken":3.0,"relics_obtained":["Frozen Egg 2"]},{"damage_healed":0.0,"max_hp_gain":0.0,"max_hp_loss":0.0,"gold_gain":0.0,"event_name":"WeMeetAgain","player_choice":"Gave Potion","floor":4.0,"gold_loss":0.0,"damage_taken":0.0,"relics_obtained":["Vajra"]},{"cards_removed":["Strike_B"],"damage_healed":0.0,"max_hp_gain":0.0,"max_hp_loss":0.0,"gold_gain":0.0,"event_name":"Golden Wing","player_choice":"Card Removal","floor":8.0,"gold_loss":0.0,"damage_taken":7.0},{"damage_healed":0.0,"max_hp_gain":0.0,"max_hp_loss":0.0,"gold_gain":0.0,"event_name":"Shining Light","player_choice":"Ignored","floor":12.0,"gold_loss":0.0,"damage_taken":0.0},{"damage_healed":0.0,"max_hp_gain":0.0,"max_hp_loss":0.0,"gold_gain":0.0,"event_name":"The Joust","player_choice":"Bet on Murderer","floor":19.0,"gold_loss":50.0,"damage_taken":0.0},{"damage_healed":0.0,"max_hp_gain":0.0,"max_hp_loss":0.0,"gold_gain":0.0,"event_name":"The Mausoleum","player_choice":"Opened","floor":22.0,"gold_loss":0.0,"damage_taken":0.0,"relics_obtained":["Darkstone Periapt"],"cards_obtained":["Writhe"]},{"damage_healed":0.0,"max_hp_gain":0.0,"max_hp_loss":0.0,"gold_gain":0.0,"event_name":"Vampires","player_choice":"Ignored","floor":27.0,"gold_loss":0.0,"damage_taken":0.0},{"damage_healed":0.0,"max_hp_gain":0.0,"max_hp_loss":0.0,"gold_gain":0.0,"event_name":"Fountain of Cleansing","player_choice":"Ignored","floor":30.0,"gold_loss":0.0,"damage_taken":0.0},{"damage_healed":0.0,"max_hp_gain":0.0,"max_hp_loss":0.0,"gold_gain":0.0,"event_name":"SensoryStone","player_choice":"Memory 2","floor":36.0,"gold_loss":0.0,"damage_taken":5.0},{"cards_removed":["Double Energy"],"damage_healed":0.0,"max_hp_gain":0.0,"max_hp_loss":0.0,"gold_gain":0.0,"event_name":"Falling","player_choice":"Removed Skill","floor":37.0,"gold_loss":0.0,"damage_taken":0.0},{"damage_healed":0.0,"max_hp_gain":0.0,"max_hp_loss":0.0,"gold_gain":0.0,"event_name":"Match and Keep!","player_choice":"2 cards matched","floor":39.0,"gold_loss":0.0,"damage_taken":0.0,"cards_obtained":["Panacea","Heatsinks"]},{"damage_healed":22,"gold_gain":0,"player_choice":"Writhe","damage_taken":0,"max_hp_gain":0,"max_hp_loss":0,"event_name":"Winding Halls","floor":46,"gold_loss":0,"cards_obtained":["Writhe"]},{"damage_healed":0,"gold_gain":0,"player_choice":"Fight","damage_taken":0,"max_hp_gain":0,"max_hp_loss":0,"event_name":"MindBloom","floor":48,"gold_loss":0}],"is_beta":false,"boss_relics":[{"not_picked":["Velvet Choker","FrozenCore"],"picked":"Pandora\u0027s Box"},{"not_picked":["Runic Dome","Fusion Hammer"],"picked":"Cursed Key"}],"items_purged_floors":[],"is_endless":false,"potions_floor_spawned":[1,14,16,29,31,33,38,48],"killed_by":"Time Eater","ascension_level":5}