{"gold_per_floor":[142,162,11,28,28,28,42,42,90,108,33,33,44,56,56,135,135,155,233,244,260,274,274,274,274,274,290,301,301,301,301,301,378,378,396,231,247,247],"floor_reached":38,"playtime":1390,"items_purged":["Strike_B"],"score":798,"play_id":"22fa065a-dca6-453c-adc2-48fc5a2af867","local_time":"20190527160154","is_ascension_mode":true,"campfire_choices":[{"data":"Biased Cognition","floor":6.0,"key":"SMITH"},{"data":"Creative AI","floor":8.0,"key":"SMITH"},{"data":"Reinforced Body","floor":15.0,"key":"SMITH"},{"data":"Recycle","floor":23.0,"key":"SMITH"},{"floor":25.0,"key":"RECALL"},{"data":"Loop","floor":29.0,"key":"SMITH"},{"data":"Biased Cognition","floor":32,"key":"SMITH"}],"neow_cost":"NONE","seed_source_timestamp":535985390457222,"circlet_count":0,"master_deck":["AscendersBane","Strike_B","Defend_B","Defend_B","Defend_B","Defend_B","Zap","Dualcast+1","Cold Snap","Biased Cognition+1","Reinforced Body+1","Creative AI+1","Chill","Electrodynamics","Hologram+1","Recycle+1","Glacier","Rainbow","Biased Cognition+1","Loop+1","Fission","Coolheaded","Heatsinks"],"special_seed":0,"relics":["Cracked Core","Tiny Chest","Lantern","Coffee Dripper","Question Card","Regal Pillow","White Beast Statue"],"potions_floor_usage":[30,31,31,38,38],"damage_taken":[{"damage":1.0,"enemies":"Cultist","floor":1.0,"turns":3.0},{"damage":5.0,"enemies":"Small Slimes","floor":2.0,"turns":3.0},{"damage":1.0,"enemies":"Jaw Worm","floor":4.0,"turns":2.0},{"damage":9.0,"enemies":"Lots of Slimes","floor":7.0,"turns":5.0},{"damage":9.0,"enemies":"Red Slaver","floor":10.0,"turns":4.0},{"damage":11.0,"enemies":"Looter","floor":13.0,"turns":3.0},{"damage":0.0,"enemies":"Exordium Thugs","floor":14.0,"turns":3.0},{"damage":6.0,"enemies":"Hexaghost","floor":16.0,"turns":13.0},{"damage":0.0,"enemies":"Chosen","floor":18.0,"turns":5.0},{"damage":21.0,"enemies":"Spheric Guardian","floor":20.0,"turns":6.0},{"damage":0.0,"enemies":"3 Cultists","floor":21.0,"turns":3.0},{"damage":0.0,"enemies":"Centurion and Healer","floor":22.0,"turns":6.0},{"damage":2.0,"enemies":"Snake Plant","floor":27.0,"turns":5.0},{"damage":8.0,"enemies":"Cultist and Chosen","floor":28.0,"turns":7.0},{"damage":0,"enemies":"Shelled Parasite and Fungi","floor":30,"turns":1},{"damage":0,"enemies":"Snake Plant","floor":31,"turns":1},{"damage":17,"enemies":"Champ","floor":33,"turns":11},{"damage":33,"enemies":"3 Darklings","floor":35,"turns":4},{"damage":0,"enemies":"3 Shapes","floor":37,"turns":3},{"damage":79,"enemies":"Transient","floor":38,"turns":4}],"seed_played":"-7929194895327342132","potions_obtained":[{"floor":1.0,"key":"Fruit Juice"},{"floor":7.0,"key":"Explosive Potion"},{"floor":10.0,"key":"Regen Potion"},{"floor":14.0,"key":"Energy Potion"},{"floor":16.0,"key":"EssenceOfSteel"},{"floor":20.0,"key":"SmokeBomb"},{"floor":21.0,"key":"EntropicBrew"},{"floor":35,"key":"Ancient Potion"}],"is_trial":false,"path_per_floor":["M","M","$","M","T","R","M","R","T","M","?","?","M","M","R","B",null,"M","T","M","M","M","R","?","R","T","M","M","R","M","M","R","B",null,"M","$","M","M"],"character_chosen":"DEFECT","items_purchased":["Biased Cognition","Heatsinks"],"campfire_rested":0,"item_purchase_floors":[3,36],"current_hp_per_floor":[68,63,63,62,62,62,53,53,53,44,44,44,33,33,33,42,68,68,68,47,47,47,47,47,47,47,45,37,37,37,37,37,20,62,29,29,29,0],"gold":247,"neow_bonus":"RANDOM_COMMON_RELIC","is_prod":false,"is_daily":false,"chose_seed":false,"campfire_upgraded":6,"win_rate":0,"timestamp":1558944114,"path_taken":["M","M","$","M","?","R","M","R","T","?","?","?","M","?","R","BOSS","M","?","M","?","M","R","?","R","T","M","M","R","M","M","R","BOSS","M","$","M","M"],"build_version":"2019-01-23","purchased_purges":1,"victory":false,"max_hp_per_floor":[76,76,76,76,76,76,76,76,76,76,76,76,76,76,76,76,76,76,76,76,76,76,76,76,76,76,76,76,76,76,76,76,76,76,76,76,76,76],"card_choices":[{"not_picked":["Double Energy","Blizzard"],"picked":"Cold Snap","floor":1.0},{"not_picked":["Hologram","Stack","Gash"],"picked":"SKIP","floor":2.0},{"not_picked":["Cold Snap","Redo"],"picked":"Reinforced Body","floor":4.0},{"not_picked":["Leap","Gash"],"picked":"Creative AI","floor":7.0},{"not_picked":["Redo","Gash","Leap"],"picked":"SKIP","floor":10.0},{"not_picked":["Gash","Go for the Eyes"],"picked":"Cold Snap","floor":13.0},{"not_picked":["Cold Snap","Stack"],"picked":"Chill","floor":14.0},{"not_picked":["Meteor Strike","Core Surge"],"picked":"Electrodynamics","floor":16.0},{"not_picked":["Rebound+1","Darkness"],"picked":"Hologram+1","floor":18.0},{"not_picked":["Rebound+1","Hologram","Cold Snap"],"picked":"Recycle","floor":20.0},{"not_picked":["Barrage","Conserve Battery+1","Blizzard","Sweeping Beam"],"picked":"SKIP","floor":21.0},{"not_picked":["Scrape","Hologram","Rebound"],"picked":"Glacier","floor":22.0},{"not_picked":["Fusion","Compile Driver","Steam Power","Leap"],"picked":"SKIP","floor":27.0},{"not_picked":["Streamline+1","Ball Lightning+1","Redo+1"],"picked":"Loop","floor":28.0},{"not_picked":["Meteor Strike","Biased Cognition","Multi-Cast"],"picked":"Fission","floor":33},{"not_picked":["Chaos","Hello World+1","Barrage"],"picked":"Coolheaded","floor":35},{"not_picked":["Redo","Hologram","Rebound+1","Darkness"],"picked":"SKIP","floor":37}],"player_experience":955088,"relics_obtained":[{"floor":9.0,"key":"Lantern"},{"floor":19.0,"key":"Question Card"},{"floor":26.0,"key":"Regal Pillow"}],"event_choices":[{"cards_removed":["Strike_B"],"damage_healed":0.0,"max_hp_gain":0.0,"max_hp_loss":0.0,"gold_gain":0.0,"event_name":"The Cleric","player_choice":"Card Removal","floor":11.0,"gold_loss":75.0,"damage_taken":0.0},{"damage_healed":0.0,"max_hp_gain":0.0,"max_hp_loss":0.0,"gold_gain":0.0,"event_name":"Upgrade Shrine","player_choice":"Upgraded","floor":12.0,"gold_loss":0.0,"damage_taken":0.0,"cards_upgraded":["Dualcast"]},{"damage_healed":0.0,"max_hp_gain":0.0,"max_hp_loss":0.0,"gold_gain":0.0,"cards_transformed":["Strike_B","Cold Snap"],"event_name":"Drug Dealer","player_choice":"Became Test Subject","floor":24.0,"gold_loss":0.0,"damage_taken":0.0,"cards_obtained":["Rainbow","Biased Cognition"]}],"is_beta":false,"boss_relics":[{"not_picked":["Nuclear Battery","Tiny House"],"picked":"Coffee Dripper"},{"not_picked":["Philosopher\u0027s Stone","Sozu"],"picked":"White Beast Statue"}],"items_purged_floors":[36],"is_endless":false,"potions_floor_spawned":[1,7,10,14,16,20,21,22,27,31,35,37],"killed_by":"Transient","ascension_level":20}