{"gold_per_floor":[116,133,133,113,90,90,129,153,224,147,147,72,97,121,121,246,246,262,282,282,282,306,3,41,41,65,65,65,65,26,40,40,40],"floor_reached":33,"playtime":1451,"items_purged":["Strike_R"],"score":331,"play_id":"72dcbe1a-d796-4cef-a1f7-403743ca734a","local_time":"20190115141804","is_ascension_mode":true,"campfire_choices":[{"floor":6,"key":"REST"},{"floor":15,"key":"REST"},{"floor":25,"key":"REST"},{"data":"Armaments","floor":27,"key":"SMITH"},{"floor":32,"key":"REST"}],"neow_cost":"TEN_PERCENT_HP_LOSS","seed_source_timestamp":678540939290276,"circlet_count":0,"master_deck":["Strike_R","Strike_R","Defend_R","Defend_R","Defend_R","Defend_R","Bash","Brutality","Searing Blow","Headbutt","Heavy Blade","Armaments+1","Shrug It Off","Anger","Corruption","Inflame","Shrug It Off","Double Tap","Thunderclap","Armaments","Inflame","Flame Barrier","True Grit","Rampage","Clothesline","Necronomicurse","Burning Pact","Double Tap","Inflame","Clothesline"],"relics":["Burning Blood","Golden Idol","PreservedInsect","Gremlin Horn","Orrery","Necronomicon","Membership Card","Meat on the Bone","Ancient Tea Set","Paper Frog"],"potions_floor_usage":[7,7,13,16,16,16,16,18,19,19,22,24,24],"damage_taken":[{"damage":5,"enemies":"2 Louse","floor":1,"turns":4},{"damage":9,"enemies":"Jaw Worm","floor":2,"turns":3},{"damage":38,"enemies":"Gremlin Nob","floor":7,"turns":5},{"damage":0,"enemies":"Cultist","floor":8,"turns":3},{"damage":11,"enemies":"Blue Slaver","floor":13,"turns":4},{"damage":25,"enemies":"Exordium Thugs","floor":14,"turns":6},{"damage":27,"enemies":"Slime Boss","floor":16,"turns":5},{"damage":37,"enemies":"2 Thieves","floor":18,"turns":4},{"damage":18,"enemies":"Spheric Guardian","floor":19,"turns":5},{"damage":24,"enemies":"Snake Plant","floor":22,"turns":2},{"damage":0,"enemies":"Gremlin Leader","floor":24,"turns":4},{"damage":4,"enemies":"Centurion and Healer","floor":31,"turns":4},{"damage":75,"enemies":"Automaton","floor":33,"turns":6}],"seed_played":"5766951582647515913","potions_obtained":[{"floor":2,"key":"Swift Potion"},{"floor":4,"key":"SpeedPotion"},{"floor":11,"key":"EntropicBrew"},{"floor":11,"key":"SkillPotion"},{"floor":11,"key":"GamblersBrew"},{"floor":14,"key":"Swift Potion"},{"floor":16,"key":"Strength Potion"},{"floor":19,"key":"Fire Potion"},{"floor":22,"key":"Energy Potion"}],"is_trial":false,"path_per_floor":["M","M","?","?","$","R","E","M","T","$","?","$","M","M","R","B",null,"M","M","?","?","M","$","E","R","T","R","?","T","$","M","R","B"],"character_chosen":"IRONCLAD","items_purchased":["Armaments","Corruption","Membership Card","BloodPotion","Double Tap","Inflame"],"campfire_rested":4,"item_purchase_floors":[5,10,23,23,23,30],"current_hp_per_floor":[72,69,51,51,51,72,40,46,46,46,46,46,41,22,43,22,72,41,29,13,37,19,19,32,53,53,53,53,53,53,55,72,0],"gold":40,"neow_bonus":"TRANSFORM_TWO_CARDS","is_prod":false,"is_daily":false,"chose_seed":false,"campfire_upgraded":1,"win_rate":0,"timestamp":1547522284,"path_taken":["M","M","?","?","$","R","E","?","T","$","?","?","?","M","R","BOSS","M","M","?","?","M","$","E","R","T","R","?","?","?","M","R","BOSS"],"build_version":"2019-01-10","purchased_purges":1,"victory":false,"max_hp_per_floor":[72,72,72,72,72,72,72,72,72,72,72,72,72,72,72,72,72,72,72,72,72,72,72,72,72,72,72,72,72,72,72,72,72],"card_choices":[{"not_picked":["Sword Boomerang","Burning Pact"],"picked":"Headbutt","floor":1},{"not_picked":["Sword Boomerang","Reckless Charge"],"picked":"Heavy Blade","floor":2},{"not_picked":["Twin Strike","Bloodletting"],"picked":"Shrug It Off","floor":7},{"not_picked":["Wild Strike","Heavy Blade"],"picked":"Anger","floor":8},{"not_picked":["Clash","Searing Blow"],"picked":"Inflame","floor":13},{"not_picked":["Pummel","Cleave"],"picked":"Shrug It Off","floor":14},{"not_picked":["Reaper","Exhume"],"picked":"Double Tap","floor":16},{"not_picked":["Corruption","Perfected Strike"],"picked":"Thunderclap","floor":17},{"not_picked":["Cleave","Ghostly Armor"],"picked":"Armaments","floor":17},{"not_picked":["Rage","Iron Wave"],"picked":"Inflame","floor":17},{"not_picked":["Blood for Blood","Combust"],"picked":"Flame Barrier","floor":17},{"not_picked":["Evolve","Disarm"],"picked":"True Grit","floor":17},{"not_picked":["Warcry","Thunderclap+1"],"picked":"Rampage","floor":18},{"not_picked":["Armaments","Sever Soul"],"picked":"Clothesline","floor":19},{"not_picked":["Wild Strike","Second Wind"],"picked":"Burning Pact","floor":22},{"not_picked":["Perfected Strike","Pummel","Anger"],"picked":"SKIP","floor":24},{"not_picked":["Berserk","Dual Wield"],"picked":"Clothesline","floor":31}],"player_experience":439817,"relics_obtained":[{"floor":7,"key":"PreservedInsect"},{"floor":9,"key":"Gremlin Horn"},{"floor":20,"key":"Necronomicon"},{"floor":24,"key":"Meat on the Bone"},{"floor":26,"key":"Ancient Tea Set"},{"floor":29,"key":"Paper Frog"}],"event_choices":[{"damage_healed":0,"gold_gain":0,"player_choice":"Take Damage","damage_taken":18,"relics_obtained":["Golden Idol"],"max_hp_gain":0,"max_hp_loss":0,"event_name":"Golden Idol","floor":3,"gold_loss":0},{"damage_healed":0,"gold_gain":0,"player_choice":"Bought 1 Potion","damage_taken":0,"max_hp_gain":0,"max_hp_loss":0,"event_name":"The Woman in Blue","floor":4,"gold_loss":0},{"damage_healed":0,"gold_gain":0,"player_choice":"Got Potions","damage_taken":0,"max_hp_gain":0,"max_hp_loss":0,"event_name":"Lab","floor":11,"gold_loss":0},{"damage_healed":0,"gold_gain":0,"player_choice":"Obtained Book","damage_taken":16,"max_hp_gain":0,"max_hp_loss":0,"event_name":"Cursed Tome","floor":20,"gold_loss":0},{"damage_healed":24,"gold_gain":0,"player_choice":"Heal","damage_taken":0,"max_hp_gain":0,"max_hp_loss":0,"event_name":"The Library","floor":21,"gold_loss":0},{"damage_healed":0,"gold_gain":0,"player_choice":"Ignored","damage_taken":0,"max_hp_gain":0,"max_hp_loss":0,"event_name":"Ghosts","floor":28,"gold_loss":0}],"is_beta":false,"boss_relics":[{"not_picked":["Calling Bell","Velvet Choker"],"picked":"Orrery"}],"items_purged_floors":[12],"is_endless":false,"potions_floor_spawned":[2,14,16,19,22],"killed_by":"Automaton","ascension_level":3}