{"gold_per_floor":[113,113,128,128,38,68,88,88,160,177,196,6,40,54,54,132,132,107,107,18,18,34,34,34],"floor_reached":24,"playtime":1475,"items_purged":[],"score":439,"play_id":"6a21a266-d39d-44a8-9dbe-5c9d1ad3595e","local_time":"20190312143033","is_ascension_mode":true,"campfire_choices":[{"data":"Feel No Pain","floor":8.0,"key":"SMITH"},{"floor":15,"key":"REST"},{"floor":23,"key":"REST"}],"neow_cost":"NONE","seed_source_timestamp":0,"circlet_count":0,"master_deck":["AscendersBane","Strike_R","Strike_R","Strike_R","Strike_R","Strike_R","Defend_R","Defend_R","Defend_R","Defend_R","Bash+1","Shrug It Off","Seeing Red","Feel No Pain+1","Anger","Ghostly Armor","Cleave","Body Slam","Limit Break","Entrench","Demon Form","Clothesline+1","Feel No Pain","Feel No Pain"],"special_seed":0,"relics":["Burning Blood","NeowsBlessing","Omamori","Paper Frog","Tiny Chest","Self Forming Clay","Lizard Tail","Pantograph"],"potions_floor_usage":[16,18],"damage_taken":[{"damage":0.0,"enemies":"Small Slimes","floor":1.0,"turns":1.0},{"damage":0.0,"enemies":"Jaw Worm","floor":3.0,"turns":1.0},{"damage":0.0,"enemies":"Gremlin Nob","floor":6.0,"turns":1.0},{"damage":1.0,"enemies":"Cultist","floor":7.0,"turns":3.0},{"damage":11.0,"enemies":"2 Fungi Beasts","floor":10.0,"turns":3.0},{"damage":39.0,"enemies":"Exordium Thugs","floor":11.0,"turns":7.0},{"damage":7.0,"enemies":"3 Sentries","floor":13.0,"turns":11.0},{"damage":5,"enemies":"Exordium Wildlife","floor":14,"turns":3},{"damage":28,"enemies":"The Guardian","floor":16,"turns":16},{"damage":18,"enemies":"2 Thieves","floor":18,"turns":4},{"damage":60,"enemies":"Spheric Guardian","floor":22,"turns":9},{"damage":76,"enemies":"Cultist and Chosen","floor":24,"turns":4}],"seed_played":"1410983003823168325","potions_obtained":[{"floor":1.0,"key":"Regen Potion"},{"floor":6.0,"key":"Strength Potion"},{"floor":13,"key":"Ancient Potion"},{"floor":16,"key":"Fire Potion"},{"floor":22,"key":"Fire Potion"}],"is_trial":false,"path_per_floor":["M","?","M","?","$","E","M","R","T","M","M","$","E","M","R","B",null,"M","?","$","?","M","R","M"],"character_chosen":"IRONCLAD","items_purchased":["Feel No Pain","Tiny Chest","PowerPotion","Feel No Pain"],"campfire_rested":2,"item_purchase_floors":[5,12,12,20],"current_hp_per_floor":[74,74,75,75,75,75,75,75,75,70,52,52,51,52,74,52,69,57,57,57,57,43,65,0],"gold":34,"neow_bonus":"THREE_ENEMY_KILL","is_prod":false,"is_daily":false,"chose_seed":false,"campfire_upgraded":1,"win_rate":0,"timestamp":1552361433,"path_taken":["M","?","M","?","$","E","M","R","T","?","M","$","E","M","R","BOSS","M","?","$","?","M","R","?"],"build_version":"2019-01-23","purchased_purges":0,"victory":false,"max_hp_per_floor":[75,75,75,75,75,75,75,75,75,75,75,75,75,75,75,75,75,75,75,75,75,75,75,75],"card_choices":[{"not_picked":["Sentinel","Iron Wave"],"picked":"Shrug It Off","floor":1.0},{"not_picked":["Burning Pact","Second Wind"],"picked":"Seeing Red","floor":3.0},{"not_picked":["Seeing Red","Wild Strike"],"picked":"Anger","floor":6.0},{"not_picked":["Second Wind","Perfected Strike"],"picked":"Ghostly Armor","floor":7.0},{"not_picked":["Dropkick","Sword Boomerang"],"picked":"Cleave","floor":10.0},{"not_picked":["Reckless Charge","Evolve"],"picked":"Body Slam","floor":11.0},{"not_picked":["Sentinel","Reckless Charge"],"picked":"Limit Break","floor":13},{"not_picked":["Fire Breathing","Bloodletting"],"picked":"Entrench","floor":14},{"not_picked":["Double Tap","Impervious"],"picked":"Demon Form","floor":16},{"not_picked":["Dropkick","Wild Strike+1"],"picked":"Clothesline+1","floor":18},{"not_picked":["Twin Strike","Perfected Strike+1"],"picked":"Feel No Pain","floor":22}],"player_experience":830314,"relics_obtained":[{"floor":6.0,"key":"Omamori"},{"floor":9.0,"key":"Paper Frog"},{"floor":13,"key":"Self Forming Clay"}],"event_choices":[{"damage_healed":0.0,"max_hp_gain":0.0,"max_hp_loss":0.0,"gold_gain":0.0,"event_name":"Shining Light","player_choice":"Ignored","floor":2.0,"gold_loss":0.0,"damage_taken":0.0},{"damage_healed":0.0,"max_hp_gain":0.0,"max_hp_loss":0.0,"gold_gain":0.0,"event_name":"Upgrade Shrine","player_choice":"Upgraded","floor":4.0,"gold_loss":0.0,"damage_taken":0.0,"cards_upgraded":["Bash"]},{"damage_healed":0,"gold_gain":0,"player_choice":"Ignored","damage_taken":0,"max_hp_gain":0,"max_hp_loss":0,"event_name":"Ghosts","floor":19,"gold_loss":0},{"damage_healed":0,"gold_gain":0,"player_choice":"Stole Relic","damage_taken":0,"relics_obtained":["Pantograph"],"max_hp_gain":0,"max_hp_loss":0,"event_name":"Addict","floor":21,"gold_loss":0,"cards_obtained":["Shame"]}],"is_beta":false,"boss_relics":[{"not_picked":["White Beast Statue","Empty Cage"],"picked":"Lizard Tail"}],"items_purged_floors":[],"is_endless":false,"potions_floor_spawned":[1,6,7,13,16,22],"killed_by":"Cultist and Chosen","ascension_level":18}