{"gold_per_floor":[112,112,26,26,2,2,30,30,107,126,126,156,166,200,200,296,296,316,316,393,393,404,6,22,35,35,35,35,47,47,76,76,177,177,196,196,1195,1195,1205,1205,1233,315,315,369,9,9,19,53,53,53],"floor_reached":51,"playtime":3692,"items_purged":["Defend_B","Defend_B"],"score":1422,"play_id":"e149989a-7534-4301-8cf7-445c3d78cc40","local_time":"20190806034638","is_ascension_mode":true,"campfire_choices":[{"data":"Doom and Gloom","floor":6.0,"key":"SMITH"},{"data":"Chaos","floor":8.0,"key":"SMITH"},{"floor":11.0,"key":"REST"},{"data":"Capacitor","floor":15.0,"key":"SMITH"},{"data":"Zap","floor":27,"key":"SMITH"},{"data":"Dualcast","floor":30,"key":"SMITH"},{"data":"Leap","floor":32,"key":"SMITH"},{"floor":40,"key":"REST"},{"floor":46,"key":"REST"},{"data":"Rainbow","floor":49,"key":"SMITH"}],"neow_cost":"NONE","seed_source_timestamp":0,"circlet_count":0,"master_deck":["Defend_B","Zap+1","Dualcast+1","Rainbow","Doom and Gloom+1","Capacitor+1","Leap+1","Steam","Chaos+1","White Noise","Self Repair+1","Rainbow+1","White Noise+1","Genetic Algorithm","Rebound","Glacier+1","Chaos+1","Capacitor+1","Glacier+1","Conserve Battery+1","Conserve Battery+1","Electrodynamics+1","Steam+1","Finesse+1","Forethought+1","White Noise+1","Steam+1","Genetic Algorithm+1","Conserve Battery+1","Steam+1","Core Surge","Chaos+1","Double Energy+1","Magnetism+1","Hologram+1","Loop+1"],"special_seed":0,"relics":["Cracked Core","Letter Opener","Pear","Happy Flower","Frozen Egg 2","Runic Pyramid","Bottled Flame","Omamori","Toxic Egg 2","DataDisk","Pantograph","Empty Cage","Du-Vu Doll","Bag of Preparation","Strawberry","DollysMirror","Mercury Hourglass","Turnip","Pen Nib"],"potions_floor_usage":[24,24,44,44,50],"damage_taken":[{"damage":16.0,"enemies":"Small Slimes","floor":1.0,"turns":3.0},{"damage":24.0,"enemies":"Gremlin Nob","floor":7.0,"turns":4.0},{"damage":0.0,"enemies":"Jaw Worm","floor":10.0,"turns":5.0},{"damage":13.0,"enemies":"Lagavulin","floor":12.0,"turns":7.0},{"damage":2.0,"enemies":"2 Louse","floor":13.0,"turns":2.0},{"damage":10.0,"enemies":"3 Sentries","floor":14.0,"turns":4.0},{"damage":39.0,"enemies":"Slime Boss","floor":16.0,"turns":10.0},{"damage":35.0,"enemies":"3 Byrds","floor":18.0,"turns":3.0},{"damage":15,"enemies":"Shell Parasite","floor":22,"turns":6},{"damage":6,"enemies":"Snecko","floor":24,"turns":7},{"damage":4,"enemies":"3 Cultists","floor":25,"turns":5},{"damage":3,"enemies":"Cultist and Chosen","floor":29,"turns":5},{"damage":28,"enemies":"Slavers","floor":31,"turns":6},{"damage":15,"enemies":"Champ","floor":33,"turns":12},{"damage":19,"enemies":"3 Darklings","floor":35,"turns":4},{"damage":16,"enemies":"Orb Walker","floor":39,"turns":6},{"damage":24,"enemies":"Reptomancer","floor":41,"turns":5},{"damage":37,"enemies":"2 Orb Walkers","floor":44,"turns":4},{"damage":1,"enemies":"Transient","floor":47,"turns":5},{"damage":0,"enemies":"Nemesis","floor":48,"turns":7},{"damage":38,"enemies":"Time Eater","floor":50,"turns":10}],"seed_played":"8205523633264715478","potions_obtained":[{"floor":10.0,"key":"GamblersBrew"},{"floor":14.0,"key":"Regen Potion"},{"floor":16.0,"key":"Ancient Potion"},{"floor":22,"key":"Weak Potion"},{"floor":29,"key":"FearPotion"},{"floor":31,"key":"AttackPotion"},{"floor":39,"key":"Regen Potion"}],"is_trial":false,"path_per_floor":["M","?","$","?","$","R","E","R","T","M","R","E","M","E","R","B",null,"M","?","T","?","M","$","M","M","T","R","?","M","R","E","R","B",null,"M","?","?","?","M","R","E","$","T","?","$","R","M","E","R","B",null],"character_chosen":"DEFECT","items_purchased":["Capacitor","Leap","Steam","Toxic Egg 2","Chaos+1","Capacitor+1","Bag of Preparation","Strawberry","DollysMirror","Conserve Battery+1","Steam+1","Core Surge","Regen Potion","SpeedPotion","Double Energy+1","Magnetism+1","Hologram+1"],"campfire_rested":3,"item_purchase_floors":[3,3,5,23,23,23,42,42,42,42,42,42,42,42,45,45,45],"current_hp_per_floor":[52,52,52,57,57,57,33,33,43,43,70,57,55,45,45,16,72,47,47,47,47,42,42,61,67,67,67,67,74,74,56,56,76,87,78,68,68,68,62,89,75,82,82,54,54,83,92,97,97,74],"gold":53,"neow_bonus":"ONE_RANDOM_RARE_CARD","is_prod":false,"is_daily":false,"chose_seed":false,"campfire_upgraded":7,"win_rate":0,"timestamp":1565084798,"path_taken":["M","?","$","?","?","R","E","R","T","M","R","E","?","E","R","BOSS","M","?","?","?","M","$","M","M","T","R","?","M","R","E","R","BOSS","M","?","?","?","M","R","E","$","T","?","?","R","M","E","R","BOSS"],"build_version":"2019-07-18","purchased_purges":2,"victory":true,"max_hp_per_floor":[75,75,75,80,80,80,80,80,90,90,90,90,90,90,90,90,90,90,90,90,90,90,90,90,90,90,90,90,90,90,90,90,90,90,90,90,90,90,90,90,90,97,97,97,97,97,97,97,97,97],"card_choices":[{"not_picked":["Turbo","Leap"],"picked":"Doom and Gloom","floor":1.0},{"not_picked":["Go for the Eyes","Steam Power"],"picked":"Chaos","floor":7.0},{"not_picked":["Steam","Static Discharge"],"picked":"White Noise","floor":10.0},{"not_picked":["Static Discharge","Blizzard","All For One"],"picked":"SKIP","floor":12.0},{"not_picked":["Hologram","Coolheaded","Rebound"],"picked":"SKIP","floor":13.0},{"not_picked":["Compile Driver","Barrage"],"picked":"Self Repair","floor":14.0},{"not_picked":["Amplify","All For One"],"picked":"Rainbow","floor":16.0},{"not_picked":["Coolheaded","Lockon"],"picked":"White Noise+1","floor":18.0},{"not_picked":["Rebound","Steam+1"],"picked":"Glacier+1","floor":22},{"not_picked":["Turbo+1","Rebound+1"],"picked":"Glacier+1","floor":24},{"not_picked":["Hologram+1","Redo+1"],"picked":"Conserve Battery+1","floor":25},{"not_picked":["Compile Driver","Steam+1"],"picked":"Conserve Battery+1","floor":29},{"not_picked":["Lockon","FTL","Doom and Gloom"],"picked":"SKIP","floor":31},{"not_picked":["Machine Learning+1","Fission+1"],"picked":"Electrodynamics+1","floor":33},{"not_picked":["Turbo+1","Rebound"],"picked":"Steam+1","floor":35},{"not_picked":["Secret Technique+1","Swift Strike"],"picked":"Finesse+1","floor":36},{"not_picked":["Trip+1","Apotheosis+1"],"picked":"Forethought+1","floor":36},{"not_picked":["Redo+1","Leap+1"],"picked":"White Noise+1","floor":39},{"not_picked":["Coolheaded+1","Self Repair+1"],"picked":"Steam+1","floor":41},{"not_picked":["Recycle+1","Double Energy+1"],"picked":"Chaos+1","floor":44},{"not_picked":["Barrage","Conserve Battery+1","Steam+1"],"picked":"SKIP","floor":47},{"not_picked":["Coolheaded+1","Compile Driver"],"picked":"Loop+1","floor":48}],"player_experience":190387,"relics_obtained":[{"floor":7.0,"key":"Letter Opener"},{"floor":9.0,"key":"Pear"},{"floor":12.0,"key":"Happy Flower"},{"floor":14.0,"key":"Frozen Egg 2"},{"floor":20.0,"key":"Bottled Flame"},{"floor":26,"key":"DataDisk"},{"floor":31,"key":"Pantograph"},{"floor":41,"key":"Du-Vu Doll"},{"floor":43,"key":"Mercury Hourglass"},{"floor":44,"key":"Turnip"},{"floor":48,"key":"Pen Nib"}],"event_choices":[{"damage_healed":0.0,"max_hp_gain":0.0,"max_hp_loss":0.0,"gold_gain":0.0,"cards_transformed":["Strike_B"],"event_name":"Living Wall","player_choice":"Change","floor":2.0,"gold_loss":0.0,"damage_taken":0.0,"cards_obtained":["Rip and Tear"]},{"damage_healed":0.0,"max_hp_gain":5.0,"max_hp_loss":0.0,"gold_gain":0.0,"event_name":"Big Fish","player_choice":"Donut","floor":4.0,"gold_loss":0.0,"damage_taken":0.0},{"damage_healed":0.0,"max_hp_gain":0.0,"max_hp_loss":0.0,"gold_gain":0.0,"cards_transformed":["Strike_B","Strike_B"],"event_name":"Drug Dealer","player_choice":"Became Test Subject","floor":19.0,"gold_loss":0.0,"damage_taken":0.0,"cards_obtained":["Genetic Algorithm","Rebound"]},{"damage_healed":0.0,"max_hp_gain":0.0,"max_hp_loss":0.0,"gold_gain":0.0,"event_name":"The Mausoleum","player_choice":"Opened","floor":21.0,"gold_loss":0.0,"damage_taken":0.0,"relics_obtained":["Omamori"],"cards_obtained":["Writhe"]},{"cards_removed":["Strike_B"],"damage_healed":0,"gold_gain":0,"player_choice":"Elegance","damage_taken":0,"max_hp_gain":0,"max_hp_loss":0,"event_name":"Back to Basics","floor":28,"gold_loss":0},{"damage_healed":0,"gold_gain":0,"player_choice":"Memory 3","damage_taken":10,"max_hp_gain":0,"max_hp_loss":0,"event_name":"SensoryStone","floor":36,"gold_loss":0},{"damage_healed":0,"gold_gain":999,"player_choice":"Gold","damage_taken":0,"max_hp_gain":0,"max_hp_loss":0,"event_name":"MindBloom","floor":37,"gold_loss":0,"cards_obtained":["Normality","Normality"]},{"cards_removed":["Rip and Tear"],"damage_healed":0,"gold_gain":0,"player_choice":"Removed Attack","damage_taken":0,"max_hp_gain":0,"max_hp_loss":0,"event_name":"Falling","floor":38,"gold_loss":0},{"damage_healed":0,"gold_gain":0,"player_choice":"Fight","damage_taken":0,"max_hp_gain":0,"max_hp_loss":0,"event_name":"Mysterious Sphere","floor":44,"gold_loss":0}],"is_beta":true,"boss_relics":[{"not_picked":["Cursed Key","Velvet Choker"],"picked":"Runic Pyramid"},{"not_picked":["Snecko Eye","Philosopher\u0027s Stone"],"picked":"Empty Cage"}],"items_purged_floors":[42,45],"is_endless":false,"potions_floor_spawned":[10,14,16,22,29,31,33,39,41],"ascension_level":9}