{"gold_per_floor":[111,111,33,48,65,90,106,106],"floor_reached":8,"playtime":395,"items_purged":[],"score":73,"play_id":"e6166701-b286-4010-bf0d-f28301107a07","local_time":"20190714211911","is_ascension_mode":true,"campfire_choices":[],"neow_cost":"NONE","seed_source_timestamp":0,"circlet_count":0,"master_deck":["Strike_B","Strike_B","Strike_B","Defend_B","Defend_B","Defend_B","Defend_B","Zap","Dualcast","Turbo","Blizzard","Self Repair","Rebound","Streamline","Defragment","Beam Cell"],"special_seed":0,"relics":["Black Star","StoneCalendar","Dream Catcher"],"potions_floor_usage":[],"damage_taken":[{"damage":12.0,"enemies":"Jaw Worm","floor":1.0,"turns":3.0},{"damage":1.0,"enemies":"Cultist","floor":4.0,"turns":4.0},{"damage":7.0,"enemies":"Small Slimes","floor":5.0,"turns":4.0},{"damage":36.0,"enemies":"Gremlin Nob","floor":6.0,"turns":4.0},{"damage":8.0,"enemies":"Red Slaver","floor":7.0,"turns":4.0},{"damage":37,"enemies":"Lagavulin","floor":8,"turns":5}],"seed_played":"7753758232072993080","potions_obtained":[{"floor":6.0,"key":"Fire Potion"},{"floor":7.0,"key":"Energy Potion"}],"is_trial":false,"path_per_floor":["M","?","$","M","M","E","M","E"],"character_chosen":"DEFECT","items_purchased":["Self Repair"],"campfire_rested":0,"item_purchase_floors":[3],"current_hp_per_floor":[63,63,63,69,69,40,32,0],"gold":106,"neow_bonus":"BOSS_RELIC","is_prod":false,"is_daily":false,"chose_seed":false,"campfire_upgraded":0,"win_rate":0,"timestamp":1563153551,"path_taken":["M","?","?","M","?","E","M","E"],"build_version":"2019-07-05","purchased_purges":0,"victory":false,"max_hp_per_floor":[75,75,75,75,75,75,75,75],"card_choices":[{"not_picked":["Beam Cell","Aggregate"],"picked":"Turbo","floor":1.0},{"not_picked":["Blizzard","Storm"],"picked":"Rebound","floor":4.0},{"not_picked":["BootSequence","Redo"],"picked":"Streamline","floor":5.0},{"not_picked":["Go for the Eyes","Sweeping Beam"],"picked":"Defragment","floor":6.0},{"not_picked":["Turbo","Heatsinks"],"picked":"Beam Cell","floor":7.0}],"player_experience":383030,"relics_obtained":[{"floor":6.0,"key":"StoneCalendar"},{"floor":6.0,"key":"Dream Catcher"}],"event_choices":[{"damage_healed":0.0,"max_hp_gain":0.0,"max_hp_loss":0.0,"gold_gain":0.0,"cards_transformed":["Strike_B"],"event_name":"Transmorgrifier","player_choice":"Transformed","floor":2.0,"gold_loss":0.0,"damage_taken":0.0,"cards_obtained":["Blizzard"]}],"is_beta":false,"boss_relics":[],"items_purged_floors":[],"is_endless":false,"potions_floor_spawned":[6,7],"killed_by":"Lagavulin","ascension_level":5}