{"gold_per_floor":[113,113,113,140,152,152,166,166,216,291,291,322,322,332,332,403,403,403],"floor_reached":18,"playtime":540,"items_purged":[],"score":366,"play_id":"e297a4f9-34df-413a-bf3e-871398789a53","local_time":"20190712124316","is_ascension_mode":true,"campfire_choices":[{"data":"Deadly Poison","floor":6.0,"key":"SMITH"},{"data":"Neutralize","floor":8.0,"key":"SMITH"},{"floor":11.0,"key":"REST"},{"data":"Footwork","floor":15,"key":"SMITH"}],"neow_cost":"NONE","seed_source_timestamp":86038860255328,"circlet_count":0,"master_deck":["AscendersBane","Strike_G","Strike_G","Defend_G+1","Defend_G+1","Defend_G","Defend_G","Defend_G","Survivor","Neutralize+1","Footwork+1","Deadly Poison+1","Escape Plan","PiercingWail"],"special_seed":0,"relics":["Black Star","Ancient Tea Set","Regal Pillow","Mummified Hand","Empty Cage"],"potions_floor_usage":[16],"damage_taken":[{"damage":5.0,"enemies":"Cultist","floor":1.0,"turns":6.0},{"damage":0.0,"enemies":"Small Slimes","floor":5.0,"turns":5.0},{"damage":0.0,"enemies":"Jaw Worm","floor":7.0,"turns":4.0},{"damage":0.0,"enemies":"Lagavulin","floor":12.0,"turns":9.0},{"damage":17,"enemies":"2 Fungi Beasts","floor":14,"turns":6},{"damage":19,"enemies":"The Guardian","floor":16,"turns":12},{"damage":13,"enemies":"Chosen","floor":18,"turns":11}],"seed_played":"2791238124652121462","potions_obtained":[{"floor":5.0,"key":"SkillPotion"}],"is_trial":false,"path_per_floor":["M","?","?","T","M","R","M","R","T","?","R","E","?","M","R","B",null,"M"],"character_chosen":"THE_SILENT","items_purchased":[],"campfire_rested":1,"item_purchase_floors":[],"current_hp_per_floor":[54,34,34,34,34,34,34,34,34,23,42,42,42,25,25,6,51,38],"gold":403,"neow_bonus":"BOSS_RELIC","is_prod":false,"is_daily":false,"chose_seed":false,"campfire_upgraded":3,"win_rate":0,"timestamp":1562906596,"path_taken":["M","?","?","?","M","R","M","R","T","?","R","E","?","M","R","BOSS","M"],"build_version":"2019-07-05","purchased_purges":0,"victory":false,"max_hp_per_floor":[66,66,66,66,66,66,66,66,66,66,66,66,66,66,66,66,66,66],"card_choices":[{"not_picked":["Cloak And Dagger","Flechettes"],"picked":"Footwork","floor":1.0},{"not_picked":["Deflect","Dodge and Roll"],"picked":"Deadly Poison","floor":5.0},{"not_picked":["Flying Knee","Dagger Throw"],"picked":"Escape Plan","floor":7.0},{"not_picked":["Deflect","Doppelganger","Underhanded Strike"],"picked":"SKIP","floor":12.0},{"not_picked":["Blur","Dagger Throw"],"picked":"PiercingWail","floor":14}],"player_experience":1108013,"relics_obtained":[{"floor":4.0,"key":"Ancient Tea Set"},{"floor":12.0,"key":"Regal Pillow"},{"floor":12.0,"key":"Mummified Hand"}],"event_choices":[{"damage_healed":0.0,"max_hp_gain":0.0,"max_hp_loss":0.0,"gold_gain":0.0,"event_name":"Shining Light","player_choice":"Entered Light","floor":2.0,"gold_loss":0.0,"damage_taken":20.0,"cards_upgraded":["Defend_G","Defend_G"]},{"cards_removed":["Strike_G"],"damage_healed":0.0,"max_hp_gain":0.0,"max_hp_loss":0.0,"gold_gain":0.0,"event_name":"Living Wall","player_choice":"Forget","floor":3.0,"gold_loss":0.0,"damage_taken":0.0},{"damage_healed":0.0,"max_hp_gain":0.0,"max_hp_loss":0.0,"gold_gain":75.0,"event_name":"World of Goop","player_choice":"Gather Gold","floor":10.0,"gold_loss":0.0,"damage_taken":11.0},{"damage_healed":0,"gold_gain":0,"player_choice":"Searched \u00270\u0027 times","damage_taken":0,"max_hp_gain":0,"max_hp_loss":0,"event_name":"Dead Adventurer","floor":13,"gold_loss":0}],"is_beta":false,"boss_relics":[{"not_picked":["Ectoplasm","Runic Dome"],"picked":"Empty Cage"}],"items_purged_floors":[],"is_endless":false,"potions_floor_spawned":[5],"killed_by":"Chosen","ascension_level":20}