{"gold_per_floor":[362,376,376,5,25,25,43,43,43,43,17,17,49,69,69,164,164,133,58,58,74,74,74,74],"floor_reached":24,"playtime":1082,"items_purged":[],"score":243,"play_id":"de6a4d81-4d35-40cf-ac9a-190a5b5869c6","local_time":"20190130113256","is_ascension_mode":true,"campfire_choices":[{"floor":6.0,"key":"REST"},{"floor":12.0,"key":"DIG"},{"floor":15.0,"key":"REST"},{"data":"Echo Form","floor":23.0,"key":"SMITH"}],"neow_cost":"PERCENT_DAMAGE","seed_source_timestamp":0,"circlet_count":0,"master_deck":["Strike_B","Strike_B","Defend_B","Defend_B","Defend_B","Defend_B","Zap","Dualcast","Coolheaded","Cold Snap","Self Repair","Defragment","Defragment","Go for the Eyes","Rebound","Chill","Echo Form+1","Consume","Stack+1"],"special_seed":0,"relics":["Cracked Core","Shovel","Emotion Chip","Question Card","Matryoshka","Darkstone Periapt","Black Star"],"potions_floor_usage":[],"damage_taken":[{"damage":1.0,"enemies":"Cultist","floor":1.0,"turns":3.0},{"damage":0.0,"enemies":"Jaw Worm","floor":2.0,"turns":5.0},{"damage":7.0,"enemies":"2 Louse","floor":5.0,"turns":2.0},{"damage":9.0,"enemies":"Large Slime","floor":7.0,"turns":8.0},{"damage":9.0,"enemies":"Gremlin Nob","floor":13.0,"turns":4.0},{"damage":15.0,"enemies":"Blue Slaver","floor":14.0,"turns":3.0},{"damage":23.0,"enemies":"Hexaghost","floor":16.0,"turns":11.0},{"damage":31.0,"enemies":"2 Thieves","floor":18.0,"turns":5.0},{"damage":34.0,"enemies":"Chosen","floor":21.0,"turns":9.0},{"damage":56,"enemies":"Slavers","floor":24,"turns":6}],"seed_played":"5362852901633464890","potions_obtained":[{"floor":2.0,"key":"LiquidBronze"},{"floor":5.0,"key":"Strength Potion"},{"floor":13.0,"key":"SpeedPotion"}],"is_trial":false,"path_per_floor":["M","M","?","$","M","R","M","?","T","?","$","R","E","M","R","B",null,"M","?","?","M","?","R","E"],"character_chosen":"DEFECT","items_purchased":["Emotion Chip","Self Repair","Go for the Eyes"],"campfire_rested":2,"item_purchase_floors":[4,4,11],"current_hp_per_floor":[53,53,46,46,46,68,66,66,66,59,59,59,57,49,71,55,70,46,46,71,51,51,51,0],"gold":74,"neow_bonus":"TWO_FIFTY_GOLD","is_prod":false,"is_daily":false,"chose_seed":false,"campfire_upgraded":1,"win_rate":0,"timestamp":1548808376,"path_taken":["M","M","?","$","M","R","M","?","T","?","$","R","E","M","R","BOSS","M","?","?","M","?","R","E"],"build_version":"2019-01-23","purchased_purges":0,"victory":false,"max_hp_per_floor":[75,75,75,75,75,75,75,75,75,75,75,75,75,75,75,75,75,75,75,75,75,75,75,75],"card_choices":[{"not_picked":["Rebound","Blizzard"],"picked":"Coolheaded","floor":1.0},{"not_picked":["Redo","Tempest"],"picked":"Cold Snap","floor":2.0},{"not_picked":["Ball Lightning","Barrage"],"picked":"Defragment","floor":5.0},{"not_picked":["Meteor Strike","Chill"],"picked":"Defragment","floor":7.0},{"not_picked":["Gash","Scrape","Lockon"],"picked":"Rebound","floor":13.0},{"not_picked":["Steam","Rip and Tear","Beam Cell"],"picked":"Chill","floor":14.0},{"not_picked":["Reboot","Amplify","Electrodynamics"],"picked":"Echo Form","floor":16.0},{"not_picked":["Beam Cell+1","Barrage","Stack"],"picked":"Consume","floor":18.0},{"not_picked":["Steam","Consume","Conserve Battery"],"picked":"Stack+1","floor":21.0}],"player_experience":578477,"relics_obtained":[{"floor":9.0,"key":"Question Card"},{"floor":12.0,"key":"Matryoshka"},{"floor":13.0,"key":"Darkstone Periapt"}],"event_choices":[{"damage_healed":0.0,"max_hp_gain":0.0,"max_hp_loss":0.0,"gold_gain":0.0,"event_name":"Scrap Ooze","player_choice":"Success","floor":3.0,"gold_loss":0.0,"damage_taken":7.0,"relics_obtained":["Shovel"]},{"damage_healed":0.0,"max_hp_gain":0.0,"max_hp_loss":0.0,"gold_gain":0.0,"event_name":"Shining Light","player_choice":"Ignored","floor":8.0,"gold_loss":0.0,"damage_taken":0.0},{"cards_removed":["Strike_B"],"damage_healed":0.0,"max_hp_gain":0.0,"max_hp_loss":0.0,"gold_gain":0.0,"event_name":"Golden Wing","player_choice":"Card Removal","floor":10.0,"gold_loss":0.0,"damage_taken":7.0},{"cards_removed":["Strike_B"],"damage_healed":0.0,"max_hp_gain":0.0,"max_hp_loss":0.0,"gold_gain":0.0,"event_name":"Beggar","player_choice":"Gave Gold","floor":19.0,"gold_loss":75.0,"damage_taken":0.0},{"damage_healed":25.0,"max_hp_gain":0.0,"max_hp_loss":0.0,"gold_gain":0.0,"event_name":"The Library","player_choice":"Heal","floor":20.0,"gold_loss":0.0,"damage_taken":0.0},{"damage_healed":0.0,"max_hp_gain":0.0,"max_hp_loss":0.0,"gold_gain":0.0,"event_name":"Vampires","player_choice":"Ignored","floor":22.0,"gold_loss":0.0,"damage_taken":0.0}],"is_beta":false,"boss_relics":[{"not_picked":["Fusion Hammer","Philosopher\u0027s Stone"],"picked":"Black Star"}],"items_purged_floors":[],"is_endless":false,"potions_floor_spawned":[2,5,13],"killed_by":"Slavers","ascension_level":5}