{"gold_per_floor":[116,128,78,78,3,36,36,68,91,91,10,25,25,44,44,144,144,164,74,89,101,101,101,1,14,60,60,60,73,106,21,21,123,123,142,194,208,208,208,235,36,36,36,36,136,136,169,25,25,25,25,25,3,34,34],"floor_reached":55,"playtime":7059,"items_purged":["Regret","Strike_R"],"score":886,"play_id":"76a91177-75ae-428e-b4d0-29bb9b54a73f","local_time":"20190804161650","is_ascension_mode":true,"campfire_choices":[{"floor":7.0,"key":"RECALL"},{"floor":10.0,"key":"REST"},{"data":"Armaments","floor":15.0,"key":"SMITH"},{"data":"Iron Wave","floor":23.0,"key":"SMITH"},{"data":"Ghostly Armor","floor":27.0,"key":"SMITH"},{"data":"Finesse","floor":32.0,"key":"SMITH"},{"floor":44.0,"key":"REST"},{"floor":49.0,"key":"REST"},{"floor":52,"key":"REST"}],"neow_cost":"NONE","seed_source_timestamp":0,"circlet_count":0,"master_deck":["Strike_R","Strike_R+1","Defend_R","Defend_R","Defend_R","Defend_R","Pommel Strike","Ghostly Armor+1","Pommel Strike+1","Armaments+1","Battle Trance","Body Slam+1","Pommel Strike+1","Reaper+1","Body Slam+1","Thunderclap+1","Iron Wave+1","Pommel Strike+1","Iron Wave+1","Offering","Finesse+1","Barricade","Shrug It Off+1","Madness","Madness","Iron Wave+1","Power Through+1","Shrug It Off","Flash of Steel+1","Shrug It Off","Headbutt+1","Warcry+1","Iron Wave+1","Pommel Strike+1"],"special_seed":0,"relics":["Burning Blood","Dream Catcher","Molten Egg 2","Kunai","Mark of Pain","Centennial Puzzle","Gremlin Horn","Bag of Marbles","Fusion Hammer","Bird Faced Urn","Juzu Bracelet","Bronze Scales","Darkstone Periapt","Charon\u0027s Ashes","PreservedInsect","Blood Vial"],"potions_floor_usage":[55],"damage_taken":[{"damage":5.0,"enemies":"2 Louse","floor":1.0,"turns":4.0},{"damage":3.0,"enemies":"Small Slimes","floor":2.0,"turns":3.0},{"damage":34.0,"enemies":"Gremlin Nob","floor":6.0,"turns":5.0},{"damage":44.0,"enemies":"Lagavulin","floor":8.0,"turns":12.0},{"damage":1.0,"enemies":"Jaw Worm","floor":12.0,"turns":3.0},{"damage":0.0,"enemies":"Looter","floor":14.0,"turns":3.0},{"damage":10.0,"enemies":"Slime Boss","floor":16.0,"turns":11.0},{"damage":2.0,"enemies":"3 Byrds","floor":18.0,"turns":7.0},{"damage":20.0,"enemies":"Shell Parasite","floor":20.0,"turns":6.0},{"damage":12.0,"enemies":"Shelled Parasite and Fungi","floor":21.0,"turns":6.0},{"damage":3.0,"enemies":"Snecko","floor":25.0,"turns":6.0},{"damage":1.0,"enemies":"Snake Plant","floor":29.0,"turns":3.0},{"damage":0.0,"enemies":"Gremlin Leader","floor":30.0,"turns":4.0},{"damage":38.0,"enemies":"Automaton","floor":33.0,"turns":7.0},{"damage":15.0,"enemies":"3 Shapes","floor":35.0,"turns":2.0},{"damage":15.0,"enemies":"2 Orb Walkers","floor":36.0,"turns":5.0},{"damage":10.0,"enemies":"Orb Walker","floor":37.0,"turns":3.0},{"damage":67.0,"enemies":"Reptomancer","floor":40.0,"turns":4.0},{"damage":6.0,"enemies":"Mind Bloom Boss Battle","floor":45.0,"turns":5.0},{"damage":5.0,"enemies":"Nemesis","floor":47.0,"turns":7.0},{"damage":21.0,"enemies":"Time Eater","floor":50.0,"turns":9.0},{"damage":6,"enemies":"Shield and Spear","floor":54,"turns":4},{"damage":116,"enemies":"The Heart","floor":55,"turns":5}],"seed_played":"-4786293697327656470","potions_obtained":[{"floor":1.0,"key":"Dexterity Potion"},{"floor":12.0,"key":"Ancient Potion"},{"floor":14.0,"key":"FearPotion"},{"floor":16.0,"key":"Swift Potion"},{"floor":21.0,"key":"Energy Potion"},{"floor":25.0,"key":"LiquidBronze"},{"floor":30.0,"key":"SteroidPotion"},{"floor":37.0,"key":"AttackPotion"},{"floor":45.0,"key":"PowerPotion"}],"is_trial":false,"path_per_floor":["M","M","?","?","$","E","R","E","T","R","$","M","$","M","R","B",null,"M","?","M","M","?","R","$","M","T","R","T","M","E","$","R","B",null,"M","?","M","?","?","E","$","?","T","R","?","?","E","$","R","B",null,"R","$","E","B"],"character_chosen":"IRONCLAD","items_purchased":["Battle Trance","Finesse","Bronze Scales","Iron Wave+1","Flash of Steel+1","Shrug It Off","Iron Wave+1"],"campfire_rested":4,"item_purchase_floors":[11,31,41,41,48,48,53],"current_hp_per_floor":[88,88,88,88,88,60,60,22,22,48,48,53,53,59,59,55,88,88,88,79,78,78,78,78,86,86,86,86,88,88,88,88,56,88,88,84,82,82,71,29,29,29,29,55,65,65,68,68,88,80,88,88,88,88,0],"gold":34,"neow_bonus":"TEN_PERCENT_HP_BONUS","is_prod":false,"is_daily":false,"chose_seed":false,"campfire_upgraded":4,"win_rate":0,"timestamp":1564928210,"path_taken":["M","M","?","?","$","E","R","E","T","R","$","M","?","M","R","BOSS","M","?","?","M","?","R","$","?","T","R","?","M","E","?","R","BOSS","M","?","M","?","?","E","$","?","T","R","?","?","E","?","R","BOSS","R","$","E","BOSS"],"build_version":"2019-07-17","purchased_purges":2,"victory":false,"max_hp_per_floor":[88,88,88,88,88,88,88,88,88,88,88,88,88,88,88,88,88,88,88,88,88,88,88,88,88,88,88,88,88,88,88,88,88,88,88,88,88,88,88,88,88,88,88,88,88,88,88,88,88,88,88,88,88,88,88],"card_choices":[{"not_picked":["Evolve","Sentinel","Searing Blow"],"picked":"SKIP","floor":1.0},{"not_picked":["Sentinel","Perfected Strike"],"picked":"Pommel Strike","floor":2.0},{"not_picked":["Intimidate","Limit Break"],"picked":"Ghostly Armor","floor":6.0},{"not_picked":["Havoc","Second Wind"],"picked":"Pommel Strike+1","floor":8.0},{"not_picked":["Clothesline+1","Whirlwind+1"],"picked":"Armaments","floor":10.0},{"not_picked":["Flex","True Grit"],"picked":"Body Slam+1","floor":12.0},{"not_picked":["Warcry","Dark Embrace"],"picked":"Pommel Strike+1","floor":14.0},{"not_picked":["Double Tap","Berserk"],"picked":"Reaper+1","floor":16.0},{"not_picked":["Armaments","Thunderclap+1"],"picked":"Body Slam+1","floor":18.0},{"not_picked":["Wild Strike+1","True Grit"],"picked":"Thunderclap+1","floor":20.0},{"not_picked":["Dropkick+1","Clash+1","Havoc"],"picked":"SKIP","floor":21.0},{"not_picked":["Hemokinesis+1","Fire Breathing+1"],"picked":"Pommel Strike+1","floor":25.0},{"not_picked":["Reckless Charge+1","Armaments"],"picked":"Iron Wave+1","floor":29.0},{"not_picked":["Pommel Strike+1","Cleave+1"],"picked":"Offering","floor":30.0},{"not_picked":["Bludgeon+1","Feed+1"],"picked":"Barricade","floor":33.0},{"not_picked":["Wild Strike+1","Sword Boomerang+1","Thunderclap+1"],"picked":"SKIP","floor":35.0},{"not_picked":["Clothesline+1","Perfected Strike+1"],"picked":"Shrug It Off+1","floor":37.0},{"not_picked":["Anger+1","Twin Strike+1","Burning Pact+1"],"picked":"SKIP","floor":40.0},{"not_picked":["Wild Strike+1","True Grit"],"picked":"Power Through+1","floor":44.0},{"not_picked":["Havoc","Feed+1"],"picked":"Shrug It Off","floor":47.0},{"not_picked":["Sword Boomerang+1","Twin Strike+1"],"picked":"Headbutt+1","floor":49.0},{"not_picked":["Blood for Blood+1","Clothesline+1"],"picked":"Warcry+1","floor":52},{"not_picked":["Bludgeon+1","Clothesline+1"],"picked":"Pommel Strike+1","floor":54}],"player_experience":136892,"relics_obtained":[{"floor":6.0,"key":"Molten Egg 2"},{"floor":8.0,"key":"Kunai"},{"floor":26.0,"key":"Centennial Puzzle"},{"floor":28.0,"key":"Gremlin Horn"},{"floor":30.0,"key":"Bag of Marbles"},{"floor":36.0,"key":"Bird Faced Urn"},{"floor":40.0,"key":"Juzu Bracelet"},{"floor":43.0,"key":"Darkstone Periapt"},{"floor":45.0,"key":"Charon\u0027s Ashes"},{"floor":47.0,"key":"PreservedInsect"},{"floor":54,"key":"Blood Vial"}],"event_choices":[{"cards_removed":["Strike_R"],"damage_healed":0.0,"max_hp_gain":0.0,"max_hp_loss":0.0,"gold_gain":0.0,"event_name":"The Cleric","player_choice":"Card Removal","floor":3.0,"gold_loss":50.0,"damage_taken":0.0},{"damage_healed":0.0,"max_hp_gain":0.0,"max_hp_loss":0.0,"gold_gain":0.0,"event_name":"Big Fish","player_choice":"Box","floor":4.0,"gold_loss":0.0,"damage_taken":0.0,"relics_obtained":["Dream Catcher"],"cards_obtained":["Regret"]},{"cards_removed":["Strike_R"],"damage_healed":0.0,"max_hp_gain":0.0,"max_hp_loss":0.0,"gold_gain":0.0,"event_name":"Designer","player_choice":"Upgrade and Remove","floor":19.0,"gold_loss":90.0,"damage_taken":0.0,"cards_upgraded":["Strike_R"]},{"cards_removed":["Bash"],"damage_healed":0.0,"max_hp_gain":0.0,"max_hp_loss":0.0,"gold_gain":0.0,"event_name":"NoteForYourself","player_choice":"Took Card","floor":22.0,"gold_loss":0.0,"damage_taken":0.0,"cards_obtained":["Iron Wave"]},{"damage_healed":0.0,"max_hp_gain":0.0,"max_hp_loss":0.0,"gold_gain":0.0,"event_name":"Mysterious Sphere","player_choice":"Fight","floor":36.0,"gold_loss":0.0,"damage_taken":0.0},{"damage_healed":0.0,"max_hp_gain":0.0,"max_hp_loss":0.0,"gold_gain":0.0,"event_name":"Tomb of Lord Red Mask","player_choice":"Ignored","floor":38.0,"gold_loss":0.0,"damage_taken":0.0},{"damage_healed":0.0,"max_hp_gain":0.0,"max_hp_loss":0.0,"gold_gain":0.0,"event_name":"Winding Halls","player_choice":"Embrace Madness","floor":39.0,"gold_loss":0.0,"damage_taken":11.0,"cards_obtained":["Madness","Madness"]},{"damage_healed":0.0,"max_hp_gain":0.0,"max_hp_loss":0.0,"gold_gain":0.0,"event_name":"The Moai Head","player_choice":"Ignored","floor":42.0,"gold_loss":0.0,"damage_taken":0.0},{"damage_healed":0.0,"max_hp_gain":0.0,"max_hp_loss":0.0,"gold_gain":0.0,"event_name":"MindBloom","player_choice":"Fight","floor":45.0,"gold_loss":0.0,"damage_taken":0.0},{"damage_healed":0.0,"max_hp_gain":0.0,"max_hp_loss":0.0,"gold_gain":0.0,"event_name":"Golden Shrine","player_choice":"Ignored","floor":46.0,"gold_loss":0.0,"damage_taken":0.0}],"is_beta":false,"boss_relics":[{"not_picked":["Coffee Dripper","Ectoplasm"],"picked":"Mark of Pain"},{"not_picked":["Runic Pyramid","Snecko Eye"],"picked":"Fusion Hammer"}],"items_purged_floors":[5,24],"is_endless":false,"potions_floor_spawned":[1,12,14,16,21,25,30,37,45],"killed_by":"The Heart","ascension_level":1}