{"gold_per_floor":[116,116,134,154,174,174,205,205,205,220,231,248,248,248,248,248],"floor_reached":16,"playtime":1753,"items_purged":[],"score":109,"play_id":"0204148f-dde1-4ba6-876a-762efada9a16","local_time":"20190311124004","is_ascension_mode":true,"campfire_choices":[{"floor":6,"key":"REST"},{"floor":8,"key":"REST"},{"floor":13,"key":"REST"},{"floor":15,"key":"REST"}],"neow_cost":"PERCENT_DAMAGE","seed_source_timestamp":393261643617700,"circlet_count":0,"master_deck":["Defend_G","Defend_G","Defend_G","Defend_G","Strike_G","Strike_G","Strike_G","Strike_G","Survivor","Neutralize","Caltrops","Endless Agony","Footwork","Infinite Blades","Heel Hook","Poisoned Stab"],"relics":["Ring of the Snake","Incense Burner","Anchor","Gremlin Horn"],"potions_floor_usage":[5,7],"damage_taken":[{"damage":5,"enemies":"Small Slimes","floor":1,"turns":6},{"damage":1,"enemies":"Cultist","floor":3,"turns":4},{"damage":0,"enemies":"2 Louse","floor":4,"turns":3},{"damage":0,"enemies":"Lots of Slimes","floor":5,"turns":4},{"damage":37,"enemies":"Gremlin Nob","floor":7,"turns":7},{"damage":9,"enemies":"3 Louse","floor":10,"turns":3},{"damage":1,"enemies":"Red Slaver","floor":11,"turns":4},{"damage":5,"enemies":"Lots of Slimes","floor":12,"turns":4},{"damage":72,"enemies":"The Guardian","floor":16,"turns":14}],"seed_played":"9151159039485763352","potions_obtained":[{"floor":3,"key":"Fire Potion"},{"floor":4,"key":"SkillPotion"},{"floor":7,"key":"SmokeBomb"}],"is_trial":false,"path_per_floor":["M","?","M","M","M","R","E","R","T","M","M","M","R","?","R","B"],"character_chosen":"THE_SILENT","items_purchased":[],"campfire_rested":4,"item_purchase_floors":[],"current_hp_per_floor":[44,44,43,43,43,64,27,48,48,39,38,33,54,54,70,0],"gold":248,"neow_bonus":"ONE_RARE_RELIC","is_prod":false,"is_daily":false,"chose_seed":false,"campfire_upgraded":0,"win_rate":0,"timestamp":1552333204,"path_taken":["M","?","M","?","M","R","E","R","T","?","M","M","R","?","R","BOSS"],"build_version":"2019-01-23","purchased_purges":0,"victory":false,"max_hp_per_floor":[70,70,70,70,70,70,70,70,70,70,70,70,70,70,70,70],"card_choices":[{"not_picked":["Deflect","Eviscerate"],"picked":"Caltrops","floor":1},{"not_picked":["Dagger Throw","Prepared"],"picked":"Endless Agony","floor":3},{"not_picked":["Cloak And Dagger","Prepared"],"picked":"Footwork","floor":4},{"not_picked":["Footwork","Blade Dance"],"picked":"Infinite Blades","floor":5},{"not_picked":["Setup","Dagger Spray"],"picked":"Heel Hook","floor":7},{"not_picked":["Slice","Riddle With Holes","Masterful Stab"],"picked":"SKIP","floor":10},{"not_picked":["Bane","Setup","Backflip"],"picked":"SKIP","floor":11},{"not_picked":["Deflect","Dash"],"picked":"Poisoned Stab","floor":12}],"player_experience":210323,"relics_obtained":[{"floor":7,"key":"Anchor"},{"floor":9,"key":"Gremlin Horn"}],"event_choices":[{"cards_removed":["Defend_G"],"damage_healed":0,"gold_gain":0,"player_choice":"Purged","damage_taken":0,"max_hp_gain":0,"max_hp_loss":0,"event_name":"Purifier","floor":2,"gold_loss":0},{"cards_removed":["Strike_G"],"damage_healed":0,"gold_gain":0,"player_choice":"Offered Basic","damage_taken":0,"max_hp_gain":0,"max_hp_loss":0,"event_name":"Bonfire Elementals","floor":14,"gold_loss":0}],"is_beta":false,"boss_relics":[],"items_purged_floors":[],"is_endless":false,"potions_floor_spawned":[3,4,7],"killed_by":"The Guardian","ascension_level":1}