{"gold_per_floor":[10,10,27,27,27,27,27,27,52,67,67,84,112,125,125,125],"floor_reached":16,"playtime":479,"items_purged":[],"score":200,"play_id":"6c3a9e69-01e7-4704-bbd9-9bd73f11e7ac","local_time":"20190624173636","is_ascension_mode":true,"campfire_choices":[{"data":"Rampage","floor":6,"key":"SMITH"},{"data":"Flame Barrier","floor":8,"key":"SMITH"},{"data":"Flex","floor":11,"key":"SMITH"},{"data":"True Grit","floor":15,"key":"SMITH"}],"neow_cost":"NO_GOLD","seed_source_timestamp":541112395826518,"circlet_count":0,"master_deck":["AscendersBane","Strike_R","Strike_R","Strike_R","Defend_R+1","Defend_R","Defend_R","Bash","Berserk+1","Flame Barrier+1","Rampage+1","Flex+1","Inflame","True Grit+1"],"special_seed":0,"relics":["Burning Blood","Centennial Puzzle","Potion Belt"],"potions_floor_usage":[16,16],"damage_taken":[{"damage":8.0,"enemies":"Jaw Worm","floor":1.0,"turns":6.0},{"damage":11.0,"enemies":"Small Slimes","floor":3.0,"turns":5.0},{"damage":8,"enemies":"2 Louse","floor":10,"turns":3},{"damage":1,"enemies":"Looter","floor":12,"turns":3},{"damage":44,"enemies":"3 Sentries","floor":13,"turns":12},{"damage":6,"enemies":"2 Fungi Beasts","floor":14,"turns":3},{"damage":30,"enemies":"Slime Boss","floor":16,"turns":5}],"seed_played":"-2133315367842328212","potions_obtained":[{"floor":3,"key":"Swift Potion"},{"floor":10,"key":"Poison Potion"}],"is_trial":false,"path_per_floor":["M","?","M","?","?","R","?","R","T","M","R","M","E","M","R","B"],"character_chosen":"IRONCLAD","items_purchased":[],"campfire_rested":0,"item_purchase_floors":[],"current_hp_per_floor":[66,43,38,38,63,63,63,63,63,61,61,66,28,28,28,0],"gold":125,"neow_bonus":"TRANSFORM_TWO_CARDS","is_prod":false,"is_daily":false,"chose_seed":false,"campfire_upgraded":4,"win_rate":0,"timestamp":1561368996,"path_taken":["M","?","M","?","?","R","?","R","T","M","R","M","E","M","R","BOSS"],"build_version":"2019-01-23","purchased_purges":0,"victory":false,"max_hp_per_floor":[75,75,75,75,75,75,75,75,75,75,75,75,75,75,75,75],"card_choices":[{"not_picked":["Iron Wave","Pummel","Rupture"],"picked":"SKIP","floor":1.0},{"not_picked":["Clash","Shrug It Off","Reckless Charge"],"picked":"SKIP","floor":3},{"not_picked":["Rage","Disarm"],"picked":"Flex","floor":10},{"not_picked":["Clothesline","Shrug It Off"],"picked":"Inflame","floor":12},{"not_picked":["Intimidate","Searing Blow"],"picked":"True Grit","floor":13},{"not_picked":["Iron Wave","Fire Breathing","Sever Soul"],"picked":"SKIP","floor":14}],"player_experience":1016494,"relics_obtained":[{"floor":9,"key":"Centennial Puzzle"},{"floor":13,"key":"Potion Belt"}],"event_choices":[{"damage_healed":0.0,"max_hp_gain":0.0,"max_hp_loss":0.0,"gold_gain":0.0,"event_name":"Shining Light","player_choice":"Entered Light","floor":2.0,"gold_loss":0.0,"damage_taken":23.0,"cards_upgraded":["Berserk","Defend_R"]},{"damage_healed":0,"gold_gain":0,"cards_transformed":["Defend_R"],"player_choice":"Change","damage_taken":0,"max_hp_gain":0,"max_hp_loss":0,"event_name":"Living Wall","floor":4,"gold_loss":0,"cards_obtained":["Rampage"]},{"damage_healed":25,"gold_gain":0,"player_choice":"Banana","damage_taken":0,"max_hp_gain":0,"max_hp_loss":0,"event_name":"Big Fish","floor":5,"gold_loss":0},{"damage_healed":0,"gold_gain":0,"player_choice":"Leave","damage_taken":0,"max_hp_gain":0,"max_hp_loss":0,"event_name":"The Cleric","floor":7,"gold_loss":0}],"is_beta":false,"boss_relics":[],"items_purged_floors":[],"is_endless":false,"potions_floor_spawned":[3,10],"killed_by":"Slime Boss","ascension_level":20}