{"gold_per_floor":[109,109,109,122,122,122,166,166,190,205,130,161,180,95,95,95],"floor_reached":16,"playtime":2628,"items_purged":[],"score":259,"play_id":"984c2471-a548-4ab5-8d69-af60c9a0ba98","local_time":"20190314220610","is_ascension_mode":true,"campfire_choices":[{"data":"Cleave","floor":6,"key":"SMITH"},{"floor":15,"key":"REST"}],"neow_cost":"NONE","seed_source_timestamp":411731919219972,"circlet_count":0,"master_deck":["AscendersBane","Strike_R","Strike_R","Strike_R","Strike_R","Defend_R","Defend_R","Defend_R","Defend_R","Bash","Iron Wave","Cleave+1","Sentinel","Body Slam","Heavy Blade","True Grit","Feel No Pain"],"relics":["Burning Blood","NeowsBlessing","Golden Idol","GremlinMask","Juzu Bracelet","Bag of Preparation","Nunchaku"],"potions_floor_usage":[12,13,16],"damage_taken":[{"damage":0,"enemies":"Small Slimes","floor":1,"turns":1},{"damage":0,"enemies":"2 Louse","floor":4,"turns":1},{"damage":0,"enemies":"3 Sentries","floor":7,"turns":2},{"damage":1,"enemies":"Cultist","floor":10,"turns":3},{"damage":27,"enemies":"Gremlin Nob","floor":12,"turns":4},{"damage":17,"enemies":"Large Slime","floor":13,"turns":5},{"damage":63,"enemies":"Slime Boss","floor":16,"turns":9}],"seed_played":"3444411215579212639","potions_obtained":[{"floor":7,"key":"FearPotion"},{"floor":10,"key":"AttackPotion"},{"floor":13,"key":"Fire Potion"}],"is_trial":false,"path_per_floor":["M","?","?","M","?","R","E","$","T","M","?","E","M","$","R","B"],"character_chosen":"IRONCLAD","items_purchased":["Feel No Pain"],"campfire_rested":1,"item_purchase_floors":[14],"current_hp_per_floor":[74,48,48,54,59,59,65,65,65,70,70,49,38,38,62,0],"gold":95,"neow_bonus":"THREE_ENEMY_KILL","is_prod":false,"is_daily":false,"chose_seed":false,"campfire_upgraded":1,"win_rate":0,"timestamp":1552561570,"path_taken":["M","?","?","?","?","R","E","$","T","M","?","E","M","?","R","BOSS"],"build_version":"2019-01-23","purchased_purges":0,"victory":false,"max_hp_per_floor":[75,75,75,75,80,80,80,80,80,80,80,80,80,80,80,80],"card_choices":[{"not_picked":["Warcry","Blood for Blood"],"picked":"Iron Wave","floor":1},{"not_picked":["Clothesline","Carnage"],"picked":"Cleave","floor":4},{"not_picked":["Twin Strike","Headbutt"],"picked":"Sentinel","floor":7},{"not_picked":["Iron Wave","Wild Strike"],"picked":"Body Slam","floor":10},{"not_picked":["Warcry","Dual Wield"],"picked":"Heavy Blade","floor":12},{"not_picked":["Thunderclap","Iron Wave"],"picked":"True Grit","floor":13}],"player_experience":853960,"relics_obtained":[{"floor":7,"key":"Juzu Bracelet"},{"floor":9,"key":"Bag of Preparation"},{"floor":12,"key":"Nunchaku"}],"event_choices":[{"damage_healed":0,"gold_gain":0,"player_choice":"Take Damage","damage_taken":26,"relics_obtained":["Golden Idol"],"max_hp_gain":0,"max_hp_loss":0,"event_name":"Golden Idol","floor":2,"gold_loss":0},{"damage_healed":0,"gold_gain":0,"player_choice":"Trade","damage_taken":0,"relics_obtained":["GremlinMask"],"max_hp_gain":0,"max_hp_loss":0,"event_name":"FaceTrader","floor":3,"gold_loss":0},{"damage_healed":0,"gold_gain":0,"player_choice":"Donut","damage_taken":0,"max_hp_gain":5,"max_hp_loss":0,"event_name":"Big Fish","floor":5,"gold_loss":0},{"cards_removed":["Strike_R"],"damage_healed":0,"gold_gain":0,"player_choice":"Card Removal","damage_taken":0,"max_hp_gain":0,"max_hp_loss":0,"event_name":"The Cleric","floor":11,"gold_loss":75}],"is_beta":false,"boss_relics":[],"items_purged_floors":[],"is_endless":false,"potions_floor_spawned":[7,10,13],"killed_by":"Slime Boss","ascension_level":19}