{"gold_per_floor":[111,123,45,45,45,76,76,88,88,102,27,55,55,73,73,147,147,160,60,133,93,110,110,161,161,161,161,36,36,63,75,75,153,153,153,43,43,43,57,57,76,91,140,151,151,1,21,36,36,36,36,36,36,36,69,69],"floor_reached":57,"playtime":5192,"items_purged":["Pain","Strike_G","Strike_G","Strike_G"],"score":2814,"play_id":"d8cd4a1a-6d44-4628-8da2-b14bce66177b","local_time":"20190708175051","is_ascension_mode":true,"campfire_choices":[{"data":"Bouncing Flask","floor":7.0,"key":"SMITH"},{"data":"Acrobatics","floor":13.0,"key":"SMITH"},{"data":"Well Laid Plans","floor":15.0,"key":"SMITH"},{"data":"Footwork","floor":23.0,"key":"SMITH"},{"data":"Neutralize","floor":29.0,"key":"SMITH"},{"floor":32.0,"key":"RECALL"},{"data":"Escape Plan","floor":40.0,"key":"SMITH"},{"data":"Defend_G","floor":45.0,"key":"SMITH"},{"data":"Defend_G","floor":49.0,"key":"SMITH"},{"data":"Defend_G","floor":53.0,"key":"SMITH"}],"neow_cost":"NONE","seed_source_timestamp":1636842586961,"circlet_count":0,"master_deck":["AscendersBane","Strike_G","Defend_G+1","Defend_G+1","Defend_G","Defend_G","Defend_G+1","Survivor+1","Neutralize+1","Escape Plan+1","Well Laid Plans+1","Bouncing Flask+1","Acrobatics+1","Backflip+1","After Image","Reflex+1","Footwork+1","PiercingWail+1","Calculated Gamble+1","Prepared+1","Footwork+1","Prepared+1","A Thousand Cuts"],"special_seed":0,"relics":["Ring of the Snake","NeowsBlessing","WarpedTongs","Letter Opener","Toxic Egg 2","Dodecahedron","Orrery","Sundial","Juzu Bracelet","Gremlin Horn","Paper Crane","Dream Catcher","Coffee Dripper","Mummified Hand"],"potions_floor_usage":[],"damage_taken":[{"damage":0.0,"enemies":"Small Slimes","floor":1.0,"turns":1.0},{"damage":0.0,"enemies":"Cultist","floor":2.0,"turns":1.0},{"damage":0.0,"enemies":"Gremlin Nob","floor":6.0,"turns":1.0},{"damage":1.0,"enemies":"Jaw Worm","floor":8.0,"turns":2.0},{"damage":9.0,"enemies":"Looter","floor":10.0,"turns":2.0},{"damage":18.0,"enemies":"3 Sentries","floor":12.0,"turns":9.0},{"damage":0.0,"enemies":"Large Slime","floor":14.0,"turns":5.0},{"damage":15.0,"enemies":"The Guardian","floor":16.0,"turns":12.0},{"damage":0.0,"enemies":"Spheric Guardian","floor":18.0,"turns":5.0},{"damage":1.0,"enemies":"2 Thieves","floor":21.0,"turns":5.0},{"damage":0.0,"enemies":"Snake Plant","floor":22.0,"turns":4.0},{"damage":22.0,"enemies":"Book of Stabbing","floor":30.0,"turns":6.0},{"damage":1.0,"enemies":"Shelled Parasite and Fungi","floor":31.0,"turns":8.0},{"damage":6.0,"enemies":"Automaton","floor":33.0,"turns":12.0},{"damage":0.0,"enemies":"3 Darklings","floor":35.0,"turns":1.0},{"damage":0.0,"enemies":"Orb Walker","floor":39.0,"turns":3.0},{"damage":0.0,"enemies":"Sphere and 2 Shapes","floor":41.0,"turns":6.0},{"damage":0.0,"enemies":"Writhing Mass","floor":42.0,"turns":6.0},{"damage":0.0,"enemies":"4 Shapes","floor":44.0,"turns":9.0},{"damage":0.0,"enemies":"3 Darklings","floor":47.0,"turns":4.0},{"damage":3.0,"enemies":"Spire Growth","floor":48.0,"turns":5.0},{"damage":0.0,"enemies":"Donu and Deca","floor":50.0,"turns":8.0},{"damage":0.0,"enemies":"Time Eater","floor":51.0,"turns":16.0},{"damage":0.0,"enemies":"Shield and Spear","floor":55.0,"turns":9.0},{"damage":58,"enemies":"The Heart","floor":56,"turns":12}],"seed_played":"214070660860792579","potions_obtained":[{"floor":1.0,"key":"LiquidBronze"},{"floor":6.0,"key":"Explosive Potion"},{"floor":18.0,"key":"Block Potion"},{"floor":31.0,"key":"SmokeBomb"},{"floor":41.0,"key":"Poison Potion"},{"floor":44.0,"key":"SpeedPotion"}],"is_trial":false,"path_per_floor":["M","M","$","?","$","E","R","M","T","M","$","E","R","M","R","B",null,"M","$","T","M","M","R","T","?","T","?","$","R","E","M","R","B",null,"M","?","?","?","M","R","M","M","T","M","R","$","M","M","R","B","B",null,"R","$","E","B",null],"character_chosen":"THE_SILENT","items_purchased":["Well Laid Plans"],"campfire_rested":0,"item_purchase_floors":[3],"current_hp_per_floor":[59,59,59,59,59,59,59,58,58,49,49,31,31,31,31,16,54,54,54,54,53,53,53,53,66,66,66,66,66,44,43,43,37,59,59,59,59,59,59,59,59,59,59,59,59,59,59,56,56,56,56,61,61,61,61,3],"gold":69,"neow_bonus":"THREE_ENEMY_KILL","is_prod":false,"is_daily":false,"chose_seed":false,"campfire_upgraded":9,"win_rate":0,"timestamp":1562579451,"path_taken":["M","M","$","?","?","E","R","M","T","?","$","E","R","M","R","BOSS","M","$","?","M","M","R","?","?","T","?","$","R","E","M","R","BOSS","M","?","?","?","M","R","M","M","T","M","R","$","M","M","R","BOSS","BOSS","R","$","E","BOSS"],"build_version":"2019-07-05","purchased_purges":4,"victory":true,"max_hp_per_floor":[66,66,66,66,66,66,66,66,66,66,66,66,66,66,66,66,66,66,66,66,66,66,66,66,66,66,66,66,66,66,66,66,66,66,66,66,63,63,63,63,63,63,63,63,63,63,63,63,63,63,63,63,63,63,63,63],"card_choices":[{"not_picked":["Backflip","Quick Slash"],"picked":"Escape Plan","floor":1.0},{"not_picked":["Dagger Spray","Accuracy","Blur"],"picked":"SKIP","floor":2.0},{"not_picked":["Prepared","Setup"],"picked":"Bouncing Flask","floor":6.0},{"not_picked":["Caltrops","Reflex"],"picked":"Acrobatics","floor":8.0},{"not_picked":["Cloak And Dagger+1","Slice","Blade Dance+1"],"picked":"SKIP","floor":10.0},{"not_picked":["Night Terror+1","Flechettes","Slice"],"picked":"SKIP","floor":12.0},{"not_picked":["Prepared+1","Poisoned Stab"],"picked":"Backflip+1","floor":14.0},{"not_picked":["Die Die Die","Burst+1"],"picked":"After Image","floor":16.0},{"not_picked":["Blade Dance+1","Cloak And Dagger+1"],"picked":"Reflex+1","floor":17.0},{"not_picked":["Riddle With Holes","Reflex+1"],"picked":"Footwork","floor":17.0},{"not_picked":["Masterful Stab","Deflect+1"],"picked":"PiercingWail+1","floor":17.0},{"not_picked":["Footwork","Cloak And Dagger+1"],"picked":"Calculated Gamble+1","floor":18.0},{"not_picked":["Cloak And Dagger+1","Outmaneuver+1"],"picked":"Prepared+1","floor":21.0},{"not_picked":["Dagger Throw","Prepared+1","Noxious Fumes"],"picked":"SKIP","floor":22.0},{"not_picked":["Tools of the Trade","Cloak And Dagger+1","Setup+1"],"picked":"SKIP","floor":30.0},{"not_picked":["Slice","Cloak And Dagger+1","Sucker Punch"],"picked":"SKIP","floor":31.0},{"not_picked":["Backflip+1","Outmaneuver+1","All Out Attack+1"],"picked":"SKIP","floor":39.0},{"not_picked":["All Out Attack+1","Poisoned Stab+1","Setup+1"],"picked":"SKIP","floor":41.0},{"not_picked":["Caltrops","Reflex+1"],"picked":"Footwork+1","floor":42.0},{"not_picked":["Slice","Backflip+1","Underhanded Strike"],"picked":"SKIP","floor":44.0},{"not_picked":["Concentrate+1","Sucker Punch","Bullet Time+1"],"picked":"SKIP","floor":47.0},{"not_picked":["Dagger Throw","Quick Slash"],"picked":"Prepared+1","floor":48.0},{"not_picked":["Well Laid Plans","Outmaneuver+1"],"picked":"A Thousand Cuts","floor":55.0}],"player_experience":1062058,"relics_obtained":[{"floor":6.0,"key":"Letter Opener"},{"floor":9.0,"key":"Toxic Egg 2"},{"floor":12.0,"key":"Dodecahedron"},{"floor":20.0,"key":"Sundial"},{"floor":24.0,"key":"Juzu Bracelet"},{"floor":26.0,"key":"Gremlin Horn"},{"floor":30.0,"key":"Dream Catcher"},{"floor":55.0,"key":"Mummified Hand"}],"event_choices":[{"damage_healed":0.0,"max_hp_gain":0.0,"max_hp_loss":0.0,"gold_gain":0.0,"event_name":"Accursed Blacksmith","player_choice":"Rummage","floor":4.0,"gold_loss":0.0,"damage_taken":0.0,"relics_obtained":["WarpedTongs"],"cards_obtained":["Pain"]},{"damage_healed":13.0,"max_hp_gain":0.0,"max_hp_loss":0.0,"gold_gain":0.0,"event_name":"The Library","player_choice":"Heal","floor":25.0,"gold_loss":0.0,"damage_taken":0.0},{"damage_healed":0.0,"max_hp_gain":0.0,"max_hp_loss":0.0,"gold_gain":0.0,"event_name":"WeMeetAgain","player_choice":"Gave Potion","floor":27.0,"gold_loss":0.0,"damage_taken":0.0,"relics_obtained":["Paper Crane"]},{"cards_removed":["Strike_G"],"damage_healed":0.0,"max_hp_gain":0.0,"max_hp_loss":0.0,"gold_gain":0.0,"event_name":"Designer","player_choice":"Upgrade and Remove","floor":36.0,"gold_loss":110.0,"damage_taken":0.0,"cards_upgraded":["Survivor"]},{"damage_healed":0.0,"max_hp_gain":0.0,"max_hp_loss":3.0,"gold_gain":0.0,"event_name":"Winding Halls","player_choice":"Max HP","floor":37.0,"gold_loss":0.0,"damage_taken":0.0},{"damage_healed":0.0,"max_hp_gain":0.0,"max_hp_loss":0.0,"gold_gain":0.0,"event_name":"Mysterious Sphere","player_choice":"Ignored","floor":38.0,"gold_loss":0.0,"damage_taken":0.0}],"is_beta":false,"boss_relics":[{"not_picked":["Ring of the Serpent","Cursed Key"],"picked":"Orrery"},{"not_picked":["White Beast Statue","WristBlade"],"picked":"Coffee Dripper"}],"items_purged_floors":[11,19,28,46],"is_endless":false,"potions_floor_spawned":[1,6,18,31,33,35,41,44,47],"ascension_level":20}