{"gold_per_floor":[17,32,32,207,207,207,227,278,278,278,278,292,292,320,320,421,421,403,422,422,422,17,32,32,32],"floor_reached":25,"playtime":1100,"items_purged":["Defend_G"],"score":214,"play_id":"ea9f9f43-9dac-48d5-b337-8ed7900fe228","local_time":"20181228180545","is_ascension_mode":false,"campfire_choices":[{"data":"Deadly Poison","floor":6,"key":"SMITH"},{"floor":11,"key":"RECALL"},{"data":"Bouncing Flask","floor":13,"key":"SMITH"},{"floor":15,"key":"REST"},{"floor":24,"key":"REST"}],"neow_cost":"NO_GOLD","seed_source_timestamp":2351189611397250,"circlet_count":0,"master_deck":["Defend_G","Defend_G","Defend_G","Survivor","Neutralize","Quick Slash","Deadly Poison+1","Bouncing Flask+1","Doubt","Outmaneuver","Acrobatics","Envenom","Prepared","Bite","Bite","Bite","Bite","Bite","Footwork","Acrobatics+1","Crippling Poison+1"],"relics":["Ring of the Snake","Blue Candle","Odd Mushroom","Busted Crown","Toxic Egg 2"],"potions_floor_usage":[18,18,23,25],"damage_taken":[{"damage":1,"enemies":"Jaw Worm","floor":1,"turns":6},{"damage":2,"enemies":"Small Slimes","floor":2,"turns":3},{"damage":0,"enemies":"2 Louse","floor":7,"turns":2},{"damage":7,"enemies":"Looter","floor":12,"turns":3},{"damage":33,"enemies":"The Mushroom Lair","floor":14,"turns":5},{"damage":25,"enemies":"The Guardian","floor":16,"turns":7},{"damage":14,"enemies":"2 Thieves","floor":18,"turns":4},{"damage":8,"enemies":"Chosen","floor":19,"turns":4},{"damage":25,"enemies":"Sentry and Sphere","floor":23,"turns":5},{"damage":56,"enemies":"Gremlin Leader","floor":25,"turns":4}],"seed_played":"-5327107345789209551","potions_obtained":[{"floor":7,"key":"GamblersBrew"},{"floor":16,"key":"AttackPotion"},{"floor":18,"key":"Fire Potion"},{"floor":19,"key":"PowerPotion"}],"is_trial":false,"path_per_floor":["M","M","?","?","?","R","M","T","T","?","R","M","R","?","R","B",null,"M","M","?","?","$","M","R","E"],"character_chosen":"THE_SILENT","items_purchased":["Footwork","Toxic Egg 2","Acrobatics+1"],"campfire_rested":2,"item_purchase_floors":[22,22,22],"current_hp_per_floor":[69,67,72,72,72,72,72,72,72,65,65,58,58,25,47,22,75,61,53,52,52,52,37,52,0],"gold":32,"neow_bonus":"TRANSFORM_TWO_CARDS","is_prod":false,"is_daily":false,"chose_seed":false,"campfire_upgraded":2,"win_rate":0,"timestamp":1545980745,"path_taken":["M","M","?","?","?","R","?","?","T","?","R","M","R","?","R","BOSS","M","M","?","?","$","M","R","E"],"build_version":"2018-12-20","purchased_purges":1,"victory":false,"max_hp_per_floor":[70,70,75,75,75,75,75,75,75,75,75,75,75,75,75,75,75,75,75,52,52,52,52,52,52],"card_choices":[{"not_picked":["Flying Knee","All Out Attack","Tactician"],"picked":"SKIP","floor":1},{"not_picked":["Dagger Throw","Escape Plan"],"picked":"Bouncing Flask","floor":2},{"not_picked":["Predator","PiercingWail"],"picked":"Outmaneuver","floor":7},{"not_picked":["Prepared","Endless Agony"],"picked":"Acrobatics","floor":12},{"not_picked":["Venomology","Night Terror"],"picked":"Envenom","floor":16},{"not_picked":[],"picked":"Prepared","floor":18},{"not_picked":["Expertise+1"],"picked":"SKIP","floor":19},{"not_picked":[],"picked":"Crippling Poison+1","floor":23}],"player_experience":337295,"relics_obtained":[{"floor":9,"key":"Blue Candle"},{"floor":14,"key":"Odd Mushroom"}],"event_choices":[{"damage_healed":0,"gold_gain":0,"player_choice":"Donut","damage_taken":0,"max_hp_gain":5,"max_hp_loss":0,"event_name":"Big Fish","floor":3,"gold_loss":0},{"damage_healed":0,"gold_gain":175,"player_choice":"AGREE","damage_taken":0,"max_hp_gain":0,"max_hp_loss":0,"event_name":"Liars Game","floor":4,"gold_loss":0,"cards_obtained":["Doubt"]},{"damage_healed":0,"gold_gain":0,"cards_transformed":["Defend_G"],"player_choice":"Change","damage_taken":0,"max_hp_gain":0,"max_hp_loss":0,"event_name":"Living Wall","floor":5,"gold_loss":0,"cards_obtained":["Calculated Gamble"]},{"cards_removed":["Strike_G"],"damage_healed":0,"gold_gain":0,"player_choice":"Card Removal","damage_taken":7,"max_hp_gain":0,"max_hp_loss":0,"event_name":"Golden Wing","floor":10,"gold_loss":0},{"damage_healed":0,"gold_gain":0,"player_choice":"Fought Mushrooms","damage_taken":0,"max_hp_gain":0,"max_hp_loss":0,"event_name":"Mushrooms","floor":14,"gold_loss":0},{"damage_healed":0,"gold_gain":0,"player_choice":"Became a vampire","damage_taken":0,"max_hp_gain":0,"max_hp_loss":23,"event_name":"Vampires","floor":20,"gold_loss":0,"cards_obtained":["Bite","Bite","Bite","Bite","Bite"]},{"cards_removed":["Calculated Gamble"],"damage_healed":0,"gold_gain":0,"player_choice":"Offered Uncommon","damage_taken":0,"max_hp_gain":0,"max_hp_loss":0,"event_name":"Bonfire Elementals","floor":21,"gold_loss":0}],"is_beta":false,"boss_relics":[{"not_picked":["Sozu","Lizard Tail"],"picked":"Busted Crown"}],"items_purged_floors":[22],"is_endless":false,"potions_floor_spawned":[7,16,18,19],"killed_by":"Gremlin Leader","ascension_level":0}