{"gold_per_floor":[111,36,47,47,47,79,94,94,94,112,112],"floor_reached":11,"playtime":156,"items_purged":[],"score":196,"play_id":"6a0682ac-9002-4b1f-9f6c-9cba3859b5f6","local_time":"20190525132331","is_ascension_mode":true,"campfire_choices":[{"data":"Sunder","floor":8,"key":"SMITH"}],"neow_cost":"NONE","seed_source_timestamp":354955517742806,"circlet_count":0,"master_deck":["AscendersBane","Strike_B","Strike_B","Defend_B","Defend_B","Defend_B","Defend_B","Zap","Dualcast","Heatsinks","Coolheaded","Barrage","Sunder+1"],"relics":["Cracked Core","NeowsBlessing","Dodecahedron","Shuriken"],"potions_floor_usage":[],"damage_taken":[{"damage":0,"enemies":"Jaw Worm","floor":1,"turns":1},{"damage":0,"enemies":"Cultist","floor":3,"turns":1},{"damage":0,"enemies":"3 Sentries","floor":6,"turns":1},{"damage":3,"enemies":"2 Louse","floor":7,"turns":3},{"damage":8,"enemies":"Blue Slaver","floor":10,"turns":3},{"damage":57,"enemies":"Gremlin Nob","floor":11,"turns":4}],"seed_played":"6587719895602597658","potions_obtained":[{"floor":1,"key":"SteroidPotion"},{"floor":3,"key":"GamblersBrew"}],"is_trial":false,"path_per_floor":["M","?","M","$","?","E","M","R","T","M","E"],"character_chosen":"DEFECT","items_purchased":[],"campfire_rested":0,"item_purchase_floors":[],"current_hp_per_floor":[64,64,64,64,64,64,61,61,61,53,0],"gold":112,"neow_bonus":"THREE_ENEMY_KILL","is_prod":false,"is_daily":false,"chose_seed":false,"campfire_upgraded":1,"win_rate":0,"timestamp":1558761811,"path_taken":["M","?","M","$","?","E","?","R","T","M","E"],"build_version":"2019-01-23","purchased_purges":0,"victory":false,"max_hp_per_floor":[71,71,71,71,71,71,71,71,71,71,71],"card_choices":[{"not_picked":["Darkness","Steam"],"picked":"Heatsinks","floor":1},{"not_picked":["Go for the Eyes","Darkness"],"picked":"Coolheaded","floor":3},{"not_picked":["FTL","All For One"],"picked":"Barrage","floor":6},{"not_picked":["Cold Snap","Go for the Eyes"],"picked":"Sunder","floor":7},{"not_picked":["Aggregate","Storm","Genetic Algorithm"],"picked":"SKIP","floor":10}],"player_experience":951805,"relics_obtained":[{"floor":6,"key":"Dodecahedron"},{"floor":9,"key":"Shuriken"}],"event_choices":[{"cards_removed":["Strike_B"],"damage_healed":0,"gold_gain":0,"player_choice":"Card Removal","damage_taken":0,"max_hp_gain":0,"max_hp_loss":0,"event_name":"The Cleric","floor":2,"gold_loss":75},{"cards_removed":["Strike_B"],"damage_healed":0,"gold_gain":0,"player_choice":"Card Removal","damage_taken":0,"max_hp_gain":0,"max_hp_loss":0,"event_name":"Wheel of Change","floor":5,"gold_loss":0}],"is_beta":false,"boss_relics":[],"items_purged_floors":[],"is_endless":false,"potions_floor_spawned":[1,3],"killed_by":"Gremlin Nob","ascension_level":20}