{"gold_per_floor":[118,131,146,165,165,177,209,256,292,336,348,423,435,478,490,606,618,640,667,679,691],"floor_reached":21,"playtime":1574,"items_purged":[],"score":298,"play_id":"01762a01-8a35-4567-a309-17a57dd286e1","local_time":"20190731214804","is_ascension_mode":true,"campfire_choices":[{"data":"Zap","floor":6,"key":"SMITH"},{"data":"Barrage","floor":11,"key":"SMITH"},{"data":"Dualcast","floor":13,"key":"SMITH"},{"data":"Doom and Gloom","floor":15,"key":"SMITH"}],"neow_cost":"NONE","seed_source_timestamp":1816093361308100,"circlet_count":0,"master_deck":["Strike_B","Strike_B","Defend_B","Defend_B","Defend_B","Defend_B","Zap+1","Dualcast+1","Undo","Ball Lightning","Barrage+1","Beam Cell","Reboot","Go for the Eyes","Creative AI","Doom and Gloom+1","Fission","Redo"],"relics":["Cracked Core","MawBank","Boot","Oddly Smooth Stone","Ancient Tea Set","Tiny Chest","Lantern","Black Star"],"potions_floor_usage":[10,14,16],"damage_taken":[{"damage":0,"enemies":"Cultist","floor":1,"turns":3},{"damage":0,"enemies":"Small Slimes","floor":2,"turns":3},{"damage":0,"enemies":"Jaw Worm","floor":3,"turns":2},{"damage":7,"enemies":"Blue Slaver","floor":4,"turns":3},{"damage":8,"enemies":"Lots of Slimes","floor":7,"turns":3},{"damage":13,"enemies":"3 Sentries","floor":8,"turns":6},{"damage":6,"enemies":"Gremlin Nob","floor":10,"turns":3},{"damage":12,"enemies":"3 Sentries","floor":12,"turns":6},{"damage":0,"enemies":"Gremlin Nob","floor":14,"turns":3},{"damage":0,"enemies":"The Guardian","floor":16,"turns":10},{"damage":4,"enemies":"Chosen","floor":18,"turns":3},{"damage":15,"enemies":"Shell Parasite","floor":19,"turns":7},{"damage":11,"enemies":"Shelled Parasite and Fungi","floor":21,"turns":6}],"seed_played":"-6245894884705495983","potions_obtained":[{"floor":1,"key":"Swift Potion"},{"floor":4,"key":"SpeedPotion"},{"floor":10,"key":"SkillPotion"},{"floor":12,"key":"Swift Potion"},{"floor":14,"key":"Strength Potion"}],"is_trial":false,"path_per_floor":["M","M","M","M","?","R","M","E","T","E","R","E","R","E","R","B",null,"M","M","?","M"],"character_chosen":"DEFECT","items_purchased":[],"campfire_rested":0,"item_purchase_floors":[],"current_hp_per_floor":[75,75,75,68,65,65,57,44,44,38,38,26,26,26,26,26,75,71,56,56,45],"gold":691,"neow_bonus":"REMOVE_CARD","is_prod":false,"is_daily":false,"chose_seed":false,"campfire_upgraded":4,"win_rate":0,"timestamp":1564631284,"path_taken":["M","?","M","M","?","R","M","E","T","E","R","E","R","E","R","BOSS","M","M","?","M"],"build_version":"2019-07-18","purchased_purges":0,"victory":false,"max_hp_per_floor":[75,75,75,75,75,75,75,75,75,75,75,75,75,75,75,75,75,75,75,75,75],"card_choices":[{"not_picked":["Capacitor","Steam"],"picked":"Undo","floor":1},{"not_picked":["Heatsinks","Rebound"],"picked":"Ball Lightning","floor":2},{"not_picked":["Scrape","Rebound"],"picked":"Barrage","floor":3},{"not_picked":["Rebound","Coolheaded"],"picked":"Beam Cell","floor":4},{"not_picked":["Rip and Tear","Beam Cell"],"picked":"Reboot","floor":7},{"not_picked":["Compile Driver","Storm","Sweeping Beam"],"picked":"SKIP","floor":8},{"not_picked":["Double Energy","Conserve Battery"],"picked":"Go for the Eyes","floor":10},{"not_picked":["Storm","Hologram"],"picked":"Creative AI","floor":12},{"not_picked":["Compile Driver","Leap"],"picked":"Doom and Gloom","floor":14},{"not_picked":["Reboot","Seek"],"picked":"Fission","floor":16},{"not_picked":["Hello World","Static Discharge"],"picked":"Redo","floor":18},{"not_picked":["Barrage","Rip and Tear","Stack"],"picked":"SKIP","floor":19}],"player_experience":27551,"relics_obtained":[{"floor":8,"key":"Boot"},{"floor":9,"key":"Oddly Smooth Stone"},{"floor":10,"key":"Ancient Tea Set"},{"floor":12,"key":"Tiny Chest"},{"floor":14,"key":"Lantern"}],"event_choices":[{"damage_healed":0,"gold_gain":0,"player_choice":"Success","damage_taken":3,"relics_obtained":["MawBank"],"max_hp_gain":0,"max_hp_loss":0,"event_name":"Scrap Ooze","floor":5,"gold_loss":0},{"cards_removed":["Strike_B"],"damage_healed":0,"gold_gain":0,"player_choice":"Elegance","damage_taken":0,"max_hp_gain":0,"max_hp_loss":0,"event_name":"Back to Basics","floor":20,"gold_loss":0}],"is_beta":true,"boss_relics":[{"not_picked":["Runic Pyramid","Nuclear Battery"],"picked":"Black Star"}],"items_purged_floors":[],"is_endless":false,"potions_floor_spawned":[1,4,10,12,14],"killed_by":"Shelled Parasite and Fungi","ascension_level":1}