{"gold_per_floor":[117,117,134,150,167,167,167,167,167,12,12,48,26,51,51,172,172,197,215,215,231,231,231],"floor_reached":23,"playtime":4243,"items_purged":[],"score":229,"play_id":"1661f670-0fc5-4461-bce6-77a14db43a1c","local_time":"20190712155800","is_ascension_mode":true,"campfire_choices":[{"data":"Havoc","floor":6,"key":"SMITH"},{"data":"Shockwave","floor":8,"key":"SMITH"},{"data":"Flame Barrier","floor":11,"key":"SMITH"},{"floor":15,"key":"REST"}],"neow_cost":"NONE","seed_source_timestamp":2314244442410600,"circlet_count":0,"master_deck":["Strike_R","Strike_R","Strike_R","Strike_R","Strike_R","Defend_R","Defend_R","Defend_R","Defend_R","Bash","Shockwave+1","Havoc+1","Sentinel","Sentinel","Pummel","Feel No Pain","Flame Barrier+1","Armaments","Demon Form+1","Shrug It Off","Exhume","Rage+1"],"relics":["Burning Blood","Golden Idol","Dream Catcher","Darkstone Periapt","Cursed Key"],"potions_floor_usage":[12,16,21,23],"damage_taken":[{"damage":17,"enemies":"Jaw Worm","floor":1,"turns":5},{"damage":4,"enemies":"Cultist","floor":3,"turns":4},{"damage":7,"enemies":"Small Slimes","floor":4,"turns":4},{"damage":25,"enemies":"2 Fungi Beasts","floor":5,"turns":7},{"damage":30,"enemies":"Gremlin Nob","floor":12,"turns":5},{"damage":10,"enemies":"Looter","floor":14,"turns":4},{"damage":7,"enemies":"Slime Boss","floor":16,"turns":10},{"damage":2,"enemies":"Chosen","floor":18,"turns":8},{"damage":21,"enemies":"3 Byrds","floor":19,"turns":6},{"damage":46,"enemies":"3 Cultists","floor":21,"turns":7},{"damage":23,"enemies":"Gremlin Leader","floor":23,"turns":7}],"seed_played":"-7436992563694517722","potions_obtained":[{"floor":3,"key":"Dexterity Potion"},{"floor":4,"key":"Poison Potion"},{"floor":16,"key":"Swift Potion"},{"floor":19,"key":"Strength Potion"}],"is_trial":false,"path_per_floor":["M","?","M","M","M","R","?","R","T","$","R","E","?","M","R","B",null,"M","M","?","M","?","E"],"character_chosen":"IRONCLAD","items_purchased":["Feel No Pain","Flame Barrier"],"campfire_rested":1,"item_purchase_floors":[10,10],"current_hp_per_floor":[69,69,71,70,51,51,51,51,51,51,51,27,27,23,45,44,74,74,59,59,19,16,0],"gold":231,"neow_bonus":"THREE_CARDS","is_prod":false,"is_daily":false,"chose_seed":false,"campfire_upgraded":3,"win_rate":0,"timestamp":1562972280,"path_taken":["M","?","?","M","M","R","?","R","T","$","R","E","?","M","R","BOSS","M","M","?","?","?","E"],"build_version":"2019-07-05","purchased_purges":0,"victory":false,"max_hp_per_floor":[80,80,80,80,80,80,74,74,74,74,74,74,74,74,74,74,74,74,74,74,74,74,74],"card_choices":[{"not_picked":["Rampage","Infernal Blade"],"picked":"Shockwave","floor":0},{"not_picked":["Shrug It Off","Carnage"],"picked":"Havoc","floor":1},{"not_picked":["Infernal Blade","Havoc"],"picked":"Sentinel","floor":3},{"not_picked":["Sword Boomerang","Body Slam"],"picked":"Sentinel","floor":4},{"not_picked":["Second Wind","Cleave"],"picked":"Pummel","floor":5},{"not_picked":["Pommel Strike","Warcry"],"picked":"Armaments","floor":12},{"not_picked":["Searing Blow","Armaments"],"picked":"Demon Form","floor":14},{"not_picked":["Warcry","Heavy Blade"],"picked":"Shrug It Off","floor":15},{"not_picked":["Juggernaut","Limit Break"],"picked":"Exhume","floor":16},{"not_picked":["Heavy Blade","Bloodletting","Warcry"],"picked":"SKIP","floor":18},{"not_picked":["Perfected Strike+1","Armaments","Thunderclap"],"picked":"SKIP","floor":19},{"not_picked":["Clothesline+1","Armaments+1"],"picked":"Rage+1","floor":21}],"player_experience":647634,"relics_obtained":[{"floor":9,"key":"Dream Catcher"},{"floor":12,"key":"Darkstone Periapt"}],"event_choices":[{"damage_healed":0,"gold_gain":0,"player_choice":"Bought 0 Potions","damage_taken":0,"max_hp_gain":0,"max_hp_loss":0,"event_name":"The Woman in Blue","floor":2,"gold_loss":0},{"damage_healed":0,"gold_gain":0,"player_choice":"Lose Max HP","damage_taken":0,"relics_obtained":["Golden Idol"],"max_hp_gain":0,"max_hp_loss":6,"event_name":"Golden Idol","floor":7,"gold_loss":0},{"damage_healed":0,"gold_gain":0,"player_choice":"Left Gold","damage_taken":0,"max_hp_gain":0,"max_hp_loss":0,"event_name":"World of Goop","floor":13,"gold_loss":22},{"damage_healed":0,"gold_gain":0,"player_choice":"Forge","damage_taken":0,"max_hp_gain":0,"max_hp_loss":0,"event_name":"Accursed Blacksmith","floor":20,"gold_loss":0,"cards_upgraded":["Demon Form"]},{"damage_healed":0,"gold_gain":0,"player_choice":"Punched","damage_taken":3,"max_hp_gain":0,"max_hp_loss":0,"event_name":"Designer","floor":22,"gold_loss":0}],"is_beta":false,"boss_relics":[{"not_picked":["Astrolabe","Lizard Tail"],"picked":"Cursed Key"}],"items_purged_floors":[],"is_endless":false,"potions_floor_spawned":[3,4,16,19],"killed_by":"Gremlin Leader","ascension_level":4}