{"gold_per_floor":[119,119,129,93,107,133,6,6,30,42,68,80,106,146,158,268,280,279,291,303,25,40,40],"floor_reached":23,"playtime":1710,"items_purged":["Strike_R","Strike_R"],"score":239,"play_id":"7bf15b7e-1188-4421-9ebd-8442abf0d88c","local_time":"20190117231245","is_ascension_mode":true,"campfire_choices":[{"floor":10,"key":"REST"},{"data":"Impervious","floor":12,"key":"SMITH"},{"floor":15,"key":"REST"}],"neow_cost":"NONE","seed_source_timestamp":839030263236822,"circlet_count":0,"master_deck":["Strike_R+1","Defend_R","Defend_R","Defend_R","Defend_R","Bash","Reaper","True Grit+1","Dual Wield","Metallicize","Cleave+1","Impervious+1","Shrug It Off","Anger","Rage","Shockwave","Double Tap","Clothesline+1","Apotheosis","Heavy Blade"],"relics":["Burning Blood","Whetstone","MawBank","Girya","Black Star"],"potions_floor_usage":[5,11,14,22],"damage_taken":[{"damage":15,"enemies":"Small Slimes","floor":1,"turns":3},{"damage":11,"enemies":"Cultist","floor":3,"turns":4},{"damage":18,"enemies":"Jaw Worm","floor":5,"turns":6},{"damage":35,"enemies":"3 Sentries","floor":6,"turns":11},{"damage":2,"enemies":"Exordium Wildlife","floor":11,"turns":3},{"damage":9,"enemies":"Exordium Thugs","floor":13,"turns":5},{"damage":40,"enemies":"Gremlin Nob","floor":14,"turns":6},{"damage":72,"enemies":"The Guardian","floor":16,"turns":18},{"damage":30,"enemies":"2 Thieves","floor":18,"turns":4},{"damage":22,"enemies":"Shell Parasite","floor":22,"turns":9},{"damage":58,"enemies":"Book of Stabbing","floor":23,"turns":6}],"seed_played":"8166586012099999690","potions_obtained":[{"floor":1,"key":"Fire Potion"},{"floor":2,"key":"SteroidPotion"},{"floor":2,"key":"SmokeBomb"},{"floor":6,"key":"Ancient Potion"},{"floor":13,"key":"Explosive Potion"},{"floor":16,"key":"Weak Potion"},{"floor":18,"key":"LiquidBronze"}],"is_trial":false,"path_per_floor":["M","?","M","$","M","E","$","?","T","R","M","R","M","E","R","B",null,"M","?","?","$","M","E"],"character_chosen":"IRONCLAD","items_purchased":["Metallicize","Shrug It Off","Apotheosis"],"campfire_rested":2,"item_purchase_floors":[4,7,21],"current_hp_per_floor":[71,71,66,66,54,37,37,37,37,61,74,74,75,41,65,11,80,56,56,56,56,47,0],"gold":40,"neow_bonus":"TRANSFORM_CARD","is_prod":false,"is_daily":false,"chose_seed":false,"campfire_upgraded":1,"win_rate":0,"timestamp":1547727165,"path_taken":["M","?","?","$","M","E","$","?","T","R","M","R","M","E","R","BOSS","M","?","?","?","?","E"],"build_version":"2019-01-10","purchased_purges":2,"victory":false,"max_hp_per_floor":[80,80,80,80,80,80,80,80,80,80,80,80,80,80,80,80,80,80,80,80,80,80,80],"card_choices":[{"not_picked":["Blood for Blood","Fire Breathing"],"picked":"True Grit","floor":1},{"not_picked":["Havoc","Second Wind"],"picked":"Dual Wield","floor":3},{"not_picked":["Warcry","Clothesline"],"picked":"Cleave","floor":5},{"not_picked":["Feed","Warcry"],"picked":"Impervious","floor":6},{"not_picked":["Warcry","Twin Strike"],"picked":"Anger","floor":11},{"not_picked":["Shockwave","Ghostly Armor"],"picked":"Rage","floor":13},{"not_picked":["Perfected Strike","Berserk"],"picked":"Shockwave","floor":14},{"not_picked":["Immolate","Bludgeon"],"picked":"Double Tap","floor":16},{"not_picked":["Dropkick","Rampage"],"picked":"Clothesline+1","floor":18},{"not_picked":["Perfected Strike","Havoc"],"picked":"Heavy Blade","floor":22}],"player_experience":467829,"relics_obtained":[{"floor":6,"key":"Whetstone"},{"floor":9,"key":"MawBank"},{"floor":14,"key":"Girya"}],"event_choices":[{"damage_healed":0,"gold_gain":0,"player_choice":"Got Potions","damage_taken":0,"max_hp_gain":0,"max_hp_loss":0,"event_name":"Lab","floor":2,"gold_loss":0},{"damage_healed":0,"gold_gain":0,"player_choice":"Upgraded","damage_taken":0,"max_hp_gain":0,"max_hp_loss":0,"event_name":"Upgrade Shrine","floor":8,"gold_loss":0,"cards_upgraded":["True Grit"]},{"cards_removed":["Strike_R"],"damage_healed":0,"gold_gain":0,"player_choice":"Elegance","damage_taken":0,"max_hp_gain":0,"max_hp_loss":0,"event_name":"Back to Basics","floor":19,"gold_loss":0},{"damage_healed":0,"gold_gain":0,"player_choice":"Ignored","damage_taken":0,"max_hp_gain":0,"max_hp_loss":0,"event_name":"Ghosts","floor":20,"gold_loss":0}],"is_beta":false,"boss_relics":[{"not_picked":["Black Blood","Empty Cage"],"picked":"Black Star"}],"items_purged_floors":[7,21],"is_endless":false,"potions_floor_spawned":[1,6,13,16,18],"killed_by":"Book of Stabbing","ascension_level":4}