{"gold_per_floor":[16,16,30,30,44,84,84,109,109,127,152,170,184,224,224,315,315,328,2,16,16,31,31,31],"floor_reached":24,"playtime":828,"items_purged":[],"score":424,"play_id":"469499be-3626-47f6-beed-19b22062c02a","local_time":"20190705130135","is_ascension_mode":true,"campfire_choices":[{"data":"Perfected Strike","floor":7.0,"key":"SMITH"},{"floor":15.0,"key":"REST"},{"data":"Dual Wield","floor":23,"key":"SMITH"}],"neow_cost":"NO_GOLD","seed_source_timestamp":138778639092076,"circlet_count":0,"master_deck":["AscendersBane","Strike_R","Strike_R","Strike_R","Strike_R","Strike_R","Defend_R","Defend_R","Defend_R","Defend_R","Bash","PanicButton","Perfected Strike+1","Warcry","Combust","Dual Wield+1","Twin Strike","Battle Trance","Inflame","Sword Boomerang+1","Impervious","True Grit","Rage"],"special_seed":0,"relics":["Burning Blood","Golden Idol","Anchor","Molten Egg 2","Pocketwatch","Sozu","Sundial"],"potions_floor_usage":[24,24],"damage_taken":[{"damage":0.0,"enemies":"Small Slimes","floor":1.0,"turns":3.0},{"damage":7.0,"enemies":"Jaw Worm","floor":3.0,"turns":5.0},{"damage":12.0,"enemies":"Cultist","floor":5.0,"turns":4.0},{"damage":58.0,"enemies":"Gremlin Nob","floor":6.0,"turns":5.0},{"damage":0.0,"enemies":"3 Louse","floor":8.0,"turns":4.0},{"damage":0.0,"enemies":"2 Fungi Beasts","floor":10.0,"turns":3.0},{"damage":0.0,"enemies":"Blue Slaver","floor":11.0,"turns":3.0},{"damage":19.0,"enemies":"Gremlin Gang","floor":12.0,"turns":2.0},{"damage":6.0,"enemies":"Looter","floor":13.0,"turns":3.0},{"damage":27.0,"enemies":"3 Sentries","floor":14.0,"turns":6.0},{"damage":20.0,"enemies":"Slime Boss","floor":16.0,"turns":7.0},{"damage":0.0,"enemies":"Chosen","floor":18.0,"turns":3.0},{"damage":25,"enemies":"Shell Parasite","floor":20,"turns":3},{"damage":19,"enemies":"Snake Plant","floor":22,"turns":5},{"damage":66,"enemies":"Gremlin Leader","floor":24,"turns":5}],"seed_played":"305963283958350381","potions_obtained":[{"floor":5.0,"key":"Weak Potion"},{"floor":8.0,"key":"FearPotion"},{"floor":11.0,"key":"AttackPotion"},{"floor":14.0,"key":"SpeedPotion"},{"floor":16.0,"key":"BloodPotion"}],"is_trial":false,"path_per_floor":["M","?","M","?","M","E","R","M","T","M","M","M","M","E","R","B",null,"M","$","M","$","M","R","E"],"character_chosen":"IRONCLAD","items_purchased":["Sundial","True Grit"],"campfire_rested":1,"item_purchase_floors":[19,19],"current_hp_per_floor":[74,48,47,85,79,27,27,33,33,39,45,32,32,11,36,22,69,75,75,56,56,43,43,0],"gold":31,"neow_bonus":"RANDOM_COLORLESS_2","is_prod":false,"is_daily":false,"chose_seed":false,"campfire_upgraded":2,"win_rate":0,"timestamp":1562302895,"path_taken":["M","?","M","?","?","E","R","M","T","M","M","M","M","E","R","BOSS","M","$","M","$","M","R","E"],"build_version":"2019-07-01","purchased_purges":0,"victory":false,"max_hp_per_floor":[75,75,75,85,85,85,85,85,85,85,85,85,85,85,85,85,85,85,85,85,85,85,85,85],"card_choices":[{"not_picked":["Shrug It Off","Pommel Strike"],"picked":"Perfected Strike","floor":1.0},{"not_picked":["Sword Boomerang","Clash"],"picked":"Warcry","floor":3.0},{"not_picked":["Bloodletting","Intimidate"],"picked":"Combust","floor":5.0},{"not_picked":["Cleave","Barricade"],"picked":"Dual Wield","floor":6.0},{"not_picked":["Clothesline","Body Slam"],"picked":"Twin Strike","floor":8.0},{"not_picked":["Reckless Charge+1","Warcry"],"picked":"Battle Trance","floor":10.0},{"not_picked":["Flex","Body Slam+1"],"picked":"Inflame","floor":11.0},{"not_picked":["Reckless Charge+1","Heavy Blade+1","Headbutt+1"],"picked":"SKIP","floor":12.0},{"not_picked":["Shockwave","Dual Wield"],"picked":"Sword Boomerang+1","floor":13.0},{"not_picked":["Thunderclap+1","Heavy Blade+1","Brutality"],"picked":"SKIP","floor":14.0},{"not_picked":["Barricade","Exhume"],"picked":"Impervious","floor":16.0},{"not_picked":["Pummel+1","Shockwave","Rupture"],"picked":"SKIP","floor":18.0},{"not_picked":["Corruption+1","Warcry"],"picked":"Rage","floor":20},{"not_picked":["Heavy Blade+1","Anger+1","Flex"],"picked":"SKIP","floor":22}],"player_experience":1054420,"relics_obtained":[{"floor":6.0,"key":"Anchor"},{"floor":9.0,"key":"Molten Egg 2"},{"floor":14.0,"key":"Pocketwatch"}],"event_choices":[{"damage_healed":0.0,"max_hp_gain":0.0,"max_hp_loss":0.0,"gold_gain":0.0,"event_name":"Golden Idol","player_choice":"Take Damage","floor":2.0,"gold_loss":0.0,"damage_taken":26.0,"relics_obtained":["Golden Idol"]},{"cards_removed":["Magnetism"],"damage_healed":28.0,"max_hp_gain":10.0,"max_hp_loss":0.0,"gold_gain":0.0,"event_name":"Bonfire Elementals","player_choice":"Offered Rare","floor":4.0,"gold_loss":0.0,"damage_taken":0.0}],"is_beta":false,"boss_relics":[{"not_picked":["Busted Crown","Runic Pyramid"],"picked":"Sozu"}],"items_purged_floors":[],"is_endless":false,"potions_floor_spawned":[5,8,10,11,14,16,22],"killed_by":"Gremlin Leader","ascension_level":20}