{"gold_per_floor":[118,118,129,142,156,156,183,183,228,259,274,288,303,313,313,416,416,426,444,9,9,21,52,52,52,52,84,84,104,104,138,138,241,241,251,251,263,363,383,445,458,38,92,105,121,21,56,75,75,75],"floor_reached":50,"playtime":5898,"items_purged":["Clumsy","Strike_R"],"score":779,"play_id":"0e581e78-ff2e-4611-a28e-4a044fba13f0","local_time":"20190715132046","is_ascension_mode":true,"campfire_choices":[{"data":"Flame Barrier","floor":6.0,"key":"SMITH"},{"data":"Fiend Fire","floor":8.0,"key":"SMITH"},{"data":"Sentinel","floor":15.0,"key":"SMITH"},{"floor":30,"key":"REST"},{"data":"Inflame","floor":32,"key":"SMITH"},{"floor":49,"key":"REST"}],"neow_cost":"CURSE","seed_source_timestamp":0,"circlet_count":0,"master_deck":["Strike_R","Strike_R","Strike_R","Defend_R+1","Defend_R","Defend_R","Defend_R","Bash","Inflame+1","Fiend Fire+1","Battle Trance","Flame Barrier+1","Sentinel+1","Dual Wield","Reaper","Armaments+1","Immolate","Demon Form","Fire Breathing","Feel No Pain","Shrug It Off+1","Power Through+1","Anger+1","Disarm+1","Uppercut","Sentinel+1"],"special_seed":0,"relics":["Burning Blood","Pocketwatch","Bottled Tornado","Orichalcum","Omamori","Mark of Pain","Strange Spoon","Bronze Scales","Necronomicon","Nunchaku","MutagenicStrength","Mango","Anchor","Gremlin Horn","Black Star","Ginger","Tiny Chest","Pear","HandDrill","War Paint","Art of War","Boot","Mercury Hourglass"],"potions_floor_usage":[23,27,31,31,48,48,50],"damage_taken":[{"damage":12.0,"enemies":"Jaw Worm","floor":1.0,"turns":3.0},{"damage":0.0,"enemies":"Cultist","floor":3.0,"turns":2.0},{"damage":0.0,"enemies":"2 Louse","floor":4.0,"turns":2.0},{"damage":11.0,"enemies":"Looter","floor":5.0,"turns":2.0},{"damage":20.0,"enemies":"Lagavulin","floor":7.0,"turns":4.0},{"damage":0.0,"enemies":"Gremlin Nob","floor":10.0,"turns":2.0},{"damage":13.0,"enemies":"Gremlin Gang","floor":11.0,"turns":5.0},{"damage":10.0,"enemies":"Exordium Wildlife","floor":12.0,"turns":4.0},{"damage":2.0,"enemies":"2 Fungi Beasts","floor":13.0,"turns":4.0},{"damage":8.0,"enemies":"Blue Slaver","floor":14.0,"turns":4.0},{"damage":19.0,"enemies":"Hexaghost","floor":16.0,"turns":9.0},{"damage":16.0,"enemies":"2 Thieves","floor":18.0,"turns":4.0},{"damage":1.0,"enemies":"3 Byrds","floor":19.0,"turns":3.0},{"damage":8.0,"enemies":"Snake Plant","floor":22.0,"turns":5.0},{"damage":48,"enemies":"Gremlin Leader","floor":23,"turns":4},{"damage":13,"enemies":"Slavers","floor":27,"turns":2},{"damage":13,"enemies":"Centurion and Healer","floor":29,"turns":3},{"damage":17,"enemies":"Gremlin Leader","floor":31,"turns":5},{"damage":38,"enemies":"Collector","floor":33,"turns":7},{"damage":13,"enemies":"3 Darklings","floor":35,"turns":3},{"damage":10,"enemies":"Orb Walker","floor":37,"turns":3},{"damage":0,"enemies":"Mind Bloom Boss Battle","floor":38,"turns":5},{"damage":0,"enemies":"4 Shapes","floor":39,"turns":3},{"damage":97,"enemies":"Giant Head","floor":40,"turns":9},{"damage":28,"enemies":"Maw","floor":41,"turns":7},{"damage":2,"enemies":"Sphere and 2 Shapes","floor":44,"turns":3},{"damage":20,"enemies":"4 Shapes","floor":45,"turns":4},{"damage":55,"enemies":"Nemesis","floor":47,"turns":9},{"damage":37,"enemies":"Transient","floor":48,"turns":5},{"damage":118,"enemies":"Time Eater","floor":50,"turns":14}],"seed_played":"7563813759870556050","potions_obtained":[{"floor":1.0,"key":"EssenceOfSteel"},{"floor":3.0,"key":"GamblersBrew"},{"floor":7.0,"key":"Weak Potion"},{"floor":12.0,"key":"PowerPotion"},{"floor":27,"key":"Explosive Potion"},{"floor":29,"key":"LiquidBronze"},{"floor":38,"key":"LiquidBronze"},{"floor":39,"key":"EssenceOfSteel"},{"floor":40,"key":"Ancient Potion"},{"floor":47,"key":"Regen Potion"}],"is_trial":false,"path_per_floor":["M","?","M","M","M","R","E","R","T","E","M","M","M","M","R","B",null,"M","M","$","?","M","E","$","?","T","E","?","M","R","E","R","B",null,"M","?","M","?","M","E","M","$","T","M","M","$","E","M","R","B"],"character_chosen":"IRONCLAD","items_purchased":["Strange Spoon","Bronze Scales","Uppercut","HandDrill","War Paint"],"campfire_rested":2,"item_purchase_floors":[20,20,42,42,42],"current_hp_per_floor":[74,74,80,80,75,75,61,61,61,67,60,56,60,58,58,45,71,76,80,80,64,76,34,34,34,48,41,41,67,94,94,94,94,94,87,87,89,94,94,55,84,84,84,88,91,91,43,46,77,0],"gold":75,"neow_bonus":"ONE_RARE_RELIC","is_prod":false,"is_daily":false,"chose_seed":false,"campfire_upgraded":4,"win_rate":0,"timestamp":1563222046,"path_taken":["M","?","M","M","M","R","E","R","T","E","?","M","M","M","R","BOSS","M","M","$","?","M","E","$","?","T","E","?","?","R","E","R","BOSS","M","?","?","?","M","E","M","$","T","M","M","$","E","M","R","BOSS"],"build_version":"2019-07-05","purchased_purges":2,"victory":false,"max_hp_per_floor":[80,80,80,80,80,80,80,80,80,80,80,80,80,80,80,80,80,80,80,80,80,80,80,80,80,94,94,94,94,94,94,94,94,94,94,94,94,94,94,104,104,104,104,104,104,104,104,104,104,104],"card_choices":[{"not_picked":["True Grit","Sword Boomerang"],"picked":"Inflame","floor":1.0},{"not_picked":["Rampage","Pommel Strike"],"picked":"Battle Trance","floor":3.0},{"not_picked":["Heavy Blade","Warcry","True Grit"],"picked":"SKIP","floor":4.0},{"not_picked":["Exhume","Corruption"],"picked":"Flame Barrier","floor":5.0},{"not_picked":["Clash","Flex","Clothesline"],"picked":"SKIP","floor":7.0},{"not_picked":["Fire Breathing","Searing Blow","Cleave"],"picked":"SKIP","floor":10.0},{"not_picked":["Searing Blow","Warcry"],"picked":"Sentinel","floor":11.0},{"not_picked":["Headbutt","Wild Strike","Flex"],"picked":"SKIP","floor":12.0},{"not_picked":["Anger","Warcry"],"picked":"Dual Wield","floor":13.0},{"not_picked":["Impervious","Carnage","Burning Pact"],"picked":"SKIP","floor":14.0},{"not_picked":["Limit Break","Impervious"],"picked":"Reaper","floor":16.0},{"not_picked":["Hemokinesis","Evolve+1","Seeing Red"],"picked":"SKIP","floor":18.0},{"not_picked":["Sever Soul","Hemokinesis+1","Flame Barrier"],"picked":"SKIP","floor":19.0},{"not_picked":["Heavy Blade+1","Havoc+1"],"picked":"Armaments+1","floor":22.0},{"not_picked":["Dark Embrace","Anger"],"picked":"Immolate","floor":23},{"not_picked":["True Grit","Headbutt"],"picked":"Demon Form","floor":27},{"not_picked":["Whirlwind+1","Wild Strike","Armaments"],"picked":"SKIP","floor":29},{"not_picked":["Armaments","Headbutt"],"picked":"Fire Breathing","floor":31},{"not_picked":["Entrench","Headbutt"],"picked":"Feel No Pain","floor":35},{"not_picked":["Body Slam","Seeing Red+1"],"picked":"Shrug It Off+1","floor":37},{"not_picked":["Shrug It Off+1","Iron Wave"],"picked":"Power Through","floor":38},{"not_picked":["Havoc+1","Juggernaut"],"picked":"Anger+1","floor":39},{"not_picked":["Battle Trance","Second Wind"],"picked":"Disarm+1","floor":40},{"not_picked":["Hemokinesis+1","Clash","Rage"],"picked":"SKIP","floor":41},{"not_picked":["Pummel+1","Bloodletting"],"picked":"Sentinel+1","floor":44},{"not_picked":["Flex","Cleave+1","Rupture+1"],"picked":"SKIP","floor":45},{"not_picked":["Intimidate+1","Dual Wield","Thunderclap"],"picked":"SKIP","floor":47},{"not_picked":["Heavy Blade","Wild Strike+1","Flame Barrier"],"picked":"SKIP","floor":48}],"player_experience":662666,"relics_obtained":[{"floor":7.0,"key":"Bottled Tornado"},{"floor":9.0,"key":"Orichalcum"},{"floor":10.0,"key":"Omamori"},{"floor":21.0,"key":"Necronomicon"},{"floor":23,"key":"Nunchaku"},{"floor":26,"key":"Mango"},{"floor":27,"key":"Anchor"},{"floor":31,"key":"Gremlin Horn"},{"floor":38,"key":"Ginger"},{"floor":40,"key":"Tiny Chest"},{"floor":40,"key":"Pear"},{"floor":43,"key":"Art of War"},{"floor":47,"key":"Boot"},{"floor":47,"key":"Mercury Hourglass"}],"event_choices":[{"damage_healed":0.0,"max_hp_gain":0.0,"max_hp_loss":0.0,"gold_gain":0.0,"cards_transformed":["Strike_R"],"event_name":"Transmorgrifier","player_choice":"Transformed","floor":2.0,"gold_loss":0.0,"damage_taken":0.0,"cards_obtained":["Fiend Fire"]},{"damage_healed":0.0,"max_hp_gain":0.0,"max_hp_loss":0.0,"gold_gain":0.0,"event_name":"Cursed Tome","player_choice":"Obtained Book","floor":21.0,"gold_loss":0.0,"damage_taken":16.0},{"damage_healed":0,"gold_gain":0,"player_choice":"Inject Mutagens","damage_taken":0,"relics_obtained":["MutagenicStrength"],"max_hp_gain":0,"max_hp_loss":0,"event_name":"Drug Dealer","floor":25,"gold_loss":0},{"damage_healed":0,"gold_gain":0,"player_choice":"Bought 0 Potions","damage_taken":0,"max_hp_gain":0,"max_hp_loss":0,"event_name":"The Woman in Blue","floor":28,"gold_loss":0},{"damage_healed":0,"gold_gain":0,"player_choice":"Ignored","damage_taken":0,"max_hp_gain":0,"max_hp_loss":0,"event_name":"Transmorgrifier","floor":36,"gold_loss":0},{"damage_healed":0,"gold_gain":0,"player_choice":"Fight","damage_taken":0,"max_hp_gain":0,"max_hp_loss":0,"event_name":"MindBloom","floor":38,"gold_loss":0}],"is_beta":false,"boss_relics":[{"not_picked":["Fusion Hammer","Astrolabe"],"picked":"Mark of Pain"},{"not_picked":["Calling Bell","Orrery"],"picked":"Black Star"}],"items_purged_floors":[20,46],"is_endless":false,"potions_floor_spawned":[1,3,7,12,16,19,27,29,38,39,40,47],"killed_by":"Time Eater","ascension_level":5}