{"gold_per_floor":[110,110,127,139,139,139,157,157,157,174,47,47,61,61],"floor_reached":14,"playtime":222,"items_purged":[],"score":164,"play_id":"1ee33b28-7743-4fe9-b877-bf017e743e69","local_time":"20190620002531","is_ascension_mode":true,"campfire_choices":[{"data":"Dualcast","floor":6,"key":"SMITH"},{"data":"Zap","floor":8,"key":"SMITH"},{"data":"Loop","floor":12,"key":"SMITH"}],"neow_cost":"NONE","seed_source_timestamp":133907651722339,"circlet_count":0,"master_deck":["AscendersBane","Strike_B","Strike_B","Strike_B","Strike_B","Defend_B","Defend_B","Defend_B","Defend_B","Zap+1","Dualcast+1","Ball Lightning","Rip and Tear","Coolheaded","Loop+1","Creative AI"],"relics":["Cracked Core","NeowsBlessing","Singing Bowl","Mummified Hand"],"potions_floor_usage":[10],"damage_taken":[{"damage":0,"enemies":"Cultist","floor":1,"turns":1},{"damage":0,"enemies":"2 Louse","floor":3,"turns":1},{"damage":0,"enemies":"Jaw Worm","floor":4,"turns":1},{"damage":22,"enemies":"Exordium Thugs","floor":7,"turns":5},{"damage":35,"enemies":"Gremlin Gang","floor":10,"turns":4},{"damage":9,"enemies":"Looter","floor":13,"turns":2},{"damage":9,"enemies":"Exordium Thugs","floor":14,"turns":1}],"seed_played":"-6696492310032963649","potions_obtained":[{"floor":3,"key":"Ancient Potion"},{"floor":7,"key":"Poison Potion"}],"is_trial":false,"path_per_floor":["M","T","M","M","?","R","M","R","T","M","$","R","M","M"],"character_chosen":"DEFECT","items_purchased":["Coolheaded","Loop"],"campfire_rested":0,"item_purchase_floors":[11,11],"current_hp_per_floor":[64,64,66,68,68,68,48,48,48,13,13,13,4,0],"gold":61,"neow_bonus":"THREE_ENEMY_KILL","is_prod":false,"is_daily":false,"chose_seed":false,"campfire_upgraded":3,"win_rate":0,"timestamp":1560961531,"path_taken":["M","?","M","M","?","R","M","R","T","M","$","R","M","M"],"build_version":"2019-01-23","purchased_purges":0,"victory":false,"max_hp_per_floor":[71,71,73,75,75,75,77,77,77,77,77,77,77,77],"card_choices":[{"not_picked":["Barrage","Leap"],"picked":"Ball Lightning","floor":1},{"not_picked":["Sweeping Beam","Consume","Lockon"],"picked":"Singing Bowl","floor":3},{"not_picked":["Cold Snap","Rebound","Beam Cell"],"picked":"Singing Bowl","floor":4},{"not_picked":["Storm","Rebound","Genetic Algorithm"],"picked":"Singing Bowl","floor":7},{"not_picked":["Compile Driver","BootSequence"],"picked":"Rip and Tear","floor":10},{"not_picked":["Tempest","Redo"],"picked":"Creative AI","floor":13}],"player_experience":990934,"relics_obtained":[{"floor":2,"key":"Singing Bowl"},{"floor":9,"key":"Mummified Hand"}],"event_choices":[{"damage_healed":0,"gold_gain":0,"player_choice":"Ignored","damage_taken":0,"max_hp_gain":0,"max_hp_loss":0,"event_name":"Liars Game","floor":5,"gold_loss":0}],"is_beta":false,"boss_relics":[],"items_purged_floors":[],"is_endless":false,"potions_floor_spawned":[3,7],"killed_by":"Exordium Thugs","ascension_level":20}