{"gold_per_floor":[117,133,144,154,154,154,6,6,6,20,34,64,38,66,66,171,171,171,171,171,171,120,120,120,120,120,120,120,120,120,120,120,120,120,120,0,0,0,0],"floor_reached":39,"playtime":11554,"items_purged":[],"score":511,"play_id":"480d0f19-c5a9-488c-b7c6-6768e0bcc208","local_time":"20190709150914","is_ascension_mode":true,"campfire_choices":[{"data":"Apotheosis","floor":6,"key":"SMITH"},{"floor":8,"key":"REST"},{"data":"Rage","floor":15,"key":"SMITH"},{"data":"Barricade","floor":23,"key":"SMITH"},{"data":"Magnetism","floor":32,"key":"SMITH"}],"neow_cost":"TEN_PERCENT_HP_LOSS","seed_source_timestamp":2044789610159600,"circlet_count":0,"master_deck":["Defend_R","Defend_R","Defend_R","Defend_R","Bash","Magnetism+1","Apotheosis+1","Disarm","Havoc","Pommel Strike","Pummel","Metallicize","Seeing Red","Shrug It Off","Rage+1","Barricade+1","Body Slam","Cleave","True Grit","Body Slam","Bite","Bite","Bite","Bite","Bite","Double Tap","Feed","Clothesline+1"],"relics":["Black Blood","Self Forming Clay","Pen Nib","Letter Opener","Turnip","Ornamental Fan","Ectoplasm","The Courier","Mummified Hand","Red Mask"],"potions_floor_usage":[16,24,27,27,28,33,37,39],"damage_taken":[{"damage":6,"enemies":"Cultist","floor":1,"turns":4},{"damage":11,"enemies":"2 Louse","floor":2,"turns":4},{"damage":10,"enemies":"Jaw Worm","floor":3,"turns":4},{"damage":29,"enemies":"3 Louse","floor":4,"turns":4},{"damage":2,"enemies":"2 Fungi Beasts","floor":10,"turns":3},{"damage":3,"enemies":"Exordium Wildlife","floor":11,"turns":3},{"damage":20,"enemies":"3 Sentries","floor":14,"turns":7},{"damage":19,"enemies":"The Guardian","floor":16,"turns":13},{"damage":8,"enemies":"3 Byrds","floor":18,"turns":7},{"damage":10,"enemies":"Spheric Guardian","floor":19,"turns":6},{"damage":46,"enemies":"Slavers","floor":24,"turns":4},{"damage":5,"enemies":"3 Cultists","floor":27,"turns":6},{"damage":4,"enemies":"Centurion and Healer","floor":28,"turns":6},{"damage":15,"enemies":"Snecko","floor":29,"turns":6},{"damage":13,"enemies":"Snake Plant","floor":30,"turns":3},{"damage":33,"enemies":"Collector","floor":33,"turns":7},{"damage":33,"enemies":"3 Shapes","floor":35,"turns":7},{"damage":15,"enemies":"Orb Walker","floor":37,"turns":4},{"damage":20,"enemies":"Maw","floor":38,"turns":9},{"damage":54,"enemies":"2 Orb Walkers","floor":39,"turns":4}],"seed_played":"5499214950570381494","potions_obtained":[{"floor":2,"key":"Swift Potion"},{"floor":11,"key":"EssenceOfSteel"},{"floor":14,"key":"SpeedPotion"},{"floor":19,"key":"Explosive Potion"},{"floor":27,"key":"EssenceOfSteel"},{"floor":30,"key":"Explosive Potion"},{"floor":33,"key":"Energy Potion"},{"floor":38,"key":"Dexterity Potion"}],"is_trial":false,"path_per_floor":["M","M","M","M","T","R","$","R","T","M","M","?","$","E","R","B",null,"M","M","?","?","$","R","E","?","T","M","M","M","M","$","R","B",null,"M","?","M","M","?"],"character_chosen":"IRONCLAD","items_purchased":["Pen Nib","Shrug It Off","True Grit"],"campfire_rested":1,"item_purchase_floors":[7,13,22],"current_hp_per_floor":[72,67,63,40,40,40,40,61,61,65,68,68,68,54,54,41,72,70,66,66,53,53,53,13,13,13,37,53,47,48,48,48,53,53,38,38,43,53,0],"gold":0,"neow_bonus":"RANDOM_COLORLESS_2","is_prod":false,"is_daily":false,"chose_seed":false,"campfire_upgraded":4,"win_rate":0,"timestamp":1562710154,"path_taken":["M","M","?","M","?","R","$","R","T","?","M","?","?","E","R","BOSS","M","M","?","?","$","R","E","?","T","M","M","M","?","$","R","BOSS","M","?","M","M","?"],"build_version":"2019-07-05","purchased_purges":0,"victory":false,"max_hp_per_floor":[72,72,72,72,72,72,72,72,72,72,72,72,72,72,72,72,72,72,72,72,77,77,77,77,53,53,53,53,53,53,53,53,53,53,53,53,53,53,53],"card_choices":[{"not_picked":["Body Slam","Entrench"],"picked":"Disarm","floor":1},{"not_picked":["Perfected Strike","Iron Wave"],"picked":"Havoc","floor":2},{"not_picked":["Bloodletting","Whirlwind"],"picked":"Pommel Strike","floor":3},{"not_picked":["Sword Boomerang","Clash"],"picked":"Pummel","floor":4},{"not_picked":["Armaments","Havoc"],"picked":"Metallicize","floor":10},{"not_picked":["Headbutt","Corruption"],"picked":"Seeing Red","floor":11},{"not_picked":["Whirlwind","Flex"],"picked":"Rage","floor":14},{"not_picked":["Feed","Demon Form"],"picked":"Barricade","floor":16},{"not_picked":["Bloodletting","Shrug It Off"],"picked":"Body Slam","floor":18},{"not_picked":["Clash+1","Shrug It Off"],"picked":"Cleave","floor":19},{"not_picked":["Sentinel","Infernal Blade"],"picked":"Body Slam","floor":24},{"not_picked":["Clothesline","Heavy Blade"],"picked":"Double Tap","floor":27},{"not_picked":["Heavy Blade","Pommel Strike","Cleave+1"],"picked":"SKIP","floor":28},{"not_picked":["Thunderclap","Pummel+1","Sword Boomerang"],"picked":"SKIP","floor":29},{"not_picked":["Pommel Strike","Twin Strike","True Grit"],"picked":"SKIP","floor":30},{"not_picked":["Reaper","Brutality"],"picked":"Feed","floor":33},{"not_picked":["Heavy Blade+1","Thunderclap+1"],"picked":"Clothesline+1","floor":35},{"not_picked":["Shrug It Off+1","Clash+1","Inflame+1"],"picked":"SKIP","floor":37},{"not_picked":["Shockwave+1","Warcry+1","Flex"],"picked":"SKIP","floor":38}],"player_experience":619426,"relics_obtained":[{"floor":5,"key":"Self Forming Clay"},{"floor":9,"key":"Letter Opener"},{"floor":14,"key":"Ornamental Fan"},{"floor":24,"key":"The Courier"},{"floor":26,"key":"Mummified Hand"}],"event_choices":[{"damage_healed":0,"gold_gain":30,"player_choice":"Searched \u00273\u0027 times","damage_taken":0,"relics_obtained":["Turnip"],"max_hp_gain":0,"max_hp_loss":0,"event_name":"Dead Adventurer","floor":12,"gold_loss":0},{"cards_removed":["Strike_R"],"damage_healed":0,"gold_gain":0,"player_choice":"Elegance","damage_taken":0,"max_hp_gain":0,"max_hp_loss":0,"event_name":"Back to Basics","floor":20,"gold_loss":0},{"damage_healed":0,"gold_gain":0,"player_choice":"Shed Blood","damage_taken":18,"max_hp_gain":5,"max_hp_loss":0,"event_name":"Forgotten Altar","floor":21,"gold_loss":0},{"damage_healed":0,"gold_gain":0,"player_choice":"Became a vampire","damage_taken":0,"max_hp_gain":0,"max_hp_loss":24,"event_name":"Vampires","floor":25,"gold_loss":0,"cards_obtained":["Bite","Bite","Bite","Bite","Bite"]},{"damage_healed":0,"gold_gain":0,"player_choice":"Paid","damage_taken":0,"relics_obtained":["Red Mask"],"max_hp_gain":0,"max_hp_loss":0,"event_name":"Tomb of Lord Red Mask","floor":36,"gold_loss":120},{"damage_healed":0,"gold_gain":0,"player_choice":"Fight","damage_taken":0,"max_hp_gain":0,"max_hp_loss":0,"event_name":"Mysterious Sphere","floor":39,"gold_loss":0}],"is_beta":false,"boss_relics":[{"not_picked":["Runic Pyramid","Tiny House"],"picked":"Ectoplasm"},{"not_picked":["Astrolabe","Busted Crown"],"picked":"Black Blood"}],"items_purged_floors":[],"is_endless":false,"potions_floor_spawned":[2,11,14,19,27,30,33,38],"killed_by":"2 Orb Walkers","ascension_level":4}