{"gold_per_floor":[111,111,122,122,138,138,164,164,217,247,264,279,307,307,307,386,386,401,418,418],"floor_reached":20,"playtime":720,"items_purged":[],"score":348,"play_id":"12c3f052-2d72-47e7-92bf-1939e4eefa17","local_time":"20190516152209","is_ascension_mode":true,"campfire_choices":[{"data":"True Grit","floor":6.0,"key":"SMITH"},{"floor":8.0,"key":"REST"},{"data":"Barricade","floor":15.0,"key":"SMITH"}],"neow_cost":"NONE","seed_source_timestamp":2094427570698281,"circlet_count":0,"master_deck":["AscendersBane","Strike_R","Strike_R","Defend_R","Defend_R","Defend_R","Bash","Flex+1","Ghostly Armor+1","True Grit+1","Headbutt","Pummel","Barricade+1","Feel No Pain+1","Sword Boomerang","Rampage","Limit Break+1","Entrench+1","Burning Pact+1"],"special_seed":0,"relics":["Astrolabe","Blood Vial","Frozen Egg 2","Centennial Puzzle","Bag of Preparation","Odd Mushroom","Toxic Egg 2","Eternal Feather"],"potions_floor_usage":[19,20],"damage_taken":[{"damage":10.0,"enemies":"Small Slimes","floor":1.0,"turns":5.0},{"damage":2.0,"enemies":"Jaw Worm","floor":3.0,"turns":5.0},{"damage":0.0,"enemies":"2 Louse","floor":5.0,"turns":3.0},{"damage":54.0,"enemies":"Gremlin Nob","floor":7.0,"turns":6.0},{"damage":5.0,"enemies":"2 Fungi Beasts","floor":11.0,"turns":3.0},{"damage":9.0,"enemies":"3 Louse","floor":12.0,"turns":4.0},{"damage":5.0,"enemies":"The Mushroom Lair","floor":13.0,"turns":4.0},{"damage":25.0,"enemies":"The Guardian","floor":16.0,"turns":11.0},{"damage":17.0,"enemies":"2 Thieves","floor":18.0,"turns":3.0},{"damage":34,"enemies":"3 Byrds","floor":19,"turns":6},{"damage":5,"enemies":"3 Cultists","floor":20,"turns":3}],"seed_played":"-5214060096756706465","potions_obtained":[{"floor":3.0,"key":"Regen Potion"},{"floor":5.0,"key":"Ancient Potion"},{"floor":13.0,"key":"GamblersBrew"},{"floor":19,"key":"Regen Potion"}],"is_trial":false,"path_per_floor":["M","?","M","?","M","R","E","R","T","?","M","M","?","?","R","B",null,"M","M","M"],"character_chosen":"IRONCLAD","items_purchased":[],"campfire_rested":1,"item_purchase_floors":[],"current_hp_per_floor":[58,53,53,53,55,55,18,40,40,40,37,30,27,27,27,4,57,42,10,16],"gold":418,"neow_bonus":"BOSS_RELIC","is_prod":false,"is_daily":false,"chose_seed":false,"campfire_upgraded":2,"win_rate":0,"timestamp":1557991329,"path_taken":["M","?","M","?","M","R","E","R","T","?","M","M","?","?","R","BOSS","M","M","?"],"build_version":"2019-01-23","purchased_purges":0,"victory":false,"max_hp_per_floor":[75,75,75,75,75,75,75,75,75,75,75,75,75,75,75,75,75,75,75,75],"card_choices":[{"not_picked":["Shrug It Off","Warcry"],"picked":"True Grit","floor":1.0},{"not_picked":["Wild Strike","Flex"],"picked":"Headbutt","floor":3.0},{"not_picked":["Warcry","Thunderclap"],"picked":"Barricade","floor":5.0},{"not_picked":["Anger","Blood for Blood","Shrug It Off"],"picked":"SKIP","floor":7.0},{"not_picked":["Pommel Strike","Perfected Strike"],"picked":"Feel No Pain+1","floor":11.0},{"not_picked":["Dropkick","Carnage"],"picked":"Sword Boomerang","floor":12.0},{"not_picked":["Shrug It Off","Iron Wave"],"picked":"Rampage","floor":13.0},{"not_picked":["Fiend Fire","Impervious+1"],"picked":"Limit Break+1","floor":16.0},{"not_picked":["Armaments+1","Reckless Charge"],"picked":"Entrench+1","floor":18.0},{"not_picked":["Flex+1","Iron Wave"],"picked":"Burning Pact+1","floor":19}],"player_experience":850331,"relics_obtained":[{"floor":7.0,"key":"Frozen Egg 2"},{"floor":9.0,"key":"Centennial Puzzle"},{"floor":13.0,"key":"Odd Mushroom"}],"event_choices":[{"damage_healed":0.0,"max_hp_gain":0.0,"max_hp_loss":0.0,"gold_gain":0.0,"event_name":"Scrap Ooze","player_choice":"Success","floor":2.0,"gold_loss":0.0,"damage_taken":5.0,"relics_obtained":["Blood Vial"]},{"damage_healed":0.0,"max_hp_gain":0.0,"max_hp_loss":0.0,"gold_gain":0.0,"cards_transformed":["Strike_R"],"event_name":"Living Wall","player_choice":"Change","floor":4.0,"gold_loss":0.0,"damage_taken":0.0,"cards_obtained":["Pummel"]},{"damage_healed":0.0,"max_hp_gain":0.0,"max_hp_loss":0.0,"gold_gain":30.0,"event_name":"Dead Adventurer","player_choice":"Searched \u00272\u0027 times","floor":10.0,"gold_loss":0.0,"damage_taken":0.0,"relics_obtained":["Bag of Preparation"]},{"damage_healed":0.0,"max_hp_gain":0.0,"max_hp_loss":0.0,"gold_gain":0.0,"event_name":"Mushrooms","player_choice":"Fought Mushrooms","floor":13.0,"gold_loss":0.0,"damage_taken":0.0},{"cards_removed":["Metallicize"],"damage_healed":0.0,"max_hp_gain":0.0,"max_hp_loss":0.0,"gold_gain":0.0,"event_name":"WeMeetAgain","player_choice":"Gave Card","floor":14.0,"gold_loss":0.0,"damage_taken":0.0,"relics_obtained":["Toxic Egg 2"]}],"is_beta":false,"boss_relics":[{"not_picked":["Lizard Tail","Tiny House"],"picked":"Eternal Feather"}],"items_purged_floors":[],"is_endless":false,"potions_floor_spawned":[3,5,13,19],"killed_by":"3 Cultists","ascension_level":20}