{"gold_per_floor":[110,122,137,25,25,25,54,54,54,70,102,121,41,41,41,142,142,156,256,276,290,302,302,4,32,32,32,42,60,60,89,89,186,186,201,201,0,100,120,146,146,158,158,158],"floor_reached":44,"playtime":4852,"items_purged":["Strike_G"],"score":539,"play_id":"3e8d1171-0092-4564-a4ce-eb9efd4b230f","local_time":"20190310232741","is_ascension_mode":true,"campfire_choices":[{"data":"Deadly Poison","floor":6,"key":"SMITH"},{"data":"Accuracy","floor":8,"key":"SMITH"},{"floor":15,"key":"REST"},{"floor":23,"key":"REST"},{"floor":27,"key":"REST"},{"floor":32,"key":"REST"},{"floor":41,"key":"REST"}],"neow_cost":"NONE","seed_source_timestamp":342596764967200,"circlet_count":0,"master_deck":["Defend_G","Defend_G","Defend_G","Defend_G","Defend_G","Strike_G","Strike_G","Strike_G","Strike_G","Survivor","Neutralize","Deadly Poison+1","Flying Knee","Accuracy+1","Noxious Fumes","Cloak And Dagger","Corpse Explosion+1","Burst","Crippling Poison","Deadly Poison+1","Crippling Poison+1","Dodge and Roll+1","Predator+1","Blade Dance+1","Madness+1","Madness+1","Cloak And Dagger+1","Leg Sweep+1","Storm of Steel+1","Outmaneuver+1"],"relics":["Ring of the Snake","NeowsBlessing","Ninja Scroll","Question Card","Ornamental Fan","Busted Crown","Tingsha","Dodecahedron","Thread and Needle","Toxic Egg 2","Art of War","Snake Skull","Eternal Feather","Red Mask","Calipers","Prayer Wheel"],"potions_floor_usage":[10,16,16,28,31,31,31,31,31,31,42,44,44],"damage_taken":[{"damage":0,"enemies":"Jaw Worm","floor":1,"turns":1},{"damage":0,"enemies":"Small Slimes","floor":2,"turns":1},{"damage":0,"enemies":"2 Louse","floor":3,"turns":1},{"damage":28,"enemies":"Lagavulin","floor":7,"turns":8},{"damage":7,"enemies":"Blue Slaver","floor":10,"turns":2},{"damage":9,"enemies":"3 Sentries","floor":11,"turns":8},{"damage":0,"enemies":"Looter","floor":12,"turns":3},{"damage":26,"enemies":"Hexaghost","floor":16,"turns":8},{"damage":6,"enemies":"Chosen","floor":18,"turns":5},{"damage":16,"enemies":"Colosseum Slavers","floor":19,"turns":2},{"damage":42,"enemies":"Colosseum Nobs","floor":19,"turns":6},{"damage":1,"enemies":"Shell Parasite","floor":20,"turns":7},{"damage":8,"enemies":"Centurion and Healer","floor":21,"turns":4},{"damage":0,"enemies":"Chosen and Byrds","floor":22,"turns":4},{"damage":17,"enemies":"Slavers","floor":25,"turns":3},{"damage":0,"enemies":"Cultist and Chosen","floor":28,"turns":4},{"damage":0,"enemies":"3 Cultists","floor":29,"turns":2},{"damage":4,"enemies":"Gremlin Leader","floor":31,"turns":5},{"damage":42,"enemies":"Collector","floor":33,"turns":7},{"damage":4,"enemies":"Orb Walker","floor":35,"turns":4},{"damage":3,"enemies":"Mind Bloom Boss Battle","floor":38,"turns":7},{"damage":0,"enemies":"3 Darklings","floor":39,"turns":2},{"damage":28,"enemies":"Giant Head","floor":40,"turns":8},{"damage":2,"enemies":"Writhing Mass","floor":42,"turns":5},{"damage":70,"enemies":"Reptomancer","floor":44,"turns":6}],"seed_played":"5784365967931200117","potions_obtained":[{"floor":3,"key":"PowerPotion"},{"floor":7,"key":"Fruit Juice"},{"floor":12,"key":"PowerPotion"},{"floor":21,"key":"SteroidPotion"},{"floor":22,"key":"GamblersBrew"},{"floor":25,"key":"EntropicBrew"},{"floor":28,"key":"Energy Potion"},{"floor":33,"key":"Swift Potion"},{"floor":35,"key":"Weak Potion"},{"floor":42,"key":"SteroidPotion"}],"is_trial":false,"path_per_floor":["M","M","M","$","?","R","E","R","T","M","E","M","$","?","R","B",null,"M","?","M","M","M","R","$","E","T","R","M","M","?","E","R","B",null,"M","?","?","?","M","E","R","M","T","E"],"character_chosen":"THE_SILENT","items_purchased":["Accuracy","Corpse Explosion","Thread and Needle"],"campfire_rested":5,"item_purchase_floors":[4,13,24],"current_hp_per_floor":[70,70,70,70,70,70,42,42,42,40,31,31,31,31,53,27,75,69,11,10,2,2,24,24,7,7,29,29,29,54,50,72,30,75,71,62,62,59,59,31,68,66,66,0],"gold":158,"neow_bonus":"THREE_ENEMY_KILL","is_prod":false,"is_daily":false,"chose_seed":false,"campfire_upgraded":2,"win_rate":0,"timestamp":1552285661,"path_taken":["M","M","M","$","?","R","E","R","T","M","E","M","$","?","R","BOSS","M","?","M","M","M","R","$","E","T","R","M","M","?","E","R","BOSS","M","?","?","?","M","E","R","M","T","E"],"build_version":"2019-01-23","purchased_purges":1,"victory":false,"max_hp_per_floor":[70,70,70,70,70,70,70,70,70,75,75,75,75,75,75,75,75,75,75,75,75,75,75,75,75,75,75,75,75,75,75,75,75,75,75,75,75,75,75,75,75,75,75,75],"card_choices":[{"not_picked":["Dagger Spray","Deflect","Slice"],"picked":"SKIP","floor":1},{"not_picked":["Deflect","Dagger Spray"],"picked":"Deadly Poison","floor":2},{"not_picked":["Blade Dance","Cloak And Dagger"],"picked":"Flying Knee","floor":3},{"not_picked":["PiercingWail","Deadly Poison"],"picked":"Noxious Fumes","floor":7},{"not_picked":["Quick Slash","Deflect","Malaise","Endless Agony"],"picked":"SKIP","floor":10},{"not_picked":["Quick Slash","Prepared","Dodge and Roll"],"picked":"Cloak And Dagger","floor":11},{"not_picked":["Underhanded Strike","Dodge and Roll","PiercingWail","Bane"],"picked":"SKIP","floor":12},{"not_picked":["Unload","A Thousand Cuts","Malaise"],"picked":"Burst","floor":16},{"not_picked":["Quick Slash","Deflect"],"picked":"SKIP","floor":18},{"not_picked":["Sucker Punch"],"picked":"Crippling Poison","floor":19},{"not_picked":["Quick Slash","Deflect+1"],"picked":"SKIP","floor":20},{"not_picked":["Deflect","Expertise"],"picked":"SKIP","floor":21},{"not_picked":["Acrobatics"],"picked":"Deadly Poison+1","floor":22},{"not_picked":["Flying Knee"],"picked":"Crippling Poison","floor":25},{"not_picked":["Acrobatics+1","Underhanded Strike"],"picked":"SKIP","floor":28},{"not_picked":["Acrobatics+1"],"picked":"Dodge and Roll+1","floor":29},{"not_picked":["Acrobatics+1"],"picked":"Predator+1","floor":31},{"not_picked":["Cloak And Dagger+1"],"picked":"Blade Dance+1","floor":35},{"not_picked":["Bane+1"],"picked":"Cloak And Dagger+1","floor":39},{"not_picked":["Dodge and Roll+1"],"picked":"Leg Sweep+1","floor":40},{"not_picked":["Dodge and Roll+1"],"picked":"Storm of Steel+1","floor":42},{"not_picked":["Underhanded Strike+1"],"picked":"Outmaneuver+1","floor":42}],"player_experience":205471,"relics_obtained":[{"floor":7,"key":"Ninja Scroll"},{"floor":9,"key":"Question Card"},{"floor":11,"key":"Ornamental Fan"},{"floor":19,"key":"Tingsha"},{"floor":19,"key":"Dodecahedron"},{"floor":25,"key":"Toxic Egg 2"},{"floor":26,"key":"Art of War"},{"floor":31,"key":"Snake Skull"},{"floor":38,"key":"Calipers"},{"floor":40,"key":"Prayer Wheel"}],"event_choices":[{"damage_healed":0,"gold_gain":0,"player_choice":"Ignored","damage_taken":0,"max_hp_gain":0,"max_hp_loss":0,"event_name":"Liars Game","floor":5,"gold_loss":0},{"damage_healed":0,"gold_gain":0,"player_choice":"Grow","damage_taken":0,"max_hp_gain":0,"max_hp_loss":0,"event_name":"Living Wall","floor":14,"gold_loss":0,"cards_upgraded":["Corpse Explosion"]},{"damage_healed":0,"gold_gain":0,"player_choice":"Fight","damage_taken":0,"max_hp_gain":0,"max_hp_loss":0,"event_name":"Colosseum","floor":19,"gold_loss":0},{"damage_healed":0,"gold_gain":0,"player_choice":"Fought Nobs","damage_taken":0,"max_hp_gain":0,"max_hp_loss":0,"event_name":"Colosseum","floor":19,"gold_loss":0},{"damage_healed":25,"gold_gain":0,"player_choice":"Heal","damage_taken":0,"max_hp_gain":0,"max_hp_loss":0,"event_name":"The Library","floor":30,"gold_loss":0},{"damage_healed":0,"gold_gain":0,"player_choice":"Embrace Madness","damage_taken":9,"max_hp_gain":0,"max_hp_loss":0,"event_name":"Winding Halls","floor":36,"gold_loss":0,"cards_obtained":["Madness","Madness"]},{"damage_healed":0,"gold_gain":0,"player_choice":"Paid","damage_taken":0,"relics_obtained":["Red Mask"],"max_hp_gain":0,"max_hp_loss":0,"event_name":"Tomb of Lord Red Mask","floor":37,"gold_loss":201},{"damage_healed":0,"gold_gain":0,"player_choice":"Fight","damage_taken":0,"max_hp_gain":0,"max_hp_loss":0,"event_name":"MindBloom","floor":38,"gold_loss":0}],"is_beta":false,"boss_relics":[{"not_picked":["Runic Pyramid","Pandora\u0027s Box"],"picked":"Busted Crown"},{"not_picked":["Black Star","Velvet Choker"],"picked":"Eternal Feather"}],"items_purged_floors":[4],"is_endless":false,"potions_floor_spawned":[3,7,12,19,21,22,25,28,33,35,42],"killed_by":"Reptomancer","ascension_level":1}