{"gold_per_floor":[119,119,119,139,139,175,188,223,223,223,223,223,238,274,274,399,399,417,417,442,35,51,90,90,110,110,148,169,204,204,69,69,190,190,206,224,57,80,80,124,149,193,193,229,229,263,263,277,277,277,277,277,30,65,65],"floor_reached":56,"playtime":5311,"items_purged":["Injury","Strike_G"],"score":1784,"play_id":"f521af37-f675-4141-ac0c-04c334f86454","local_time":"20190716230826","is_ascension_mode":true,"campfire_choices":[{"floor":10.0,"key":"REST"},{"floor":12.0,"key":"REST"},{"data":"Well Laid Plans","floor":15.0,"key":"SMITH"},{"floor":24.0,"key":"RECALL"},{"floor":32.0,"key":"REST"},{"floor":49,"key":"REST"},{"floor":52,"key":"REST"}],"neow_cost":"NONE","seed_source_timestamp":0,"circlet_count":0,"master_deck":["Strike_G","Strike_G+1","Defend_G","Defend_G+1","Defend_G","Defend_G","Defend_G+1","Survivor","Neutralize","Crippling Poison+1","Blade Dance","Well Laid Plans+1","Footwork","Acrobatics","Deadly Poison","PiercingWail","Adrenaline","Backflip+1","Catalyst+1","Leg Sweep","Wraith Form v2","Cloak And Dagger+1","Backflip","Dagger Spray","Dagger Spray+1","Bullet Time","Accuracy","After Image","Night Terror+1","Wraith Form v2","Well Laid Plans","Deflect+1","Noxious Fumes","Backflip+1","Writhe","Bane+1","Adrenaline","Accuracy","Accuracy+1","Infinite Blades+1"],"special_seed":0,"relics":["Ring of the Snake","NeowsBlessing","Golden Idol","Strawberry","Question Card","Ancient Tea Set","Mercury Hourglass","War Paint","Vajra","Fusion Hammer","Shuriken","Paper Crane","Lantern","Snake Skull","Busted Crown","Meat on the Bone","Pantograph","Dodecahedron","Frozen Egg 2","Oddly Smooth Stone","Boot","Letter Opener","Orichalcum"],"potions_floor_usage":[44,55,55],"damage_taken":[{"damage":0.0,"enemies":"Jaw Worm","floor":1.0,"turns":1.0},{"damage":0.0,"enemies":"2 Louse","floor":4.0,"turns":1.0},{"damage":0.0,"enemies":"Lagavulin","floor":6.0,"turns":1.0},{"damage":1.0,"enemies":"Small Slimes","floor":7.0,"turns":3.0},{"damage":40.0,"enemies":"Gremlin Nob","floor":8.0,"turns":6.0},{"damage":4.0,"enemies":"Gremlin Gang","floor":13.0,"turns":3.0},{"damage":17.0,"enemies":"Lagavulin","floor":14.0,"turns":7.0},{"damage":2.0,"enemies":"The Guardian","floor":16.0,"turns":11.0},{"damage":4.0,"enemies":"Shell Parasite","floor":18.0,"turns":5.0},{"damage":10.0,"enemies":"Spheric Guardian","floor":20.0,"turns":5.0},{"damage":0.0,"enemies":"Snake Plant","floor":22.0,"turns":4.0},{"damage":5.0,"enemies":"Gremlin Leader","floor":23.0,"turns":5.0},{"damage":6.0,"enemies":"Snecko","floor":25.0,"turns":5.0},{"damage":7.0,"enemies":"Slavers","floor":27.0,"turns":5.0},{"damage":1.0,"enemies":"Cultist and Chosen","floor":28.0,"turns":5.0},{"damage":3.0,"enemies":"Book of Stabbing","floor":29.0,"turns":5.0},{"damage":22.0,"enemies":"Automaton","floor":33.0,"turns":12.0},{"damage":0.0,"enemies":"Orb Walker","floor":35.0,"turns":4.0},{"damage":0.0,"enemies":"3 Darklings","floor":36.0,"turns":3.0},{"damage":19.0,"enemies":"Jaw Worm Horde","floor":38.0,"turns":6.0},{"damage":4.0,"enemies":"Nemesis","floor":40.0,"turns":7.0},{"damage":1.0,"enemies":"Transient","floor":41.0,"turns":5.0},{"damage":19,"enemies":"Reptomancer","floor":42,"turns":6},{"damage":5,"enemies":"Giant Head","floor":44,"turns":6},{"damage":18,"enemies":"Nemesis","floor":46,"turns":5},{"damage":0,"enemies":"3 Darklings","floor":48,"turns":3},{"damage":0,"enemies":"Donu and Deca","floor":50,"turns":9},{"damage":1,"enemies":"Shield and Spear","floor":54,"turns":7},{"damage":64,"enemies":"The Heart","floor":55,"turns":9}],"seed_played":"-2907293344343599243","potions_obtained":[{"floor":4.0,"key":"Weak Potion"},{"floor":7.0,"key":"LiquidBronze"},{"floor":14.0,"key":"Energy Potion"},{"floor":16.0,"key":"EntropicBrew"},{"floor":18.0,"key":"Ancient Potion"},{"floor":46,"key":"Block Potion"},{"floor":48,"key":"PowerPotion"}],"is_trial":false,"path_per_floor":["M","?","?","M","?","E","M","E","T","R","?","R","M","E","R","B",null,"M","?","M","$","M","E","R","M","T","E","M","E","?","$","R","B",null,"M","M","$","M","?","E","M","E","T","E","T","E","?","M","R","B",null,"R","$","E","B",null],"character_chosen":"THE_SILENT","items_purchased":["Shuriken","Leg Sweep","Night Terror","Noxious Fumes","Letter Opener"],"campfire_rested":5,"item_purchase_floors":[21,21,31,37,53],"current_hp_per_floor":[63,49,49,49,49,49,48,8,8,31,31,54,50,33,33,31,66,62,62,52,52,52,47,47,41,41,34,33,30,30,30,53,31,66,66,66,66,47,66,62,61,42,42,49,49,43,43,43,66,77,77,77,77,76,25],"gold":65,"neow_bonus":"THREE_ENEMY_KILL","is_prod":false,"is_daily":false,"chose_seed":false,"campfire_upgraded":1,"win_rate":0,"timestamp":1563332906,"path_taken":["M","?","?","M","?","E","M","E","T","R","?","R","?","E","R","BOSS","M","?","M","$","M","E","R","M","T","E","M","E","?","$","R","BOSS","M","M","$","M","?","E","M","E","T","E","?","E","?","?","R","BOSS","R","$","E","BOSS"],"build_version":"2019-07-05","purchased_purges":2,"victory":true,"max_hp_per_floor":[70,70,70,70,77,77,77,77,77,77,77,77,77,77,77,77,77,77,77,77,77,77,77,77,77,77,77,77,77,77,77,77,77,77,77,77,77,77,77,77,77,77,77,77,77,77,77,77,77,77,77,77,77,77,77],"card_choices":[{"not_picked":["Deflect","Underhanded Strike"],"picked":"Crippling Poison","floor":1.0},{"not_picked":["Sucker Punch","Quick Slash"],"picked":"Blade Dance","floor":4.0},{"not_picked":["Underhanded Strike","Predator"],"picked":"Well Laid Plans","floor":6.0},{"not_picked":["Cloak And Dagger","Outmaneuver","Catalyst"],"picked":"Footwork","floor":7.0},{"not_picked":["Finisher","Quick Slash","Night Terror"],"picked":"Acrobatics","floor":8.0},{"not_picked":["Flying Knee","Deflect","Prepared"],"picked":"Deadly Poison","floor":13.0},{"not_picked":["Eviscerate","Quick Slash","Dodge and Roll"],"picked":"PiercingWail","floor":14.0},{"not_picked":["Unload","Venomology","Tools of the Trade"],"picked":"Adrenaline","floor":16.0},{"not_picked":["Calculated Gamble","Prepared","Quick Slash+1"],"picked":"Backflip+1","floor":18.0},{"not_picked":["Cloak And Dagger","Deadly Poison","Underhanded Strike"],"picked":"Catalyst+1","floor":20.0},{"not_picked":["Bane","Blade Dance","Slice"],"picked":"Wraith Form v2","floor":22.0},{"not_picked":["Slice","Outmaneuver","Dagger Throw"],"picked":"Cloak And Dagger+1","floor":23.0},{"not_picked":["Terror","Leg Sweep","Skewer"],"picked":"Backflip","floor":25.0},{"not_picked":["Sucker Punch+1","Quick Slash","Prepared"],"picked":"Dagger Spray","floor":27.0},{"not_picked":["PiercingWail","Flying Knee","Cloak And Dagger"],"picked":"Dagger Spray+1","floor":28.0},{"not_picked":["Cloak And Dagger","Quick Slash","Dagger Spray"],"picked":"Bullet Time","floor":29.0},{"not_picked":["Phantasmal Killer","Bullet Time","Venomology"],"picked":"Wraith Form v2","floor":33.0},{"not_picked":["Skewer+1"],"picked":"Well Laid Plans","floor":35.0},{"not_picked":["Acrobatics"],"picked":"Deflect+1","floor":36.0},{"not_picked":["Outmaneuver"],"picked":"Backflip+1","floor":38.0},{"not_picked":["Deadly Poison"],"picked":"Bane+1","floor":40.0},{"not_picked":["Prepared+1"],"picked":"Adrenaline","floor":41.0},{"not_picked":["Skewer+1"],"picked":"Accuracy","floor":42},{"not_picked":["Backflip"],"picked":"Accuracy","floor":44},{"not_picked":["Accuracy+1","Flying Knee"],"picked":"SKIP","floor":46},{"not_picked":["Bouncing Flask+1"],"picked":"Infinite Blades+1","floor":48},{"not_picked":["Dagger Spray","Flechettes+1"],"picked":"SKIP","floor":54}],"player_experience":385524,"relics_obtained":[{"floor":6.0,"key":"Question Card"},{"floor":8.0,"key":"Ancient Tea Set"},{"floor":9.0,"key":"Mercury Hourglass"},{"floor":14.0,"key":"Vajra"},{"floor":23.0,"key":"Paper Crane"},{"floor":27.0,"key":"Lantern"},{"floor":29.0,"key":"Snake Skull"},{"floor":40.0,"key":"Meat on the Bone"},{"floor":42,"key":"Pantograph"},{"floor":43,"key":"Dodecahedron"},{"floor":44,"key":"Frozen Egg 2"},{"floor":45,"key":"Oddly Smooth Stone"},{"floor":46,"key":"Boot"},{"floor":54,"key":"Orichalcum"}],"event_choices":[{"damage_healed":0.0,"max_hp_gain":0.0,"max_hp_loss":0.0,"gold_gain":0.0,"event_name":"Shining Light","player_choice":"Entered Light","floor":2.0,"gold_loss":0.0,"damage_taken":14.0,"cards_upgraded":["Strike_G","Crippling Poison"]},{"damage_healed":0.0,"max_hp_gain":0.0,"max_hp_loss":0.0,"gold_gain":0.0,"event_name":"Golden Idol","player_choice":"Take Wound","floor":3.0,"gold_loss":0.0,"damage_taken":0.0,"relics_obtained":["Golden Idol"],"cards_obtained":["Injury"]},{"damage_healed":0.0,"max_hp_gain":0.0,"max_hp_loss":0.0,"gold_gain":0.0,"event_name":"Scrap Ooze","player_choice":"Success","floor":5.0,"gold_loss":0.0,"damage_taken":7.0,"relics_obtained":["Strawberry"]},{"damage_healed":0.0,"max_hp_gain":0.0,"max_hp_loss":0.0,"gold_gain":0.0,"event_name":"WeMeetAgain","player_choice":"Gave Potion","floor":11.0,"gold_loss":0.0,"damage_taken":0.0,"relics_obtained":["War Paint"]},{"damage_healed":0.0,"max_hp_gain":0.0,"max_hp_loss":0.0,"gold_gain":0.0,"event_name":"Vampires","player_choice":"Ignored","floor":19.0,"gold_loss":0.0,"damage_taken":0.0},{"damage_healed":0.0,"max_hp_gain":0.0,"max_hp_loss":0.0,"gold_gain":0.0,"cards_transformed":["Strike_G","Strike_G"],"event_name":"Drug Dealer","player_choice":"Became Test Subject","floor":30.0,"gold_loss":0.0,"damage_taken":0.0,"cards_obtained":["Accuracy","After Image"]},{"damage_healed":19.0,"max_hp_gain":0.0,"max_hp_loss":0.0,"gold_gain":0.0,"event_name":"Winding Halls","player_choice":"Writhe","floor":39.0,"gold_loss":0.0,"damage_taken":0.0,"cards_obtained":["Writhe"]},{"damage_healed":0,"gold_gain":0,"player_choice":"Forge","damage_taken":0,"max_hp_gain":0,"max_hp_loss":0,"event_name":"Accursed Blacksmith","floor":47,"gold_loss":0,"cards_upgraded":["Night Terror"]}],"is_beta":false,"boss_relics":[{"not_picked":["Snecko Eye","White Beast Statue"],"picked":"Fusion Hammer"},{"not_picked":["Runic Dome","Lizard Tail"],"picked":"Busted Crown"}],"items_purged_floors":[21,37],"is_endless":false,"potions_floor_spawned":[4,7,14,16,18,25,29,35,38,40,42,46,48],"ascension_level":7}