{"gold_per_floor":[113,113,76,95,168,168,168,197,197,207,207,9,22,22,22,124,124,135,135,335,348,1,1],"floor_reached":23,"playtime":865,"items_purged":[],"score":243,"play_id":"49bdeea1-96c5-4438-819a-953e8559f452","local_time":"20190131175918","is_ascension_mode":true,"campfire_choices":[{"data":"Hologram","floor":6.0,"key":"SMITH"},{"floor":11.0,"key":"REST"},{"floor":15.0,"key":"REST"}],"neow_cost":"NONE","seed_source_timestamp":4091444258614,"circlet_count":0,"master_deck":["Strike_B","Strike_B","Defend_B","Defend_B","Defend_B","Defend_B","Zap","Dualcast","Darkness","Rip and Tear","Hologram+1","Chaos+1","Redo","Streamline+1","Ball Lightning+1","Buffer","Cold Snap+1","Doom and Gloom+1","Stack"],"special_seed":0,"relics":["Cracked Core","Gremlin Horn","Molten Egg 2","Bottled Lightning","DataDisk","Black Star","Emotion Chip"],"potions_floor_usage":[],"damage_taken":[{"damage":14.0,"enemies":"2 Louse","floor":1.0,"turns":2.0},{"damage":1.0,"enemies":"Cultist","floor":4.0,"turns":3.0},{"damage":35.0,"enemies":"3 Sentries","floor":8.0,"turns":7.0},{"damage":2.0,"enemies":"Jaw Worm","floor":10.0,"turns":3.0},{"damage":6.0,"enemies":"Blue Slaver","floor":13.0,"turns":3.0},{"damage":17.0,"enemies":"The Guardian","floor":16.0,"turns":8.0},{"damage":19.0,"enemies":"3 Byrds","floor":18.0,"turns":3.0},{"damage":19.0,"enemies":"Colosseum Slavers","floor":19.0,"turns":3.0},{"damage":4.0,"enemies":"Chosen","floor":21.0,"turns":4.0},{"damage":38,"enemies":"Slavers","floor":23,"turns":2}],"seed_played":"1157542747981923334","potions_obtained":[{"floor":1.0,"key":"Swift Potion"},{"floor":8.0,"key":"Swift Potion"}],"is_trial":false,"path_per_floor":["M","?","$","M","T","R","?","E","T","M","R","$","M","?","R","B",null,"M","?","?","M","$","E"],"character_chosen":"DEFECT","items_purchased":["Rip and Tear","DataDisk","Streamline+1","Emotion Chip","Stack"],"campfire_rested":2,"item_purchase_floors":[3,12,12,22,22],"current_hp_per_floor":[61,61,61,60,60,60,53,18,18,16,40,40,34,34,58,41,72,53,34,34,30,30,0],"gold":1,"neow_bonus":"TEN_PERCENT_HP_BONUS","is_prod":false,"is_daily":false,"chose_seed":false,"campfire_upgraded":1,"win_rate":0,"timestamp":1548917958,"path_taken":["M","?","$","?","?","R","?","E","T","M","R","?","?","?","R","BOSS","M","?","?","?","$","E"],"build_version":"2019-01-23","purchased_purges":0,"victory":false,"max_hp_per_floor":[82,82,82,82,82,82,82,82,82,82,82,82,82,82,82,82,82,82,82,82,82,82,82],"card_choices":[{"not_picked":["Barrage","Force Field"],"picked":"Darkness","floor":1.0},{"not_picked":["Blizzard","Ball Lightning"],"picked":"Hologram","floor":4.0},{"not_picked":["Steam Power","Skim"],"picked":"Chaos","floor":8.0},{"not_picked":["Barrage+1","Beam Cell+1"],"picked":"Redo","floor":10.0},{"not_picked":["Beam Cell+1","Compile Driver+1"],"picked":"Ball Lightning+1","floor":13.0},{"not_picked":["Multi-Cast","Fission"],"picked":"Buffer","floor":16.0},{"not_picked":["Aggregate","Barrage+1"],"picked":"Cold Snap+1","floor":18.0},{"not_picked":["Go for the Eyes+1","Compile Driver+1"],"picked":"Doom and Gloom+1","floor":21.0}],"player_experience":592867,"relics_obtained":[{"floor":5.0,"key":"Gremlin Horn"},{"floor":8.0,"key":"Molten Egg 2"},{"floor":9.0,"key":"Bottled Lightning"}],"event_choices":[{"cards_removed":["Strike_B"],"damage_healed":0.0,"max_hp_gain":0.0,"max_hp_loss":0.0,"gold_gain":0.0,"event_name":"Wheel of Change","player_choice":"Card Removal","floor":2.0,"gold_loss":0.0,"damage_taken":0.0},{"cards_removed":["Strike_B"],"damage_healed":0.0,"max_hp_gain":0.0,"max_hp_loss":0.0,"gold_gain":0.0,"event_name":"Golden Wing","player_choice":"Card Removal","floor":7.0,"gold_loss":0.0,"damage_taken":7.0},{"damage_healed":0.0,"max_hp_gain":0.0,"max_hp_loss":0.0,"gold_gain":0.0,"event_name":"Upgrade Shrine","player_choice":"Upgraded","floor":14.0,"gold_loss":0.0,"damage_taken":0.0,"cards_upgraded":["Chaos"]},{"damage_healed":0.0,"max_hp_gain":0.0,"max_hp_loss":0.0,"gold_gain":0.0,"event_name":"Colosseum","player_choice":"Fight","floor":19.0,"gold_loss":0.0,"damage_taken":0.0},{"damage_healed":0.0,"max_hp_gain":0.0,"max_hp_loss":0.0,"gold_gain":0.0,"event_name":"Colosseum","player_choice":"Fled From Nobs","floor":19.0,"gold_loss":0.0,"damage_taken":0.0},{"damage_healed":0.0,"max_hp_gain":0.0,"max_hp_loss":0.0,"gold_gain":250.0,"event_name":"The Joust","player_choice":"Bet on Owner","floor":20.0,"gold_loss":50.0,"damage_taken":0.0}],"is_beta":false,"boss_relics":[{"not_picked":["Eternal Feather","Orrery"],"picked":"Black Star"}],"items_purged_floors":[],"is_endless":false,"potions_floor_spawned":[1,8,19],"killed_by":"Slavers","ascension_level":6}