{"gold_per_floor":[113,125,142,142,105,165,185,185,185,200,200],"floor_reached":11,"playtime":428,"items_purged":[],"score":116,"play_id":"f2c35c16-adc0-4c7e-98f0-30f0fb02434b","local_time":"20190404230316","is_ascension_mode":true,"campfire_choices":[{"floor":8,"key":"REST"}],"neow_cost":"TEN_PERCENT_HP_LOSS","seed_source_timestamp":412423659120445,"circlet_count":0,"master_deck":["AscendersBane","Strike_B","Strike_B","Strike_B","Strike_B","Defend_B","Defend_B","Defend_B","Defend_B","Zap","Dualcast","FTL","Consume","Sweeping Beam","Capacitor","White Noise","Sunder","Ball Lightning","Go for the Eyes","Streamline","Ball Lightning","Conserve Battery"],"relics":["Cracked Core","Prayer Wheel","Tiny Chest","Ancient Tea Set"],"potions_floor_usage":[3,10,11],"damage_taken":[{"damage":11,"enemies":"Cultist","floor":1,"turns":4},{"damage":9,"enemies":"2 Louse","floor":2,"turns":3},{"damage":17,"enemies":"Small Slimes","floor":3,"turns":4},{"damage":42,"enemies":"Lagavulin","floor":6,"turns":7},{"damage":22,"enemies":"Looter","floor":7,"turns":3},{"damage":17,"enemies":"Exordium Thugs","floor":10,"turns":4},{"damage":13,"enemies":"Large Slime","floor":11,"turns":1}],"seed_played":"-6418362487328110425","potions_obtained":[{"floor":1,"key":"Swift Potion"},{"floor":6,"key":"SpeedPotion"},{"floor":7,"key":"Weak Potion"},{"floor":10,"key":"FocusPotion"}],"is_trial":false,"path_per_floor":["M","M","M","?","$","E","M","R","T","M","M"],"character_chosen":"DEFECT","items_purchased":["Sunder"],"campfire_rested":1,"item_purchase_floors":[5],"current_hp_per_floor":[57,48,31,68,68,26,4,24,24,7,0],"gold":200,"neow_bonus":"ONE_RARE_RELIC","is_prod":false,"is_daily":false,"chose_seed":false,"campfire_upgraded":0,"win_rate":0,"timestamp":1554379396,"path_taken":["M","M","?","?","$","E","M","R","T","?","M"],"build_version":"2019-01-23","purchased_purges":0,"victory":false,"max_hp_per_floor":[68,68,68,68,68,68,68,68,68,68,68],"card_choices":[{"not_picked":["Hologram","Heatsinks"],"picked":"FTL","floor":1},{"not_picked":["Tempest","Compile Driver"],"picked":"Consume","floor":1},{"not_picked":["Gash","Stack"],"picked":"Sweeping Beam","floor":2},{"not_picked":["Barrage","Redo"],"picked":"Capacitor","floor":2},{"not_picked":["Static Discharge","Redo"],"picked":"White Noise","floor":3},{"not_picked":["Compile Driver","BootSequence"],"picked":"Doom and Gloom","floor":3},{"not_picked":["Blizzard","Recycle"],"picked":"Ball Lightning","floor":6},{"not_picked":["Fission","Streamline"],"picked":"Go for the Eyes","floor":7},{"not_picked":["Turbo","FTL"],"picked":"Streamline","floor":7},{"not_picked":["Leap","Sweeping Beam"],"picked":"Ball Lightning","floor":10},{"not_picked":["Go for the Eyes","Chaos"],"picked":"Conserve Battery","floor":10}],"player_experience":895757,"relics_obtained":[{"floor":6,"key":"Tiny Chest"},{"floor":9,"key":"Ancient Tea Set"}],"event_choices":[{"cards_removed":["Doom and Gloom"],"damage_healed":37,"gold_gain":0,"player_choice":"Offered Uncommon","damage_taken":0,"max_hp_gain":0,"max_hp_loss":0,"event_name":"Bonfire Elementals","floor":4,"gold_loss":0}],"is_beta":false,"boss_relics":[],"items_purged_floors":[],"is_endless":false,"potions_floor_spawned":[1,6,7,10],"killed_by":"Large Slime","ascension_level":11}