{"gold_per_floor":[116,116,116,130,154,154,193,193,273,33,58,58,96,33,33,33],"floor_reached":16,"playtime":394,"items_purged":["Strike_R"],"score":216,"play_id":"78bacb03-dd70-4e7f-ab9b-76cc41acfe83","local_time":"20190517214643","is_ascension_mode":true,"campfire_choices":[{"data":"Armaments","floor":6.0,"key":"SMITH"},{"data":"Combust","floor":8,"key":"SMITH"},{"data":"Blood for Blood","floor":15,"key":"SMITH"}],"neow_cost":"NONE","seed_source_timestamp":81105973233770,"circlet_count":0,"master_deck":["AscendersBane","Strike_R","Strike_R","Strike_R","Strike_R","Defend_R+1","Defend_R","Defend_R+1","Defend_R","Bash","Cleave","Armaments+1","Combust+1","Rupture","Blood for Blood+1","Shrug It Off","Parasite"],"special_seed":0,"relics":["Burning Blood","NeowsBlessing","Golden Idol","War Paint","Mercury Hourglass","Smiling Mask"],"potions_floor_usage":[13],"damage_taken":[{"damage":0.0,"enemies":"2 Louse","floor":1.0,"turns":1.0},{"damage":0.0,"enemies":"Jaw Worm","floor":4.0,"turns":1.0},{"damage":0.0,"enemies":"Cultist","floor":5.0,"turns":1.0},{"damage":32.0,"enemies":"3 Sentries","floor":7.0,"turns":8.0},{"damage":25,"enemies":"Exordium Thugs","floor":11,"turns":4},{"damage":31,"enemies":"Gremlin Nob","floor":13,"turns":4},{"damage":18,"enemies":"Hexaghost","floor":16,"turns":7}],"seed_played":"-4467412229931353626","potions_obtained":[{"floor":4.0,"key":"SkillPotion"},{"floor":7,"key":"PowerPotion"}],"is_trial":false,"path_per_floor":["M","?","?","M","M","R","E","R","T","$","M","?","E","?","R","B"],"character_chosen":"IRONCLAD","items_purchased":["Rupture","Blood for Blood"],"campfire_rested":0,"item_purchase_floors":[10,10],"current_hp_per_floor":[74,68,64,68,68,68,42,42,42,42,23,40,15,15,15,0],"gold":33,"neow_bonus":"THREE_ENEMY_KILL","is_prod":false,"is_daily":false,"chose_seed":false,"campfire_upgraded":3,"win_rate":0,"timestamp":1558100803,"path_taken":["M","?","?","M","?","R","E","R","T","$","?","?","E","?","R","BOSS"],"build_version":"2019-01-23","purchased_purges":1,"victory":false,"max_hp_per_floor":[75,68,68,68,68,68,68,68,68,68,68,68,68,68,68,68],"card_choices":[{"not_picked":["Body Slam","Sword Boomerang","Anger"],"picked":"SKIP","floor":1.0},{"not_picked":["Warcry","Iron Wave"],"picked":"Cleave","floor":4.0},{"not_picked":["Havoc","Sentinel"],"picked":"Armaments","floor":5.0},{"not_picked":["Warcry","Berserk"],"picked":"Combust","floor":7},{"not_picked":["Sever Soul","Corruption"],"picked":"Shrug It Off","floor":11},{"not_picked":["Clothesline","Barricade","True Grit"],"picked":"SKIP","floor":13}],"player_experience":862802,"relics_obtained":[{"floor":7,"key":"War Paint"},{"floor":9,"key":"Mercury Hourglass"},{"floor":13,"key":"Smiling Mask"}],"event_choices":[{"damage_healed":0.0,"max_hp_gain":0.0,"max_hp_loss":7.0,"gold_gain":0.0,"event_name":"Golden Idol","player_choice":"Lose Max HP","floor":2.0,"gold_loss":0.0,"damage_taken":0.0,"relics_obtained":["Golden Idol"]},{"damage_healed":0.0,"max_hp_gain":0.0,"max_hp_loss":0.0,"gold_gain":0.0,"event_name":"The Woman in Blue","player_choice":"Bought 0 Potions","floor":3.0,"gold_loss":0.0,"damage_taken":0.0},{"damage_healed":17,"gold_gain":0,"player_choice":"Healed and dodged fight","damage_taken":0,"max_hp_gain":0,"max_hp_loss":0,"event_name":"Mushrooms","floor":12,"gold_loss":0,"cards_obtained":["Parasite"]},{"damage_healed":0,"gold_gain":0,"player_choice":"Left Gold","damage_taken":0,"max_hp_gain":0,"max_hp_loss":0,"event_name":"World of Goop","floor":14,"gold_loss":63}],"is_beta":false,"boss_relics":[],"items_purged_floors":[10],"is_endless":false,"potions_floor_spawned":[4,7],"killed_by":"Hexaghost","ascension_level":20}