{"gold_per_floor":[118,118,138,138,38,38,70,84,84,115,65,65,93,104,104,200,200,220,239,50,50,64,91,105,132,132,132],"floor_reached":27,"playtime":1841,"items_purged":["Strike_B"],"score":298,"play_id":"b75f7e2b-2039-4790-9180-71537e154719","local_time":"20190801151222","is_ascension_mode":true,"campfire_choices":[{"data":"Capacitor","floor":6,"key":"SMITH"},{"data":"Barrage","floor":15,"key":"SMITH"}],"neow_cost":"TEN_PERCENT_HP_LOSS","seed_source_timestamp":1878479446070700,"circlet_count":0,"master_deck":["Strike_B","Defend_B","Defend_B","Defend_B","Defend_B+1","Zap+1","Dualcast+1","Ball Lightning","Capacitor+1","Ball Lightning+1","Steam","Barrage+1","Hologram","Self Repair","Tempest","Thunder Strike+1","White Noise+1","Master of Strategy","Reinforced Body","Capacitor","White Noise"],"relics":["Cracked Core","Torii","Letter Opener","Happy Flower","Pen Nib","Vajra","Bottled Tornado","Black Star","Pear","War Paint","Whetstone","Dream Catcher","Sundial"],"potions_floor_usage":[13,14,23,25],"damage_taken":[{"damage":1,"enemies":"2 Louse","floor":1,"turns":2},{"damage":0,"enemies":"Cultist","floor":3,"turns":2},{"damage":4,"enemies":"3 Sentries","floor":7,"turns":6},{"damage":7,"enemies":"Jaw Worm","floor":8,"turns":2},{"damage":16,"enemies":"Gremlin Nob","floor":10,"turns":3},{"damage":1,"enemies":"3 Sentries","floor":13,"turns":2},{"damage":1,"enemies":"Looter","floor":14,"turns":3},{"damage":7,"enemies":"Slime Boss","floor":16,"turns":7},{"damage":8,"enemies":"3 Byrds","floor":18,"turns":3},{"damage":1,"enemies":"Spheric Guardian","floor":19,"turns":3},{"damage":1,"enemies":"Centurion and Healer","floor":22,"turns":3},{"damage":17,"enemies":"Slavers","floor":23,"turns":5},{"damage":18,"enemies":"3 Cultists","floor":24,"turns":5},{"damage":59,"enemies":"Gremlin Leader","floor":25,"turns":7},{"damage":15,"enemies":"Book of Stabbing","floor":27,"turns":4}],"seed_played":"-2667486391090499808","potions_obtained":[{"floor":7,"key":"PowerPotion"},{"floor":8,"key":"SkillPotion"},{"floor":10,"key":"Ancient Potion"},{"floor":13,"key":"Fruit Juice"},{"floor":23,"key":"Ancient Potion"},{"floor":24,"key":"Fire Potion"}],"is_trial":false,"path_per_floor":["M","?","M","?","$","R","E","M","T","E","?","?","E","M","R","B",null,"M","M","$","?","M","E","M","E","T","E"],"character_chosen":"DEFECT","items_purchased":["Ball Lightning","Master of Strategy"],"campfire_rested":0,"item_purchase_floors":[5,20],"current_hp_per_floor":[67,67,67,55,55,55,51,44,44,28,28,28,27,38,38,38,73,72,71,71,71,73,73,62,10,10,0],"gold":132,"neow_bonus":"ONE_RARE_RELIC","is_prod":false,"is_daily":false,"chose_seed":false,"campfire_upgraded":2,"win_rate":0,"timestamp":1564693942,"path_taken":["M","?","?","?","$","R","E","M","T","E","?","?","E","?","R","BOSS","M","?","$","?","M","E","M","E","T","E"],"build_version":"2019-07-18","purchased_purges":1,"victory":false,"max_hp_per_floor":[68,68,68,68,68,68,68,68,68,68,68,68,68,73,73,73,73,73,73,73,73,73,83,83,83,83,83],"card_choices":[{"not_picked":["Genetic Algorithm","Hologram"],"picked":"Ball Lightning","floor":1},{"not_picked":["Sweeping Beam","Rip and Tear"],"picked":"Capacitor","floor":3},{"not_picked":["Fission","Double Energy"],"picked":"Steam","floor":7},{"not_picked":["FTL","Tempest"],"picked":"Barrage","floor":8},{"not_picked":["Glacier","Scrape"],"picked":"Hologram","floor":10},{"not_picked":["Beam Cell","Streamline"],"picked":"Self Repair","floor":13},{"not_picked":["Hologram","Compile Driver"],"picked":"Tempest","floor":14},{"not_picked":["Reboot","Core Surge"],"picked":"Thunder Strike","floor":16},{"not_picked":["Recycle","Cold Snap"],"picked":"White Noise+1","floor":18},{"not_picked":["Sweeping Beam","Stack","Coolheaded"],"picked":"SKIP","floor":19},{"not_picked":["Turbo","Loop","Genetic Algorithm"],"picked":"SKIP","floor":22},{"not_picked":["Loop","Tempest"],"picked":"Reinforced Body","floor":23},{"not_picked":["Stack","Ball Lightning+1"],"picked":"Capacitor","floor":24},{"not_picked":["Sweeping Beam","Rip and Tear+1"],"picked":"White Noise","floor":25}],"player_experience":41383,"relics_obtained":[{"floor":7,"key":"Happy Flower"},{"floor":9,"key":"Pen Nib"},{"floor":10,"key":"Vajra"},{"floor":13,"key":"Bottled Tornado"},{"floor":23,"key":"Pear"},{"floor":23,"key":"War Paint"},{"floor":25,"key":"Whetstone"},{"floor":25,"key":"Dream Catcher"},{"floor":26,"key":"Sundial"}],"event_choices":[{"damage_healed":0,"gold_gain":0,"player_choice":"Upgraded","damage_taken":0,"max_hp_gain":0,"max_hp_loss":0,"event_name":"Upgrade Shrine","floor":2,"gold_loss":0,"cards_upgraded":["Zap"]},{"damage_healed":0,"gold_gain":0,"player_choice":"Success","damage_taken":12,"relics_obtained":["Letter Opener"],"max_hp_gain":0,"max_hp_loss":0,"event_name":"Scrap Ooze","floor":4,"gold_loss":0},{"cards_removed":["Strike_B"],"damage_healed":0,"gold_gain":0,"player_choice":"Card Removal","damage_taken":0,"max_hp_gain":0,"max_hp_loss":0,"event_name":"The Cleric","floor":11,"gold_loss":50},{"cards_removed":["Strike_B"],"damage_healed":0,"gold_gain":0,"player_choice":"Offered Basic","damage_taken":0,"max_hp_gain":0,"max_hp_loss":0,"event_name":"Bonfire Elementals","floor":12,"gold_loss":0},{"damage_healed":0,"gold_gain":0,"player_choice":"Ignored","damage_taken":0,"max_hp_gain":0,"max_hp_loss":0,"event_name":"Vampires","floor":21,"gold_loss":0}],"is_beta":true,"boss_relics":[{"not_picked":["Ectoplasm","Runic Dome"],"picked":"Black Star"}],"items_purged_floors":[5],"is_endless":false,"potions_floor_spawned":[7,8,10,13,23,24],"killed_by":"Book of Stabbing","ascension_level":2}