{"gold_per_floor":[118,118,20,20,39,39,70,94,118,36,36,80,80,93,93,218,218,234,194,24,45,66,66,106,106,155,188,63,63,63,86,86,86],"floor_reached":33,"playtime":2096,"items_purged":["Strike_R","Strike_R","Pain"],"score":360,"play_id":"4b89f2a9-2ff6-4a9b-bfdc-ed49d21d9641","local_time":"20190113234802","is_ascension_mode":true,"campfire_choices":[{"data":"Bash","floor":6,"key":"SMITH"},{"floor":11,"key":"REST"},{"floor":15,"key":"REST"},{"data":"True Grit","floor":23,"key":"SMITH"},{"floor":25,"key":"REST"},{"floor":32,"key":"REST"}],"neow_cost":"NONE","seed_source_timestamp":616088323152720,"circlet_count":0,"master_deck":["Strike_R","Strike_R","Defend_R","Defend_R","Defend_R","Defend_R","Bash+1","Inflame","Armaments+1","Heavy Blade","Anger","Sentinel","Burning Pact","Fiend Fire","Barricade","Evolve","Clothesline","Shrug It Off","True Grit+1","Searing Blow+1","Impervious","Double Tap","Shame","Flame Barrier"],"relics":["Burning Blood","PreservedInsect","Golden Idol","Bag of Preparation","Orichalcum","Pear","Darkstone Periapt","Cursed Key","Calipers","Ancient Tea Set","Centennial Puzzle","Ornamental Fan"],"potions_floor_usage":[14,14,16,17,22],"damage_taken":[{"damage":7,"enemies":"Jaw Worm","floor":1,"turns":3},{"damage":18,"enemies":"2 Louse","floor":5,"turns":3},{"damage":22,"enemies":"Lagavulin","floor":7,"turns":5},{"damage":1,"enemies":"Cultist","floor":8,"turns":3},{"damage":12,"enemies":"Gremlin Nob","floor":12,"turns":4},{"damage":3,"enemies":"Exordium Thugs","floor":14,"turns":3},{"damage":30,"enemies":"Slime Boss","floor":16,"turns":9},{"damage":18,"enemies":"Chosen","floor":18,"turns":7},{"damage":11,"enemies":"Spheric Guardian","floor":21,"turns":4},{"damage":32,"enemies":"Snake Plant","floor":22,"turns":5},{"damage":19,"enemies":"Slavers","floor":24,"turns":5},{"damage":26,"enemies":"Book of Stabbing","floor":27,"turns":5},{"damage":32,"enemies":"Shelled Parasite and Fungi","floor":31,"turns":7},{"damage":80,"enemies":"Collector","floor":33,"turns":6}],"seed_played":"2740854877197333764","potions_obtained":[{"floor":4,"key":"Poison Potion"},{"floor":4,"key":"FearPotion"},{"floor":4,"key":"LiquidBronze"},{"floor":12,"key":"Swift Potion"},{"floor":16,"key":"Fruit Juice"},{"floor":18,"key":"Energy Potion"}],"is_trial":false,"path_per_floor":["M","?","$","?","M","R","E","M","T","$","R","E","T","M","R","B",null,"M","?","$","M","M","R","E","R","T","E","$","?","?","M","R","B"],"character_chosen":"IRONCLAD","items_purchased":["Armaments","Burning Pact","Clothesline","Shrug It Off"],"campfire_rested":4,"item_purchase_floors":[3,10,20,20],"current_hp_per_floor":[79,59,59,59,47,47,31,36,36,36,60,64,64,67,90,66,95,83,83,83,78,52,52,39,67,73,53,53,53,59,33,65,0],"gold":86,"neow_bonus":"RANDOM_COMMON_RELIC","is_prod":false,"is_daily":false,"chose_seed":false,"campfire_upgraded":2,"win_rate":0,"timestamp":1547383682,"path_taken":["M","?","$","?","M","R","E","?","T","$","R","E","?","M","R","BOSS","M","?","$","?","M","R","E","R","T","E","$","?","?","M","R","BOSS"],"build_version":"2019-01-10","purchased_purges":3,"victory":false,"max_hp_per_floor":[80,80,80,80,80,80,80,80,80,80,80,90,90,90,90,90,95,95,95,95,95,95,95,95,95,101,101,101,101,107,107,107,107],"card_choices":[{"not_picked":["Wild Strike","Seeing Red"],"picked":"Inflame","floor":1},{"not_picked":["Flame Barrier","Headbutt"],"picked":"Heavy Blade","floor":5},{"not_picked":["Carnage","Clash"],"picked":"Anger","floor":7},{"not_picked":["Offering","Anger"],"picked":"Sentinel","floor":8},{"not_picked":["True Grit","Wild Strike"],"picked":"Fiend Fire","floor":12},{"not_picked":["Hemokinesis","Clash","Carnage"],"picked":"SKIP","floor":14},{"not_picked":["Exhume","Offering"],"picked":"Barricade","floor":16},{"not_picked":["Combust","Iron Wave"],"picked":"Evolve","floor":18},{"not_picked":["Clash","Twin Strike"],"picked":"True Grit","floor":21},{"not_picked":["Iron Wave","Sword Boomerang"],"picked":"Searing Blow+1","floor":22},{"not_picked":["Offering","Pummel+1"],"picked":"Impervious","floor":24},{"not_picked":["Seeing Red","Ghostly Armor+1"],"picked":"Double Tap","floor":27},{"not_picked":["Warcry","Iron Wave"],"picked":"Flame Barrier","floor":31}],"player_experience":434483,"relics_obtained":[{"floor":7,"key":"Bag of Preparation"},{"floor":9,"key":"Orichalcum"},{"floor":12,"key":"Pear"},{"floor":13,"key":"Darkstone Periapt"},{"floor":24,"key":"Calipers"},{"floor":26,"key":"Ancient Tea Set"},{"floor":27,"key":"Centennial Puzzle"}],"event_choices":[{"damage_healed":0,"gold_gain":0,"player_choice":"Take Damage","damage_taken":20,"relics_obtained":["Golden Idol"],"max_hp_gain":0,"max_hp_loss":0,"event_name":"Golden Idol","floor":2,"gold_loss":0},{"damage_healed":0,"gold_gain":0,"player_choice":"Got Potions","damage_taken":0,"max_hp_gain":0,"max_hp_loss":0,"event_name":"Lab","floor":4,"gold_loss":0},{"damage_healed":0,"gold_gain":0,"player_choice":"Upgrade","damage_taken":0,"max_hp_gain":0,"max_hp_loss":0,"event_name":"Designer","floor":19,"gold_loss":40,"cards_upgraded":["Armaments"]},{"cards_removed":["Strike_R"],"damage_healed":0,"gold_gain":0,"player_choice":"Elegance","damage_taken":0,"max_hp_gain":0,"max_hp_loss":0,"event_name":"Back to Basics","floor":29,"gold_loss":0},{"damage_healed":0,"gold_gain":0,"player_choice":"Stole Relic","damage_taken":0,"relics_obtained":["Ornamental Fan"],"max_hp_gain":0,"max_hp_loss":0,"event_name":"Addict","floor":30,"gold_loss":0,"cards_obtained":["Shame"]}],"is_beta":false,"boss_relics":[{"not_picked":["Busted Crown","Orrery"],"picked":"Cursed Key"}],"items_purged_floors":[3,20,28],"is_endless":false,"potions_floor_spawned":[5,7,12,16,18],"killed_by":"Collector","ascension_level":3}