{"gold_per_floor":[365,131,147,147,158,188,188,42,69,82,102,102,118,118,118,219,219,230,240,240,240,210,210,67,77,101,118,118,118,134,151,151,151],"floor_reached":33,"playtime":1951,"items_purged":["Strike_G"],"score":249,"play_id":"5a698ab2-fd8e-4d41-b683-88e661c24002","local_time":"20181226233141","is_ascension_mode":false,"campfire_choices":[{"floor":7,"key":"REST"},{"floor":12,"key":"RECALL"},{"floor":15,"key":"REST"},{"data":"Noxious Fumes","floor":23,"key":"SMITH"},{"floor":28,"key":"REST"},{"floor":32,"key":"REST"}],"neow_cost":"TEN_PERCENT_HP_LOSS","seed_source_timestamp":2203162329953508,"circlet_count":0,"master_deck":["Defend_G","Defend_G","Defend_G","Defend_G","Strike_G","Survivor","Neutralize","Backflip","Masterful Stab","Well Laid Plans","Masterful Stab","PiercingWail","Deadly Poison","Masterful Stab","Deflect","Phantasmal Killer","Noxious Fumes+1","Flying Knee+1","Doppelganger","A Thousand Cuts","Poisoned Stab","Catalyst","Dodge and Roll+1","Catalyst","Cloak And Dagger","Dodge and Roll"],"relics":["Ring of the Snake","Art of War","Centennial Puzzle","Paper Crane","PreservedInsect","Boot","Empty Cage","Lantern","Mercury Hourglass"],"potions_floor_usage":[6,16,25,27,27,33],"damage_taken":[{"damage":0,"enemies":"Cultist","floor":1,"turns":4},{"damage":0,"enemies":"Small Slimes","floor":3,"turns":3},{"damage":0,"enemies":"2 Louse","floor":5,"turns":2},{"damage":19,"enemies":"Lagavulin","floor":6,"turns":7},{"damage":0,"enemies":"Large Slime","floor":10,"turns":5},{"damage":0,"enemies":"Blue Slaver","floor":11,"turns":3},{"damage":1,"enemies":"3 Louse","floor":13,"turns":2},{"damage":61,"enemies":"Slime Boss","floor":16,"turns":21},{"damage":22,"enemies":"Spheric Guardian","floor":18,"turns":4},{"damage":0,"enemies":"Chosen","floor":19,"turns":3},{"damage":9,"enemies":"Centurion and Healer","floor":25,"turns":5},{"damage":7,"enemies":"Snecko","floor":27,"turns":4},{"damage":27,"enemies":"Sentry and Sphere","floor":30,"turns":6},{"damage":7,"enemies":"3 Cultists","floor":31,"turns":5},{"damage":32,"enemies":"Champ","floor":33,"turns":3}],"seed_played":"2743291635789376367","potions_obtained":[{"floor":1,"key":"AttackPotion"},{"floor":5,"key":"Poison Potion"},{"floor":10,"key":"EssenceOfSteel"},{"floor":19,"key":"Fire Potion"},{"floor":22,"key":"GamblersBrew"},{"floor":22,"key":"Swift Potion"},{"floor":27,"key":"Strength Potion"}],"is_trial":false,"path_per_floor":["M","$","M","?","M","E","R","$","T","M","M","R","M","?","R","B",null,"M","M","?","?","?","R","$","M","T","M","R","T","M","M","R","B"],"character_chosen":"THE_SILENT","items_purchased":["Masterful Stab","Art of War","PreservedInsect","Catalyst"],"campfire_rested":4,"item_purchase_floors":[2,2,8,24],"current_hp_per_floor":[63,63,63,63,63,44,62,62,62,62,62,62,61,49,63,2,63,41,41,41,41,41,41,41,32,32,25,43,43,16,9,27,0],"gold":151,"neow_bonus":"TWO_FIFTY_GOLD","is_prod":false,"is_daily":false,"chose_seed":false,"campfire_upgraded":1,"win_rate":0,"timestamp":1545827501,"path_taken":["M","$","?","?","M","E","R","?","T","M","M","R","M","?","R","BOSS","M","M","?","?","?","R","$","?","T","M","R","?","M","M","R","BOSS"],"build_version":"2018-12-20","purchased_purges":1,"victory":false,"max_hp_per_floor":[63,63,63,63,63,63,63,63,63,63,63,63,63,63,63,63,63,63,63,63,63,63,63,63,63,63,63,63,63,63,63,63,63],"card_choices":[{"not_picked":["Heel Hook","Dagger Throw"],"picked":"Backflip","floor":1},{"not_picked":["Endless Agony","Setup"],"picked":"Well Laid Plans","floor":3},{"not_picked":["Blade Dance","Infinite Blades"],"picked":"Masterful Stab","floor":5},{"not_picked":["Prepared","All Out Attack"],"picked":"PiercingWail","floor":6},{"not_picked":["Dagger Spray","Deflect"],"picked":"Deadly Poison","floor":10},{"not_picked":["Backflip","Quick Slash"],"picked":"Masterful Stab","floor":11},{"not_picked":["Dagger Spray","Dagger Throw"],"picked":"Deflect","floor":13},{"not_picked":["Unload","Malaise"],"picked":"Phantasmal Killer","floor":16},{"not_picked":["Backflip","All Out Attack"],"picked":"Noxious Fumes","floor":18},{"not_picked":["Blade Dance","Setup"],"picked":"Flying Knee+1","floor":19},{"not_picked":["Bane","Noxious Fumes"],"picked":"Dodge and Roll+1","floor":25},{"not_picked":["Quick Slash","Setup"],"picked":"Catalyst","floor":27},{"not_picked":["Dagger Throw+1","Expertise"],"picked":"Cloak And Dagger","floor":30},{"not_picked":["Slice","Sucker Punch+1"],"picked":"Dodge and Roll","floor":31}],"player_experience":320628,"relics_obtained":[{"floor":6,"key":"Paper Crane"},{"floor":26,"key":"Lantern"},{"floor":29,"key":"Mercury Hourglass"}],"event_choices":[{"damage_healed":0,"gold_gain":0,"player_choice":"Gave Potion","damage_taken":0,"relics_obtained":["Centennial Puzzle"],"max_hp_gain":0,"max_hp_loss":0,"event_name":"WeMeetAgain","floor":4,"gold_loss":0},{"damage_healed":0,"gold_gain":0,"player_choice":"Success","damage_taken":12,"relics_obtained":["Boot"],"max_hp_gain":0,"max_hp_loss":0,"event_name":"Scrap Ooze","floor":14,"gold_loss":0},{"damage_healed":0,"gold_gain":0,"cards_transformed":["Defend_G","Strike_G"],"player_choice":"Became Test Subject","damage_taken":0,"max_hp_gain":0,"max_hp_loss":0,"event_name":"Drug Dealer","floor":20,"gold_loss":0,"cards_obtained":["Doppelganger","A Thousand Cuts"]},{"damage_healed":0,"gold_gain":0,"player_choice":"Read","damage_taken":0,"max_hp_gain":0,"max_hp_loss":0,"event_name":"The Library","floor":21,"gold_loss":0,"cards_obtained":["Poisoned Stab"]},{"damage_healed":0,"gold_gain":0,"player_choice":"Bought 2 Potions","damage_taken":0,"max_hp_gain":0,"max_hp_loss":0,"event_name":"The Woman in Blue","floor":22,"gold_loss":0}],"is_beta":false,"boss_relics":[{"not_picked":["Cursed Key","Lizard Tail"],"picked":"Empty Cage"}],"items_purged_floors":[24],"is_endless":false,"potions_floor_spawned":[1,5,10,19,27],"killed_by":"Champ","ascension_level":0}