{"gold_per_floor":[113,129,147,25,25,25,57,57,82,82,82,92,92,160,160,261,261,281,295,309,359,324,324,358,358,385,459,479,497,559,609,609,609],"floor_reached":33,"playtime":1462,"items_purged":["Normality"],"score":372,"play_id":"689fee57-16d1-41ea-a12a-c6fadd7a12d3","local_time":"20190805052409","is_ascension_mode":true,"campfire_choices":[{"data":"Zap","floor":6.0,"key":"SMITH"},{"data":"Beam Cell","floor":8.0,"key":"SMITH"},{"data":"Streamline","floor":11.0,"key":"SMITH"},{"data":"Dualcast","floor":15.0,"key":"SMITH"},{"data":"Hyperbeam","floor":23.0,"key":"SMITH"},{"floor":25.0,"key":"REST"},{"floor":32.0,"key":"REST"}],"neow_cost":"CURSE","seed_source_timestamp":2189078924366200,"circlet_count":0,"master_deck":["Defend_B","Defend_B","Defend_B","Defend_B+1","Zap+1","Dualcast+1","Scrape","Genetic Algorithm+1","Gash","Beam Cell+1","Streamline+1","Steam","Ball Lightning","Gash","Biased Cognition","Gash","Loop","Reinforced Body","Cold Snap","Hyperbeam+1","Rebound+1","Storm+1","Gash","Lockon+1","Steam"],"special_seed":0,"relics":["Cracked Core","Smiling Mask","War Paint","SsserpentHead","Orrery","Lantern","Vajra","Centennial Puzzle","Orichalcum"],"potions_floor_usage":[33,33,33],"damage_taken":[{"damage":3.0,"enemies":"Jaw Worm","floor":1.0,"turns":3.0},{"damage":0.0,"enemies":"2 Louse","floor":2.0,"turns":3.0},{"damage":1.0,"enemies":"Cultist","floor":3.0,"turns":3.0},{"damage":17.0,"enemies":"Gremlin Nob","floor":7.0,"turns":4.0},{"damage":0.0,"enemies":"Blue Slaver","floor":12.0,"turns":3.0},{"damage":0.0,"enemies":"2 Fungi Beasts","floor":14.0,"turns":3.0},{"damage":21.0,"enemies":"Slime Boss","floor":16.0,"turns":10.0},{"damage":12.0,"enemies":"Shell Parasite","floor":18.0,"turns":4.0},{"damage":0.0,"enemies":"Spheric Guardian","floor":19.0,"turns":3.0},{"damage":20.0,"enemies":"Shelled Parasite and Fungi","floor":20.0,"turns":4.0},{"damage":20.0,"enemies":"Slavers","floor":24.0,"turns":3.0},{"damage":6.0,"enemies":"Chosen and Byrds","floor":28.0,"turns":4.0},{"damage":12.0,"enemies":"Snake Plant","floor":29.0,"turns":2.0},{"damage":6.0,"enemies":"3 Cultists","floor":30.0,"turns":3.0},{"damage":50,"enemies":"Collector","floor":33,"turns":5}],"seed_played":"2084999490028410511","potions_obtained":[{"floor":1.0,"key":"Block Potion"},{"floor":2.0,"key":"SteroidPotion"},{"floor":12.0,"key":"Explosive Potion"},{"floor":14.0,"key":"Block Potion"},{"floor":18.0,"key":"AttackPotion"},{"floor":28.0,"key":"Regen Potion"},{"floor":29.0,"key":"Swift Potion"},{"floor":30.0,"key":"FearPotion"}],"is_trial":false,"path_per_floor":["M","M","M","$","?","R","E","R","T","?","R","M","?","M","R","B",null,"M","M","M","?","?","R","E","R","T","T","M","M","M","?","R","B"],"character_chosen":"DEFECT","items_purchased":["Steam"],"campfire_rested":2,"item_purchase_floors":[4],"current_hp_per_floor":[65,65,64,64,57,57,40,40,40,45,45,45,45,45,45,24,66,54,54,34,34,34,34,14,38,38,38,32,25,19,4,29,0],"gold":609,"neow_bonus":"TRANSFORM_TWO_CARDS","is_prod":false,"is_daily":false,"chose_seed":false,"campfire_upgraded":5,"win_rate":0,"timestamp":1565004249,"path_taken":["M","M","M","$","?","R","E","R","T","?","R","M","?","?","R","BOSS","M","M","M","?","?","R","E","R","T","?","M","M","?","?","R","BOSS"],"build_version":"2019-07-18","purchased_purges":1,"victory":false,"max_hp_per_floor":[75,75,75,75,75,75,75,75,75,80,80,80,80,80,80,80,80,80,80,80,80,80,80,80,80,80,80,80,80,80,85,85,85],"card_choices":[{"not_picked":["Cold Snap","Rebound"],"picked":"Gash","floor":1.0},{"not_picked":["Auto Shields","FTL"],"picked":"Beam Cell","floor":2.0},{"not_picked":["Sweeping Beam","Coolheaded"],"picked":"Streamline","floor":3.0},{"not_picked":["Chaos","Stack","Redo"],"picked":"SKIP","floor":7.0},{"not_picked":["Beam Cell","White Noise"],"picked":"Ball Lightning","floor":12.0},{"not_picked":["Fusion","Cold Snap"],"picked":"Gash","floor":14.0},{"not_picked":["Seek","Fission"],"picked":"Biased Cognition","floor":16.0},{"not_picked":["Steam","Compile Driver"],"picked":"Gash","floor":17.0},{"not_picked":["Compile Driver","Stack"],"picked":"Loop","floor":17.0},{"not_picked":["Go for the Eyes","Hologram"],"picked":"Reinforced Body","floor":17.0},{"not_picked":["Conserve Battery","Darkness"],"picked":"Cold Snap","floor":17.0},{"not_picked":["Turbo","Loop","Static Discharge"],"picked":"SKIP","floor":18.0},{"not_picked":["Redo","Fusion"],"picked":"Hyperbeam","floor":19.0},{"not_picked":["Blizzard+1","Streamline"],"picked":"Rebound+1","floor":20.0},{"not_picked":["Loop","Hologram"],"picked":"Storm+1","floor":24.0},{"not_picked":["Rebound","Hologram"],"picked":"Gash","floor":28.0},{"not_picked":["Chaos","Rebound+1"],"picked":"Lockon+1","floor":29.0},{"not_picked":["Loop","Defragment"],"picked":"Steam","floor":30.0}],"player_experience":121983,"relics_obtained":[{"floor":7.0,"key":"Smiling Mask"},{"floor":9.0,"key":"War Paint"},{"floor":24.0,"key":"Vajra"},{"floor":26.0,"key":"Centennial Puzzle"},{"floor":27.0,"key":"Orichalcum"}],"event_choices":[{"cards_removed":["Strike_B"],"damage_healed":0.0,"max_hp_gain":0.0,"max_hp_loss":0.0,"gold_gain":0.0,"event_name":"Golden Wing","player_choice":"Card Removal","floor":5.0,"gold_loss":0.0,"damage_taken":7.0},{"damage_healed":0.0,"max_hp_gain":5.0,"max_hp_loss":0.0,"gold_gain":0.0,"event_name":"Big Fish","player_choice":"Donut","floor":10.0,"gold_loss":0.0,"damage_taken":0.0},{"damage_healed":0.0,"max_hp_gain":0.0,"max_hp_loss":0.0,"gold_gain":0.0,"event_name":"FaceTrader","player_choice":"Trade","floor":13.0,"gold_loss":0.0,"damage_taken":0.0,"relics_obtained":["SsserpentHead"]},{"cards_removed":["Strike_B"],"damage_healed":0.0,"max_hp_gain":0.0,"max_hp_loss":0.0,"gold_gain":0.0,"event_name":"Back to Basics","player_choice":"Elegance","floor":21.0,"gold_loss":0.0,"damage_taken":0.0},{"damage_healed":0.0,"max_hp_gain":0.0,"max_hp_loss":0.0,"gold_gain":0.0,"event_name":"Addict","player_choice":"Obtained Relic","floor":22.0,"gold_loss":85.0,"damage_taken":0.0,"relics_obtained":["Lantern"]},{"damage_healed":0.0,"max_hp_gain":5.0,"max_hp_loss":0.0,"gold_gain":0.0,"event_name":"Forgotten Altar","player_choice":"Shed Blood","floor":31.0,"gold_loss":0.0,"damage_taken":20.0}],"is_beta":true,"boss_relics":[{"not_picked":["Tiny House","Fusion Hammer"],"picked":"Orrery"}],"items_purged_floors":[4],"is_endless":false,"potions_floor_spawned":[1,2,12,14,18,28,29,30],"killed_by":"Collector","ascension_level":6}