{"gold_per_floor":[111,36,36,36,46,76,76,76,76,86,105,28,54,74,74,151,151,163,78,0,0,0,0],"floor_reached":23,"playtime":795,"items_purged":[],"score":422,"play_id":"927b4583-f0bd-4f1e-8237-033b221c9a2d","local_time":"20190313135641","is_ascension_mode":true,"campfire_choices":[{"data":"Clothesline","floor":7,"key":"SMITH"},{"floor":15,"key":"REST"}],"neow_cost":"NONE","seed_source_timestamp":303144115788075,"circlet_count":0,"master_deck":["AscendersBane","Strike_R","Defend_R","Defend_R","Defend_R","Defend_R","Bash","Clothesline+1","Metallicize","Shrug It Off","Infernal Blade","Fire Breathing+1","Corruption+1","Barricade+1","Impervious","Sentinel","Feel No Pain+1","Entrench"],"relics":["Burning Blood","NeowsBlessing","Singing Bowl","Frozen Egg 2","WingedGreaves","Dodecahedron","Empty Cage"],"potions_floor_usage":[10,13,16,18],"damage_taken":[{"damage":0,"enemies":"Jaw Worm","floor":1,"turns":1},{"damage":0,"enemies":"2 Louse","floor":5,"turns":1},{"damage":0,"enemies":"Lagavulin","floor":6,"turns":1},{"damage":8,"enemies":"Small Slimes","floor":10,"turns":2},{"damage":18,"enemies":"Exordium Wildlife","floor":11,"turns":3},{"damage":37,"enemies":"3 Sentries","floor":13,"turns":9},{"damage":11,"enemies":"Large Slime","floor":14,"turns":6},{"damage":14,"enemies":"The Guardian","floor":16,"turns":13},{"damage":9,"enemies":"Spheric Guardian","floor":18,"turns":7},{"damage":30,"enemies":"2 Thieves","floor":20,"turns":4},{"damage":49,"enemies":"Slavers","floor":23,"turns":3}],"seed_played":"7580559243602766480","potions_obtained":[{"floor":5,"key":"SteroidPotion"},{"floor":6,"key":"Strength Potion"},{"floor":14,"key":"EssenceOfSteel"},{"floor":16,"key":"FearPotion"}],"is_trial":false,"path_per_floor":["M","?","?","$","M","E","R","?","T","M","M","$","E","M","R","B",null,"M","$","M","?","?","E"],"character_chosen":"IRONCLAD","items_purchased":["Corruption+1","Feel No Pain+1"],"campfire_rested":1,"item_purchase_floors":[12,19],"current_hp_per_floor":[74,74,79,79,80,80,80,69,69,67,55,55,24,21,45,37,71,68,68,44,44,44,0],"gold":0,"neow_bonus":"THREE_ENEMY_KILL","is_prod":false,"is_daily":false,"chose_seed":false,"campfire_upgraded":1,"win_rate":0,"timestamp":1552445801,"path_taken":["M","?","?","?","M","E","R","?","T","M","M","$","E","?","R","BOSS","M","$","M","?","?","E"],"build_version":"2019-01-23","purchased_purges":0,"victory":false,"max_hp_per_floor":[75,75,80,80,80,80,80,80,80,80,80,80,80,82,82,82,82,82,82,82,82,82,82],"card_choices":[{"not_picked":["Clash","Wild Strike"],"picked":"Clothesline","floor":1},{"not_picked":["Spot Weakness","Clash"],"picked":"Metallicize","floor":5},{"not_picked":["Clash","Perfected Strike"],"picked":"Shrug It Off","floor":6},{"not_picked":["Rupture+1","Heavy Blade"],"picked":"Infernal Blade","floor":10},{"not_picked":["Ghostly Armor","Searing Blow"],"picked":"Fire Breathing+1","floor":11},{"not_picked":["Cleave","Infernal Blade"],"picked":"Barricade+1","floor":13},{"not_picked":["Perfected Strike","Dropkick","Spot Weakness"],"picked":"Singing Bowl","floor":14},{"not_picked":["Immolate","Double Tap"],"picked":"Impervious","floor":16},{"not_picked":["Sword Boomerang","Inflame+1"],"picked":"Sentinel","floor":18},{"not_picked":["Intimidate","Dropkick"],"picked":"Entrench","floor":20}],"player_experience":842317,"relics_obtained":[{"floor":6,"key":"Singing Bowl"},{"floor":9,"key":"WingedGreaves"},{"floor":13,"key":"Dodecahedron"}],"event_choices":[{"cards_removed":["Strike_R"],"damage_healed":0,"gold_gain":0,"player_choice":"Card Removal","damage_taken":0,"max_hp_gain":0,"max_hp_loss":0,"event_name":"The Cleric","floor":2,"gold_loss":75},{"damage_healed":0,"gold_gain":0,"player_choice":"Donut","damage_taken":0,"max_hp_gain":5,"max_hp_loss":0,"event_name":"Big Fish","floor":3,"gold_loss":0},{"damage_healed":0,"gold_gain":0,"player_choice":"Success","damage_taken":11,"relics_obtained":["Frozen Egg 2"],"max_hp_gain":0,"max_hp_loss":0,"event_name":"Scrap Ooze","floor":8,"gold_loss":0},{"cards_removed":["Strike_R"],"damage_healed":0,"gold_gain":0,"player_choice":"Elegance","damage_taken":0,"max_hp_gain":0,"max_hp_loss":0,"event_name":"Back to Basics","floor":22,"gold_loss":0}],"is_beta":false,"boss_relics":[{"not_picked":["White Beast Statue","Coffee Dripper"],"picked":"Empty Cage"}],"items_purged_floors":[],"is_endless":false,"potions_floor_spawned":[5,6,14,16],"killed_by":"Slavers","ascension_level":18}