{"gold_per_floor":[211,222,222,222,235,235,269,269,315,240,240,260,435,405,405,533,533,556,556,247,247,260,260,293,319,346,346,346,390,208,224,224,224],"floor_reached":33,"playtime":1425,"items_purged":["Strike_B"],"score":391,"play_id":"68f019f9-7c17-4f25-a401-483d425280c4","local_time":"20190203154711","is_ascension_mode":true,"campfire_choices":[{"floor":6.0,"key":"REST"},{"floor":8.0,"key":"REST"},{"floor":15.0,"key":"REST"},{"floor":23,"key":"REST"},{"floor":27,"key":"REST"},{"floor":32,"key":"REST"}],"neow_cost":"NONE","seed_source_timestamp":63582965193593,"circlet_count":0,"master_deck":["Strike_B","Strike_B","Strike_B","Defend_B","Defend_B+1","Defend_B","Defend_B","Zap+1","Dualcast+1","Ball Lightning","Heatsinks","Steam","Conserve Battery","Leap","Doubt","Electrodynamics","Sweeping Beam+1","RitualDagger","Coolheaded","Defragment","Streamline","Storm","Go for the Eyes"],"special_seed":0,"relics":["Cracked Core","Golden Idol","Anchor","Runic Pyramid","Ginger","DataDisk","Juzu Bracelet","Bag of Marbles","Ancient Tea Set","Art of War","Nloth\u0027s Gift","War Paint","Blood Vial"],"potions_floor_usage":[24,24,29],"damage_taken":[{"damage":14.0,"enemies":"Small Slimes","floor":1.0,"turns":4.0},{"damage":4.0,"enemies":"Jaw Worm","floor":2.0,"turns":3.0},{"damage":0.0,"enemies":"Cultist","floor":5.0,"turns":3.0},{"damage":41.0,"enemies":"3 Sentries","floor":7.0,"turns":9.0},{"damage":0.0,"enemies":"Large Slime","floor":12.0,"turns":5.0},{"damage":65.0,"enemies":"The Guardian","floor":16.0,"turns":13.0},{"damage":8.0,"enemies":"Shell Parasite","floor":18.0,"turns":6.0},{"damage":5,"enemies":"3 Byrds","floor":22,"turns":3},{"damage":20,"enemies":"Book of Stabbing","floor":24,"turns":5},{"damage":27,"enemies":"Slavers","floor":29,"turns":4},{"damage":15,"enemies":"Snake Plant","floor":31,"turns":3},{"damage":52,"enemies":"Champ","floor":33,"turns":11}],"seed_played":"5353328444679874628","potions_obtained":[{"floor":5.0,"key":"Swift Potion"},{"floor":12.0,"key":"Fire Potion"},{"floor":14.0,"key":"Dexterity Potion"},{"floor":14.0,"key":"SkillPotion"},{"floor":16.0,"key":"Explosive Potion"},{"floor":18.0,"key":"Poison Potion"},{"floor":29,"key":"Poison Potion"}],"is_trial":false,"path_per_floor":["M","M","?","?","M","R","E","R","T","$","?","M","?","?","R","B",null,"M","T","$","?","M","R","E","T","T","R","?","E","$","M","R","B"],"character_chosen":"DEFECT","items_purchased":["DataDisk","Juzu Bracelet","Storm","Blood Vial"],"campfire_rested":6,"item_purchase_floors":[20,20,30,30],"current_hp_per_floor":[54,50,32,32,32,54,13,35,35,35,60,60,60,60,75,10,59,51,51,51,45,40,62,42,42,42,64,64,37,37,24,46,0],"gold":224,"neow_bonus":"HUNDRED_GOLD","is_prod":false,"is_daily":false,"chose_seed":false,"campfire_upgraded":0,"win_rate":0,"timestamp":1549180031,"path_taken":["M","M","?","?","?","R","E","R","T","$","?","M","?","?","R","BOSS","M","?","?","?","M","R","E","?","T","R","?","E","?","M","R","BOSS"],"build_version":"2019-01-23","purchased_purges":1,"victory":false,"max_hp_per_floor":[75,75,75,75,75,75,75,75,75,75,75,75,75,75,75,75,75,75,75,75,75,75,75,75,75,75,75,75,75,75,75,75,75],"card_choices":[{"not_picked":["Lockon","Stack"],"picked":"Ball Lightning","floor":1.0},{"not_picked":["Redo","Beam Cell"],"picked":"Heatsinks","floor":2.0},{"not_picked":["Undo","Heatsinks"],"picked":"Steam","floor":5.0},{"not_picked":["Consume","Ball Lightning"],"picked":"Conserve Battery","floor":7.0},{"not_picked":["Consume","Gash"],"picked":"Leap","floor":12.0},{"not_picked":["Fission","Reboot"],"picked":"Electrodynamics","floor":16.0},{"not_picked":["Leap+1","Turbo"],"picked":"Sweeping Beam+1","floor":18.0},{"not_picked":["Barrage","Recycle+1"],"picked":"Coolheaded","floor":22},{"not_picked":["Electrodynamics","Fusion+1"],"picked":"Defragment","floor":24},{"not_picked":["Steam+1","Rebound"],"picked":"Streamline","floor":29},{"not_picked":["Barrage","Tempest+1"],"picked":"Go for the Eyes","floor":31}],"player_experience":629287,"relics_obtained":[{"floor":7.0,"key":"Anchor"},{"floor":9.0,"key":"Bronze Scales"},{"floor":19.0,"key":"Ginger"},{"floor":24,"key":"Bag of Marbles"},{"floor":25,"key":"Ancient Tea Set"},{"floor":26,"key":"Art of War"},{"floor":29,"key":"War Paint"}],"event_choices":[{"damage_healed":0.0,"max_hp_gain":0.0,"max_hp_loss":0.0,"gold_gain":0.0,"event_name":"Golden Idol","player_choice":"Take Damage","floor":3.0,"gold_loss":0.0,"damage_taken":18.0,"relics_obtained":["Golden Idol"]},{"damage_healed":0.0,"max_hp_gain":0.0,"max_hp_loss":0.0,"gold_gain":0.0,"event_name":"Upgrade Shrine","player_choice":"Upgraded","floor":4.0,"gold_loss":0.0,"damage_taken":0.0,"cards_upgraded":["Zap"]},{"damage_healed":25.0,"max_hp_gain":0.0,"max_hp_loss":0.0,"gold_gain":0.0,"event_name":"Big Fish","player_choice":"Banana","floor":11.0,"gold_loss":0.0,"damage_taken":0.0},{"damage_healed":0.0,"max_hp_gain":0.0,"max_hp_loss":0.0,"gold_gain":175.0,"event_name":"Liars Game","player_choice":"AGREE","floor":13.0,"gold_loss":0.0,"damage_taken":0.0,"cards_obtained":["Doubt"]},{"damage_healed":0.0,"max_hp_gain":0.0,"max_hp_loss":0.0,"gold_gain":0.0,"event_name":"The Woman in Blue","player_choice":"Bought 2 Potions","floor":14.0,"gold_loss":0.0,"damage_taken":0.0},{"damage_healed":0.0,"max_hp_gain":0.0,"max_hp_loss":0.0,"gold_gain":0.0,"event_name":"Nest","player_choice":"Joined the Cult","floor":21.0,"gold_loss":0.0,"damage_taken":6.0,"cards_obtained":["RitualDagger"]},{"damage_healed":0,"gold_gain":0,"player_choice":"Traded Relic","damage_taken":0,"relics_obtained":["Nloth\u0027s Gift"],"max_hp_gain":0,"max_hp_loss":0,"event_name":"N\u0027loth","floor":28,"relics_lost":["Bronze Scales"],"gold_loss":0}],"is_beta":false,"boss_relics":[{"not_picked":["Sozu","Ectoplasm"],"picked":"Runic Pyramid"}],"items_purged_floors":[10],"is_endless":false,"potions_floor_spawned":[5,12,16,18,29],"killed_by":"Champ","ascension_level":8}