{"gold_per_floor":[116,116,126,145,36,66,66,31,31,31,45,57,68,68],"floor_reached":14,"playtime":417,"items_purged":[],"score":184,"play_id":"d27493cd-dd36-4577-8985-4f942ec02edc","local_time":"20190523182456","is_ascension_mode":true,"campfire_choices":[{"data":"Beam Cell","floor":7.0,"key":"SMITH"},{"data":"Coolheaded","floor":10.0,"key":"SMITH"}],"neow_cost":"NONE","seed_source_timestamp":199938308110485,"circlet_count":0,"master_deck":["AscendersBane","Strike_B","Strike_B","Strike_B","Defend_B","Defend_B","Defend_B","Defend_B","Zap","Dualcast","Ball Lightning","Coolheaded+1","Beam Cell+1","Turbo","Reinforced Body"],"special_seed":0,"relics":["Cracked Core","NeowsBlessing","Unceasing Top","Shovel"],"potions_floor_usage":[],"damage_taken":[{"damage":0.0,"enemies":"2 Louse","floor":1.0,"turns":1.0},{"damage":0.0,"enemies":"Cultist","floor":3.0,"turns":1.0},{"damage":0.0,"enemies":"Small Slimes","floor":4.0,"turns":1.0},{"damage":44.0,"enemies":"3 Sentries","floor":6.0,"turns":10.0},{"damage":5,"enemies":"2 Fungi Beasts","floor":11,"turns":4},{"damage":9,"enemies":"3 Louse","floor":12,"turns":3},{"damage":22,"enemies":"Exordium Wildlife","floor":13,"turns":3},{"damage":12,"enemies":"2 Fungi Beasts","floor":14,"turns":3}],"seed_played":"416481744195833329","potions_obtained":[{"floor":4.0,"key":"Poison Potion"},{"floor":6.0,"key":"FearPotion"},{"floor":11,"key":"LiquidBronze"}],"is_trial":false,"path_per_floor":["M","?","M","M","$","E","R","?","T","R","M","M","M","M"],"character_chosen":"DEFECT","items_purchased":["Beam Cell","FocusPotion"],"campfire_rested":0,"item_purchase_floors":[5,5],"current_hp_per_floor":[64,64,64,64,64,20,20,37,37,37,32,23,1,0],"gold":68,"neow_bonus":"THREE_ENEMY_KILL","is_prod":false,"is_daily":false,"chose_seed":false,"campfire_upgraded":2,"win_rate":0,"timestamp":1558607096,"path_taken":["M","?","M","?","$","E","R","?","T","R","M","M","M","M"],"build_version":"2019-01-23","purchased_purges":0,"victory":false,"max_hp_per_floor":[71,71,71,71,71,71,71,71,71,71,71,71,71,71],"card_choices":[{"not_picked":["Gash","Barrage"],"picked":"Ball Lightning","floor":1.0},{"not_picked":["Barrage","Compile Driver"],"picked":"Coolheaded","floor":3.0},{"not_picked":["Rebound","Darkness","Conserve Battery"],"picked":"SKIP","floor":4.0},{"not_picked":["Ball Lightning","Scrape"],"picked":"Turbo","floor":6.0},{"not_picked":["Aggregate","Conserve Battery","Rebound"],"picked":"SKIP","floor":11},{"not_picked":["Cold Snap","BootSequence","Turbo"],"picked":"SKIP","floor":12},{"not_picked":["Force Field","Reboot"],"picked":"Reinforced Body","floor":13}],"player_experience":930380,"relics_obtained":[{"floor":6.0,"key":"Unceasing Top"},{"floor":9.0,"key":"Shovel"}],"event_choices":[{"cards_removed":["Strike_B"],"damage_healed":0.0,"max_hp_gain":0.0,"max_hp_loss":0.0,"gold_gain":0.0,"event_name":"Bonfire Elementals","player_choice":"Offered Basic","floor":2.0,"gold_loss":0.0,"damage_taken":0.0},{"damage_healed":17.0,"max_hp_gain":0.0,"max_hp_loss":0.0,"gold_gain":0.0,"event_name":"The Cleric","player_choice":"Healed","floor":8.0,"gold_loss":35.0,"damage_taken":0.0}],"is_beta":false,"boss_relics":[],"items_purged_floors":[],"is_endless":false,"potions_floor_spawned":[4,6,11],"killed_by":"2 Fungi Beasts","ascension_level":20}