{"gold_per_floor":[112,139,18,31,48,48,78,78,146,24,24,44,44,57,57,157,157,169,169,169,189,206,206,226,236,261,16,16],"floor_reached":28,"playtime":1741,"items_purged":["Strike_R"],"score":220,"play_id":"76f37132-d27e-4072-81c4-f4e831474709","local_time":"20190807222431","is_ascension_mode":false,"campfire_choices":[{"data":"Anger","floor":6,"key":"SMITH"},{"data":"Fiend Fire","floor":8,"key":"SMITH"},{"data":"Corruption","floor":11,"key":"SMITH"},{"data":"Searing Blow","floor":13,"key":"SMITH"},{"data":"Combust","floor":15,"key":"SMITH"},{"data":"Searing Blow+1","floor":23,"key":"SMITH"}],"neow_cost":"NONE","seed_source_timestamp":508685621141108,"circlet_count":0,"master_deck":["Strike_R","Strike_R","Strike_R","Strike_R","Defend_R","Defend_R","Bash","True Grit","Headbutt","Anger+1","Fiend Fire+1","Corruption+1","Warcry+1","Searing Blow+2","Combust+1","Berserk","Shrug It Off+1","Necronomicurse","Intimidate+1","Shrug It Off+1","Evolve+1","Armaments+1"],"relics":["Burning Blood","NeowsBlessing","Lantern","Bag of Preparation","Toxic Egg 2","Empty Cage","Necronomicon","Sling"],"potions_floor_usage":[],"damage_taken":[{"damage":0,"enemies":"Cultist","floor":1,"turns":1},{"damage":0,"enemies":"Small Slimes","floor":4,"turns":1},{"damage":0,"enemies":"Jaw Worm","floor":5,"turns":1},{"damage":49,"enemies":"Lagavulin","floor":7,"turns":6},{"damage":2,"enemies":"Exordium Wildlife","floor":12,"turns":4},{"damage":2,"enemies":"Blue Slaver","floor":14,"turns":2},{"damage":27,"enemies":"Slime Boss","floor":16,"turns":7},{"damage":6,"enemies":"Chosen","floor":18,"turns":4},{"damage":4,"enemies":"Spheric Guardian","floor":21,"turns":3},{"damage":13,"enemies":"Snecko","floor":22,"turns":5},{"damage":12,"enemies":"Shelled Parasite and Fungi","floor":24,"turns":4},{"damage":13,"enemies":"3 Cultists","floor":25,"turns":5},{"damage":48,"enemies":"Slavers","floor":28,"turns":4}],"seed_played":"-5792743287326987182","potions_obtained":[{"floor":5,"key":"FearPotion"},{"floor":7,"key":"GamblersBrew"},{"floor":12,"key":"Explosive Potion"},{"floor":24,"key":"EssenceOfSteel"}],"is_trial":false,"path_per_floor":["M","T","$","M","M","R","E","R","T","$","R","M","R","M","R","B",null,"M","?","?","M","M","R","M","M","T","$","E"],"character_chosen":"IRONCLAD","items_purchased":["Headbutt","Corruption","Warcry+1","Armaments+1","Sling"],"campfire_rested":0,"item_purchase_floors":[3,10,10,27,27],"current_hp_per_floor":[80,80,80,80,80,80,37,37,37,37,37,41,41,45,45,24,80,80,80,64,66,59,59,53,46,46,46,0],"gold":16,"neow_bonus":"THREE_ENEMY_KILL","is_prod":false,"is_daily":false,"chose_seed":false,"campfire_upgraded":6,"win_rate":0,"timestamp":1565209471,"path_taken":["M","?","$","M","M","R","E","R","T","$","R","M","R","M","R","BOSS","M","?","?","M","M","R","M","M","T","$","E"],"build_version":"2019-07-17","purchased_purges":1,"victory":false,"max_hp_per_floor":[80,80,80,80,80,80,80,80,80,80,80,80,80,80,80,80,80,80,80,80,80,80,80,80,80,80,80,80],"card_choices":[{"not_picked":["Heavy Blade","Twin Strike"],"picked":"True Grit","floor":1},{"not_picked":["Cleave","Blood for Blood","Flex"],"picked":"SKIP","floor":4},{"not_picked":["Flex","Clash"],"picked":"Anger","floor":5},{"not_picked":["Rage","Bloodletting"],"picked":"Fiend Fire","floor":7},{"not_picked":["Warcry+1","Anger"],"picked":"Searing Blow","floor":12},{"not_picked":["Heavy Blade","Pummel"],"picked":"Combust","floor":14},{"not_picked":["Limit Break+1","Feed"],"picked":"Berserk","floor":16},{"not_picked":["Cleave","Perfected Strike","Disarm+1"],"picked":"SKIP","floor":18},{"not_picked":["Body Slam","Shockwave+1"],"picked":"Intimidate+1","floor":21},{"not_picked":["Juggernaut","Anger+1"],"picked":"Shrug It Off+1","floor":22},{"not_picked":["Anger","True Grit+1"],"picked":"Evolve+1","floor":24},{"not_picked":["Corruption","Clash+1","Heavy Blade"],"picked":"SKIP","floor":25}],"player_experience":183986,"relics_obtained":[{"floor":2,"key":"Lantern"},{"floor":7,"key":"Bag of Preparation"},{"floor":9,"key":"Toxic Egg 2"},{"floor":20,"key":"Necronomicon"}],"event_choices":[{"damage_healed":0,"gold_gain":0,"player_choice":"Read","damage_taken":0,"max_hp_gain":0,"max_hp_loss":0,"event_name":"The Library","floor":19,"gold_loss":0,"cards_obtained":["Shrug It Off"]},{"damage_healed":0,"gold_gain":0,"player_choice":"Obtained Book","damage_taken":16,"max_hp_gain":0,"max_hp_loss":0,"event_name":"Cursed Tome","floor":20,"gold_loss":0}],"is_beta":false,"boss_relics":[{"not_picked":["Calling Bell","Snecko Eye"],"picked":"Empty Cage"}],"items_purged_floors":[3],"is_endless":false,"potions_floor_spawned":[5,7,12,18,24],"killed_by":"Slavers","ascension_level":0}