{"gold_per_floor":[13,13,13,33,43,76,76,88,88,63,63,63],"floor_reached":12,"playtime":2285,"items_purged":[],"score":94,"play_id":"391ba17c-0875-42ba-8ea5-2a22d532b053","local_time":"20190731132844","is_ascension_mode":true,"campfire_choices":[{"data":"Blade Dance","floor":7,"key":"SMITH"},{"data":"Accuracy","floor":11,"key":"SMITH"}],"neow_cost":"NO_GOLD","seed_source_timestamp":311751998176000,"circlet_count":0,"master_deck":["Strike_G","Strike_G","Strike_G","Strike_G","Strike_G","Defend_G","Defend_G","Defend_G","Defend_G","Defend_G","Survivor","Neutralize","Backflip+1","Poisoned Stab","Accuracy+1","Blade Dance+1","Cloak And Dagger","Well Laid Plans"],"relics":["Ring of the Snake","Peace Pipe","FaceOfCleric","Boot","MawBank"],"potions_floor_usage":[6,12],"damage_taken":[{"damage":0,"enemies":"Small Slimes","floor":1,"turns":3},{"damage":1,"enemies":"Jaw Worm","floor":4,"turns":4},{"damage":5,"enemies":"Cultist","floor":5,"turns":4},{"damage":49,"enemies":"3 Sentries","floor":6,"turns":11},{"damage":15,"enemies":"Lots of Slimes","floor":8,"turns":4},{"damage":13,"enemies":"Blue Slaver","floor":12,"turns":3}],"seed_played":"-4646840468343268388","potions_obtained":[{"floor":1,"key":"Ancient Potion"},{"floor":5,"key":"SteroidPotion"},{"floor":6,"key":"Ancient Potion"}],"is_trial":false,"path_per_floor":["M","?","?","M","M","E","R","M","T","$","R","M"],"character_chosen":"THE_SILENT","items_purchased":["Well Laid Plans"],"campfire_rested":0,"item_purchase_floors":[10],"current_hp_per_floor":[70,70,70,70,66,18,18,4,4,4,4,0],"gold":63,"neow_bonus":"ONE_RARE_RELIC","is_prod":false,"is_daily":false,"chose_seed":false,"campfire_upgraded":2,"win_rate":0,"timestamp":1564604924,"path_taken":["M","?","?","M","?","E","R","M","T","$","R","M"],"build_version":"2019-07-17","purchased_purges":0,"victory":false,"max_hp_per_floor":[70,70,70,71,72,73,73,74,74,74,74,74],"card_choices":[{"not_picked":["Eviscerate","Predator"],"picked":"Backflip","floor":1},{"not_picked":["Backflip","Deadly Poison"],"picked":"Poisoned Stab","floor":4},{"not_picked":["Heel Hook","Dagger Throw"],"picked":"Accuracy","floor":5},{"not_picked":["Quick Slash","Sucker Punch"],"picked":"Blade Dance","floor":6},{"not_picked":["Tactician","Grand Finale"],"picked":"Cloak And Dagger","floor":8}],"player_experience":810705,"relics_obtained":[{"floor":6,"key":"Boot"},{"floor":9,"key":"MawBank"}],"event_choices":[{"damage_healed":0,"gold_gain":0,"player_choice":"Grow","damage_taken":0,"max_hp_gain":0,"max_hp_loss":0,"event_name":"Living Wall","floor":2,"gold_loss":0,"cards_upgraded":["Backflip"]},{"damage_healed":0,"gold_gain":0,"player_choice":"Trade","damage_taken":0,"relics_obtained":["FaceOfCleric"],"max_hp_gain":0,"max_hp_loss":0,"event_name":"FaceTrader","floor":3,"gold_loss":0}],"is_beta":false,"boss_relics":[],"items_purged_floors":[],"is_endless":false,"potions_floor_spawned":[1,5,6],"killed_by":"Blue Slaver","ascension_level":4}