{"gold_per_floor":[18,18,18,193,193,229,4,54,54,54,54],"floor_reached":11,"playtime":379,"items_purged":["Doubt"],"score":67,"play_id":"ad985bcd-24a0-475c-8d27-37b435b389fa","local_time":"20181229225331","is_ascension_mode":false,"campfire_choices":[{"floor":10,"key":"REST"}],"neow_cost":"NO_GOLD","seed_source_timestamp":33298547687526,"circlet_count":0,"master_deck":["Strike_B","Defend_B","Defend_B","Defend_B","Zap","Dualcast","Recycle","Seek","Redo","Darkness","Melter","Defragment"],"relics":["Cracked Core","Golden Idol","Pantograph","Dream Catcher","Juzu Bracelet","Mercury Hourglass"],"potions_floor_usage":[11],"damage_taken":[{"damage":6,"enemies":"Jaw Worm","floor":1,"turns":3},{"damage":43,"enemies":"3 Sentries","floor":6,"turns":7},{"damage":28,"enemies":"Gremlin Nob","floor":11,"turns":3}],"seed_played":"7302567334898873476","potions_obtained":[{"floor":6,"key":"LiquidBronze"}],"is_trial":false,"path_per_floor":["M","?","?","?","?","E","$","T","T","R","E"],"character_chosen":"DEFECT","items_purchased":["Dream Catcher"],"campfire_rested":1,"item_purchase_floors":[7],"current_hp_per_floor":[69,51,44,44,44,1,1,1,1,23,0],"gold":54,"neow_bonus":"TRANSFORM_TWO_CARDS","is_prod":false,"is_daily":false,"chose_seed":false,"campfire_upgraded":0,"win_rate":0,"timestamp":1546084411,"path_taken":["M","?","?","?","?","E","$","?","T","R","E"],"build_version":"2018-12-20","purchased_purges":1,"victory":false,"max_hp_per_floor":[75,75,75,75,75,75,75,75,75,75,75],"card_choices":[{"not_picked":["Leap","Compile Driver"],"picked":"Redo","floor":1},{"not_picked":["Lockon","Force Field"],"picked":"Melter","floor":6},{"not_picked":["Loop","Streamline"],"picked":"Defragment","floor":10}],"player_experience":351655,"relics_obtained":[{"floor":6,"key":"Pantograph"},{"floor":8,"key":"Juzu Bracelet"},{"floor":9,"key":"Mercury Hourglass"}],"event_choices":[{"damage_healed":0,"gold_gain":0,"player_choice":"Take Damage","damage_taken":18,"relics_obtained":["Golden Idol"],"max_hp_gain":0,"max_hp_loss":0,"event_name":"Golden Idol","floor":2,"gold_loss":0},{"cards_removed":["Strike_B"],"damage_healed":0,"gold_gain":0,"player_choice":"Card Removal","damage_taken":7,"max_hp_gain":0,"max_hp_loss":0,"event_name":"Golden Wing","floor":3,"gold_loss":0},{"damage_healed":0,"gold_gain":175,"player_choice":"AGREE","damage_taken":0,"max_hp_gain":0,"max_hp_loss":0,"event_name":"Liars Game","floor":4,"gold_loss":0,"cards_obtained":["Doubt"]},{"damage_healed":0,"gold_gain":0,"cards_transformed":["Strike_B"],"player_choice":"Change","damage_taken":0,"max_hp_gain":0,"max_hp_loss":0,"event_name":"Living Wall","floor":5,"gold_loss":0,"cards_obtained":["Darkness"]}],"is_beta":false,"boss_relics":[],"items_purged_floors":[7],"is_endless":false,"potions_floor_spawned":[6],"killed_by":"Gremlin Nob","ascension_level":0}