{"gold_per_floor":[109,8,8,21,41,41,74,93,119,139,139,152,3,14,14,117,117,129,129,129,146,146,175,175,209,235,235,261,279,379,392,392,493,493,503,503,503,503,521,521,547,547,547,547,573,585,597,164,164,164],"floor_reached":51,"playtime":4357,"items_purged":["Strike_G","Strike_G"],"score":845,"play_id":"a7510fd9-df5b-4639-b0d4-f4ebd1068405","local_time":"20190612125654","is_ascension_mode":true,"campfire_choices":[{"data":"Glass Knife","floor":6.0,"key":"SMITH"},{"data":"Backstab","floor":11.0,"key":"SMITH"},{"data":"Well Laid Plans","floor":15.0,"key":"SMITH"},{"data":"Blur","floor":24.0,"key":"SMITH"},{"data":"RitualDagger","floor":27.0,"key":"SMITH"},{"floor":32.0,"key":"REST"},{"data":"Survivor","floor":40,"key":"SMITH"},{"floor":42,"key":"REST"},{"floor":44,"key":"REST"},{"data":"Venomology","floor":47,"key":"SMITH"},{"floor":49,"key":"REST"}],"neow_cost":"CURSE","seed_source_timestamp":0,"circlet_count":0,"master_deck":["Defend_G","Defend_G","Defend_G","Defend_G","Defend_G","Strike_G","Strike_G","Strike_G","Survivor+1","Neutralize","Corpse Explosion","Poisoned Stab","Crippling Poison","Backstab","Backstab+1","Glass Knife+1","Masterful Stab","Noxious Fumes","Calculated Gamble","Finisher","Infinite Blades","Well Laid Plans+1","Venomology+1","Blur+1","RitualDagger+1","PiercingWail+1","Noxious Fumes+1","Leg Sweep+1","Heel Hook","Venomology","Catalyst","Footwork"],"special_seed":0,"relics":["Ring of the Snake","Spirit Poop","Vajra","Centennial Puzzle","Busted Crown","Potion Belt","Nunchaku","Orichalcum","Oddly Smooth Stone","Mango","Gremlin Horn","Black Star","Paper Crane","Juzu Bracelet","Ninja Scroll","MawBank","Meat on the Bone","Blood Vial"],"potions_floor_usage":[39,41,41,41,45,50,50,50,50,50,50],"damage_taken":[{"damage":0.0,"enemies":"Cultist","floor":1.0,"turns":4.0},{"damage":0.0,"enemies":"2 Louse","floor":4.0,"turns":2.0},{"damage":0.0,"enemies":"Small Slimes","floor":5.0,"turns":1.0},{"damage":9.0,"enemies":"3 Sentries","floor":7.0,"turns":4.0},{"damage":3.0,"enemies":"Looter","floor":8.0,"turns":2.0},{"damage":0.0,"enemies":"Large Slime","floor":10.0,"turns":2.0},{"damage":0.0,"enemies":"Blue Slaver","floor":12.0,"turns":1.0},{"damage":0.0,"enemies":"2 Fungi Beasts","floor":14.0,"turns":2.0},{"damage":33.0,"enemies":"The Guardian","floor":16.0,"turns":8.0},{"damage":0.0,"enemies":"Spheric Guardian","floor":18.0,"turns":1.0},{"damage":2.0,"enemies":"Chosen","floor":21.0,"turns":2.0},{"damage":0.0,"enemies":"Gremlin Leader","floor":23.0,"turns":4.0},{"damage":2.0,"enemies":"Slavers","floor":25.0,"turns":4.0},{"damage":31.0,"enemies":"Book of Stabbing","floor":28.0,"turns":6.0},{"damage":0.0,"enemies":"Shelled Parasite and Fungi","floor":29.0,"turns":4.0},{"damage":0.0,"enemies":"Colosseum Slavers","floor":30.0,"turns":1.0},{"damage":0.0,"enemies":"Colosseum Nobs","floor":30.0,"turns":2.0},{"damage":0.0,"enemies":"Snake Plant","floor":31.0,"turns":1.0},{"damage":46.0,"enemies":"Automaton","floor":33.0,"turns":8.0},{"damage":2,"enemies":"Orb Walker","floor":35,"turns":3},{"damage":3,"enemies":"3 Shapes","floor":39,"turns":4},{"damage":61,"enemies":"Giant Head","floor":41,"turns":9},{"damage":11,"enemies":"Reptomancer","floor":45,"turns":6},{"damage":29,"enemies":"Awakened One","floor":50,"turns":15}],"seed_played":"-7502311395111237571","potions_obtained":[{"floor":4.0,"key":"Regen Potion"},{"floor":8.0,"key":"Block Potion"},{"floor":10.0,"key":"AttackPotion"},{"floor":18.0,"key":"FearPotion"},{"floor":21.0,"key":"GamblersBrew"},{"floor":23.0,"key":"Explosive Potion"},{"floor":29.0,"key":"Energy Potion"},{"floor":33.0,"key":"GamblersBrew"},{"floor":41,"key":"Swift Potion"},{"floor":45,"key":"SteroidPotion"}],"is_trial":false,"path_per_floor":["M","$","?","M","M","R","E","M","T","M","R","M","$","M","R","B",null,"M","?","?","M","?","E","R","E","T","R","E","M","?","M","R","B",null,"M","?","?","?","M","R","E","R","T","R","E","?","R","$","R","B",null],"character_chosen":"THE_SILENT","items_purchased":["Crippling Poison","Backstab","Infinite Blades","Blood Vial","Footwork","GhostInAJar","Energy Potion"],"campfire_rested":4,"item_purchase_floors":[2,2,13,48,48,48,48],"current_hp_per_floor":[70,70,70,70,70,70,61,58,58,58,58,58,58,58,58,25,70,70,70,64,67,67,67,67,65,65,65,48,48,62,62,84,38,84,82,82,80,80,77,77,16,40,40,64,68,68,68,68,80,51],"gold":164,"neow_bonus":"THREE_RARE_CARDS","is_prod":false,"is_daily":false,"chose_seed":false,"campfire_upgraded":7,"win_rate":0,"timestamp":1560369414,"path_taken":["M","?","?","M","M","R","E","?","T","?","R","M","$","M","R","BOSS","M","?","?","M","?","E","R","E","T","R","E","M","?","M","R","BOSS","M","?","?","?","M","R","E","R","T","R","E","?","R","$","R","BOSS"],"build_version":"2019-01-23","purchased_purges":2,"victory":true,"max_hp_per_floor":[70,70,70,70,70,70,70,70,70,70,70,70,70,70,70,70,70,70,70,70,70,70,70,70,70,70,70,70,70,84,84,84,84,84,84,84,80,80,80,80,80,80,80,80,80,80,80,80,80,80],"card_choices":[{"not_picked":["Malaise","Venomology"],"picked":"Corpse Explosion","floor":0.0},{"not_picked":["Deadly Poison","Sucker Punch"],"picked":"Poisoned Stab","floor":1.0},{"not_picked":["Underhanded Strike","Backflip"],"picked":"Backstab","floor":4.0},{"not_picked":["PiercingWail","Setup"],"picked":"Glass Knife","floor":5.0},{"not_picked":["Deadly Poison","Acrobatics"],"picked":"Masterful Stab","floor":7.0},{"not_picked":["Concentrate","Deadly Poison"],"picked":"Noxious Fumes","floor":8.0},{"not_picked":["Underhanded Strike","Escape Plan"],"picked":"Calculated Gamble","floor":10.0},{"not_picked":["Underhanded Strike","Backflip"],"picked":"Finisher","floor":12.0},{"not_picked":["Deadly Poison","Terror"],"picked":"Well Laid Plans","floor":14.0},{"not_picked":["Die Die Die","Malaise"],"picked":"Venomology","floor":16.0},{"not_picked":["Distraction"],"picked":"SKIP","floor":18.0},{"not_picked":[],"picked":"PiercingWail","floor":21.0},{"not_picked":[],"picked":"Noxious Fumes+1","floor":23.0},{"not_picked":["Sucker Punch"],"picked":"SKIP","floor":25.0},{"not_picked":["Riddle With Holes"],"picked":"SKIP","floor":28.0},{"not_picked":[],"picked":"Leg Sweep+1","floor":29.0},{"not_picked":[],"picked":"Heel Hook","floor":30.0},{"not_picked":["Prepared"],"picked":"SKIP","floor":31.0},{"not_picked":[],"picked":"Venomology","floor":33.0},{"not_picked":[],"picked":"Catalyst","floor":35},{"not_picked":["Dagger Spray+1"],"picked":"SKIP","floor":39},{"not_picked":["Underhanded Strike"],"picked":"SKIP","floor":41},{"not_picked":["Cloak And Dagger"],"picked":"SKIP","floor":45}],"player_experience":572413,"relics_obtained":[{"floor":7.0,"key":"Vajra"},{"floor":9.0,"key":"Centennial Puzzle"},{"floor":23.0,"key":"Potion Belt"},{"floor":25.0,"key":"Nunchaku"},{"floor":26.0,"key":"Orichalcum"},{"floor":28.0,"key":"Oddly Smooth Stone"},{"floor":30.0,"key":"Mango"},{"floor":30.0,"key":"Gremlin Horn"},{"floor":41,"key":"Paper Crane"},{"floor":41,"key":"Juzu Bracelet"},{"floor":43,"key":"Ninja Scroll"},{"floor":45,"key":"MawBank"},{"floor":45,"key":"Meat on the Bone"}],"event_choices":[{"cards_removed":["Writhe"],"damage_healed":0.0,"max_hp_gain":0.0,"max_hp_loss":0.0,"gold_gain":0.0,"event_name":"Bonfire Elementals","player_choice":"Offered Curse","floor":3.0,"gold_loss":0.0,"damage_taken":0.0,"relics_obtained":["Spirit Poop"]},{"damage_healed":0.0,"max_hp_gain":0.0,"max_hp_loss":0.0,"gold_gain":0.0,"event_name":"The Library","player_choice":"Read","floor":19.0,"gold_loss":0.0,"damage_taken":0.0,"cards_obtained":["Blur"]},{"damage_healed":0.0,"max_hp_gain":0.0,"max_hp_loss":0.0,"gold_gain":0.0,"event_name":"Nest","player_choice":"Joined the Cult","floor":20.0,"gold_loss":0.0,"damage_taken":6.0,"cards_obtained":["RitualDagger"]},{"damage_healed":0.0,"max_hp_gain":0.0,"max_hp_loss":0.0,"gold_gain":0.0,"event_name":"Vampires","player_choice":"Ignored","floor":22.0,"gold_loss":0.0,"damage_taken":0.0},{"damage_healed":0.0,"max_hp_gain":0.0,"max_hp_loss":0.0,"gold_gain":0.0,"event_name":"Colosseum","player_choice":"Fight","floor":30.0,"gold_loss":0.0,"damage_taken":0.0},{"damage_healed":0.0,"max_hp_gain":0.0,"max_hp_loss":0.0,"gold_gain":0.0,"event_name":"Colosseum","player_choice":"Fought Nobs","floor":30.0,"gold_loss":0.0,"damage_taken":0.0},{"damage_healed":0,"gold_gain":0,"player_choice":"Ignored","damage_taken":0,"max_hp_gain":0,"max_hp_loss":0,"event_name":"Tomb of Lord Red Mask","floor":36,"gold_loss":0},{"damage_healed":0,"gold_gain":0,"player_choice":"Max HP","damage_taken":0,"max_hp_gain":0,"max_hp_loss":4,"event_name":"Winding Halls","floor":37,"gold_loss":0},{"damage_healed":0,"gold_gain":0,"player_choice":"Memory 1","damage_taken":0,"max_hp_gain":0,"max_hp_loss":0,"event_name":"SensoryStone","floor":38,"gold_loss":0},{"damage_healed":0,"gold_gain":0,"player_choice":"Forge","damage_taken":0,"max_hp_gain":0,"max_hp_loss":0,"event_name":"Accursed Blacksmith","floor":46,"gold_loss":0,"cards_upgraded":["PiercingWail"]}],"is_beta":false,"boss_relics":[{"not_picked":["Runic Dome","Tiny House"],"picked":"Busted Crown"},{"not_picked":["Runic Pyramid","Astrolabe"],"picked":"Black Star"}],"items_purged_floors":[13,48],"is_endless":false,"potions_floor_spawned":[4,8,10,12,16,18,21,23,29,33,41,45],"ascension_level":3}