{"gold_per_floor":[111,111,111,111,122,122,122,151,151,151,170,183,201,231,231,329,329,339,351,363,763,763,791,791,183,183,183,199,199,214,139,139,242,242,260,200,44,57,77,77,93,93,93,106,137,37,37,37,37,37,37,37,37,70,70],"floor_reached":55,"playtime":5672,"items_purged":["Strike_R","Parasite"],"score":848,"play_id":"13ef624e-9935-40d6-bda5-4712d213984b","local_time":"20190508192027","is_ascension_mode":true,"campfire_choices":[{"data":"Warcry","floor":6,"key":"SMITH"},{"data":"Body Slam","floor":10,"key":"SMITH"},{"data":"Shockwave","floor":15,"key":"SMITH"},{"data":"Demon Form","floor":24,"key":"SMITH"},{"data":"Metallicize","floor":29,"key":"SMITH"},{"data":"Shrug It Off","floor":32,"key":"SMITH"},{"floor":40,"key":"RECALL"},{"data":"Feel No Pain","floor":42,"key":"SMITH"},{"floor":47,"key":"REST"},{"data":"Bash","floor":49,"key":"SMITH"},{"data":"Strike_R","floor":52,"key":"SMITH"}],"neow_cost":"TEN_PERCENT_HP_LOSS","seed_source_timestamp":242299291978400,"circlet_count":0,"master_deck":["Strike_R+1","Strike_R+1","Bash+1","Flame Barrier+1","Feel No Pain+1","Body Slam+1","Warcry+1","Shrug It Off+1","Reckless Charge+1","Shockwave+1","Demon Form+1","Metallicize+1","Ghostly Armor+1","Anger+1","RitualDagger+1","Anger+1","Bloodletting","Corruption"],"relics":["Black Blood","Molten Egg 2","Art of War","Kunai","Singing Bowl","Busted Crown","Old Coin","Shuriken","Ginger","Ice Cream","Pear","Ornamental Fan","Bag of Preparation","Oddly Smooth Stone","Nunchaku"],"potions_floor_usage":[13,21,50,54,54,55,55,55],"damage_taken":[{"damage":0,"enemies":"Jaw Worm","floor":1,"turns":4},{"damage":0,"enemies":"2 Louse","floor":5,"turns":2},{"damage":15,"enemies":"Gremlin Nob","floor":8,"turns":5},{"damage":0,"enemies":"Cultist","floor":11,"turns":3},{"damage":13,"enemies":"Blue Slaver","floor":12,"turns":2},{"damage":1,"enemies":"2 Fungi Beasts","floor":13,"turns":3},{"damage":0,"enemies":"3 Sentries","floor":14,"turns":7},{"damage":25,"enemies":"The Guardian","floor":16,"turns":13},{"damage":15,"enemies":"Shell Parasite","floor":18,"turns":5},{"damage":4,"enemies":"Chosen","floor":19,"turns":5},{"damage":13,"enemies":"Shelled Parasite and Fungi","floor":20,"turns":5},{"damage":0,"enemies":"Colosseum Slavers","floor":21,"turns":6},{"damage":16,"enemies":"Colosseum Nobs","floor":21,"turns":6},{"damage":8,"enemies":"Book of Stabbing","floor":23,"turns":5},{"damage":4,"enemies":"Snake Plant","floor":28,"turns":2},{"damage":4,"enemies":"3 Cultists","floor":30,"turns":5},{"damage":2,"enemies":"Collector","floor":33,"turns":8},{"damage":16,"enemies":"Orb Walker","floor":35,"turns":4},{"damage":14,"enemies":"3 Shapes","floor":38,"turns":5},{"damage":0,"enemies":"Maw","floor":39,"turns":7},{"damage":6,"enemies":"Writhing Mass","floor":41,"turns":7},{"damage":14,"enemies":"3 Darklings","floor":44,"turns":5},{"damage":33,"enemies":"Nemesis","floor":45,"turns":9},{"damage":82,"enemies":"Awakened One","floor":50,"turns":10},{"damage":32,"enemies":"Shield and Spear","floor":54,"turns":6},{"damage":125,"enemies":"The Heart","floor":55,"turns":8}],"seed_played":"4541360946183279510","potions_obtained":[{"floor":8,"key":"BloodPotion"},{"floor":13,"key":"Fruit Juice"},{"floor":16,"key":"Regen Potion"},{"floor":20,"key":"EntropicBrew"},{"floor":21,"key":"Strength Potion"},{"floor":39,"key":"Weak Potion"},{"floor":45,"key":"Regen Potion"}],"is_trial":false,"path_per_floor":["M","?","?","?","M","R","T","E","T","R","M","M","M","E","R","B",null,"M","M","M","?","?","E","R","$","T","?","M","R","M","?","R","B",null,"M","?","$","M","M","R","M","R","T","M","E","$","R","?","R","B",null,"R","$","E","B"],"character_chosen":"IRONCLAD","items_purchased":["Ice Cream","Pear","Bag of Preparation"],"campfire_rested":1,"item_purchase_floors":[25,25,37],"current_hp_per_floor":[72,58,51,51,57,57,57,48,48,48,54,47,57,63,63,44,77,70,72,65,77,77,77,77,87,87,81,83,83,87,87,87,93,97,93,93,93,91,103,103,105,105,105,103,80,80,104,94,94,32,104,104,104,93,0],"gold":70,"neow_bonus":"TRANSFORM_TWO_CARDS","is_prod":false,"is_daily":false,"chose_seed":false,"campfire_upgraded":9,"win_rate":0,"timestamp":1557368427,"path_taken":["M","?","?","?","M","R","?","E","T","R","M","?","M","E","R","BOSS","M","M","M","?","?","E","R","$","T","?","M","R","M","?","R","BOSS","M","?","?","M","?","R","M","R","T","?","E","?","R","?","R","BOSS","R","$","E","BOSS"],"build_version":"2019-01-23","purchased_purges":2,"victory":false,"max_hp_per_floor":[72,72,72,72,72,72,72,72,72,72,72,72,77,77,77,77,77,79,79,79,81,81,83,83,93,93,93,93,93,95,95,95,97,97,99,99,99,101,103,103,105,105,105,107,107,104,104,104,104,104,104,104,104,106,106],"card_choices":[{"not_picked":["Flex","Pommel Strike"],"picked":"Body Slam","floor":1},{"not_picked":["Cleave","Armaments"],"picked":"Warcry","floor":5},{"not_picked":["Evolve","Sword Boomerang+1"],"picked":"Shrug It Off","floor":8},{"not_picked":["Pommel Strike+1","Searing Blow+1"],"picked":"Reckless Charge+1","floor":11},{"not_picked":["Carnage+1","True Grit","Brutality"],"picked":"SKIP","floor":12},{"not_picked":["Sword Boomerang+1","Fire Breathing","True Grit"],"picked":"SKIP","floor":13},{"not_picked":["Clash+1","Warcry"],"picked":"Shockwave","floor":14},{"not_picked":["Fiend Fire+1","Bludgeon+1"],"picked":"Demon Form","floor":16},{"not_picked":["Wild Strike+1"],"picked":"Singing Bowl","floor":18},{"not_picked":[],"picked":"Metallicize","floor":19},{"not_picked":[],"picked":"Ghostly Armor+1","floor":20},{"not_picked":["Shockwave"],"picked":"Singing Bowl","floor":21},{"not_picked":["Shockwave"],"picked":"Singing Bowl","floor":23},{"not_picked":[],"picked":"Anger+1","floor":28},{"not_picked":["Sword Boomerang+1"],"picked":"Singing Bowl","floor":30},{"not_picked":["Limit Break"],"picked":"Singing Bowl","floor":33},{"not_picked":["Warcry"],"picked":"Singing Bowl","floor":35},{"not_picked":["Power Through"],"picked":"Singing Bowl","floor":38},{"not_picked":["Havoc+1"],"picked":"Singing Bowl","floor":39},{"not_picked":["Reckless Charge+1"],"picked":"Singing Bowl","floor":41},{"not_picked":["Flame Barrier"],"picked":"Singing Bowl","floor":44},{"not_picked":["Armaments+1"],"picked":"SKIP","floor":45},{"not_picked":["Intimidate+1"],"picked":"Singing Bowl","floor":54}],"player_experience":479900,"relics_obtained":[{"floor":7,"key":"Molten Egg 2"},{"floor":8,"key":"Art of War"},{"floor":9,"key":"Kunai"},{"floor":14,"key":"Singing Bowl"},{"floor":21,"key":"Old Coin"},{"floor":21,"key":"Shuriken"},{"floor":23,"key":"Ginger"},{"floor":26,"key":"Ornamental Fan"},{"floor":45,"key":"Oddly Smooth Stone"},{"floor":54,"key":"Nunchaku"}],"event_choices":[{"damage_healed":0,"gold_gain":0,"player_choice":"Entered Light","damage_taken":14,"max_hp_gain":0,"max_hp_loss":0,"event_name":"Shining Light","floor":2,"gold_loss":0,"cards_upgraded":["Strike_R","Defend_R"]},{"cards_removed":["Defend_R"],"damage_healed":0,"gold_gain":0,"player_choice":"Card Removal","damage_taken":7,"max_hp_gain":0,"max_hp_loss":0,"event_name":"Golden Wing","floor":3,"gold_loss":0},{"damage_healed":0,"gold_gain":0,"player_choice":"Grow","damage_taken":0,"max_hp_gain":0,"max_hp_loss":0,"event_name":"Living Wall","floor":4,"gold_loss":0,"cards_upgraded":["Flame Barrier"]},{"damage_healed":0,"gold_gain":0,"player_choice":"Fight","damage_taken":0,"max_hp_gain":0,"max_hp_loss":0,"event_name":"Colosseum","floor":21,"gold_loss":0},{"damage_healed":0,"gold_gain":0,"player_choice":"Fought Nobs","damage_taken":0,"max_hp_gain":0,"max_hp_loss":0,"event_name":"Colosseum","floor":21,"gold_loss":0},{"damage_healed":0,"gold_gain":0,"player_choice":"Read","damage_taken":0,"max_hp_gain":0,"max_hp_loss":0,"event_name":"The Library","floor":22,"gold_loss":0,"cards_obtained":["Anger"]},{"damage_healed":0,"gold_gain":0,"player_choice":"Joined the Cult","damage_taken":6,"max_hp_gain":0,"max_hp_loss":0,"event_name":"Nest","floor":27,"gold_loss":0,"cards_obtained":["RitualDagger"]},{"cards_removed":["Defend_R"],"damage_healed":0,"gold_gain":0,"player_choice":"Gave Gold","damage_taken":0,"max_hp_gain":0,"max_hp_loss":0,"event_name":"Beggar","floor":31,"gold_loss":75},{"damage_healed":0,"gold_gain":0,"cards_transformed":["Strike_R","Defend_R"],"player_choice":"Transformed Cards","damage_taken":0,"max_hp_gain":0,"max_hp_loss":0,"event_name":"Designer","floor":36,"gold_loss":60,"cards_obtained":["Bloodletting","Corruption"]},{"damage_healed":0,"gold_gain":0,"player_choice":"Damaged","damage_taken":10,"max_hp_gain":0,"max_hp_loss":0,"event_name":"Wheel of Change","floor":48,"gold_loss":0}],"is_beta":false,"boss_relics":[{"not_picked":["Coffee Dripper","Tiny House"],"picked":"Busted Crown"},{"not_picked":["Black Star","White Beast Statue"],"picked":"Black Blood"}],"items_purged_floors":[25,46],"is_endless":false,"potions_floor_spawned":[8,13,16,20,21,21,23,28,39,44,45],"killed_by":"The Heart","ascension_level":2}