{"gold_per_floor":[114,124,144,158,173,205,205,238,238,255,255,273,273,306,306,402,402,420,420,519,530,550,550,570,570,620,632,309,324,324,358,358,456,456,472,472,472,491,74,105,105,105,132,185,185,198,209,221,221,221,221,221,22,55,55],"floor_reached":56,"playtime":3348,"items_purged":["Strike_B"],"score":1389,"play_id":"66d815b5-2e20-459d-9b8e-9c995e3e62e0","local_time":"20190716211521","is_ascension_mode":true,"campfire_choices":[{"data":"Defragment","floor":7.0,"key":"SMITH"},{"floor":13.0,"key":"REST"},{"floor":15.0,"key":"REST"},{"data":"Defragment","floor":23.0,"key":"SMITH"},{"data":"Loop","floor":25.0,"key":"SMITH"},{"data":"Hologram","floor":27.0,"key":"SMITH"},{"floor":30.0,"key":"REST"},{"data":"Biased Cognition","floor":32.0,"key":"SMITH"},{"data":"Echo Form","floor":42.0,"key":"SMITH"},{"floor":45,"key":"RECALL"},{"floor":49,"key":"REST"},{"data":"Biased Cognition","floor":52,"key":"SMITH"}],"neow_cost":"NONE","seed_source_timestamp":275544481253972,"circlet_count":0,"master_deck":["Defend_B","Defend_B","Defend_B","Defend_B","Zap","Dualcast","Capacitor","Defragment+1","Ball Lightning","Sweeping Beam","FTL","Conserve Battery","Hologram+1","Core Surge","Gash","Defragment+1","Glacier","Redo+1","Conserve Battery","Loop+1","Biased Cognition+1","Biased Cognition+1","Cold Snap+1","White Noise+1","Master of Strategy","Echo Form+1","Injury","Force Field+1","Loop+1","Force Field+1","Amplify","Machine Learning"],"special_seed":0,"relics":["Cracked Core","Bag of Preparation","Pear","The Courier","Happy Flower","Potion Belt","Inserter","MawBank","Mummified Hand","Question Card","Cursed Key","Letter Opener","Torii","Nunchaku","Gremlin Horn"],"potions_floor_usage":[44,50,55,55,55,55,55],"damage_taken":[{"damage":1.0,"enemies":"Cultist","floor":1.0,"turns":3.0},{"damage":2.0,"enemies":"Jaw Worm","floor":2.0,"turns":3.0},{"damage":2.0,"enemies":"2 Louse","floor":3.0,"turns":2.0},{"damage":6.0,"enemies":"Blue Slaver","floor":4.0,"turns":3.0},{"damage":7.0,"enemies":"3 Louse","floor":5.0,"turns":2.0},{"damage":25.0,"enemies":"Lagavulin","floor":6.0,"turns":6.0},{"damage":25.0,"enemies":"3 Sentries","floor":8.0,"turns":5.0},{"damage":0.0,"enemies":"Exordium Wildlife","floor":10.0,"turns":1.0},{"damage":0.0,"enemies":"Looter","floor":12.0,"turns":2.0},{"damage":18.0,"enemies":"Lagavulin","floor":14.0,"turns":6.0},{"damage":28.0,"enemies":"Hexaghost","floor":16.0,"turns":8.0},{"damage":0.0,"enemies":"Chosen","floor":18.0,"turns":4.0},{"damage":11.0,"enemies":"Shell Parasite","floor":21.0,"turns":6.0},{"damage":0.0,"enemies":"Shelled Parasite and Fungi","floor":22.0,"turns":6.0},{"damage":13.0,"enemies":"Centurion and Healer","floor":24.0,"turns":6.0},{"damage":24.0,"enemies":"Snake Plant","floor":29.0,"turns":3.0},{"damage":0.0,"enemies":"Book of Stabbing","floor":31.0,"turns":5.0},{"damage":0.0,"enemies":"Automaton","floor":33.0,"turns":10.0},{"damage":11.0,"enemies":"3 Darklings","floor":35.0,"turns":5.0},{"damage":0.0,"enemies":"Orb Walker","floor":38.0,"turns":3.0},{"damage":16.0,"enemies":"Nemesis","floor":40.0,"turns":5.0},{"damage":25,"enemies":"2 Orb Walkers","floor":44,"turns":4},{"damage":0,"enemies":"Transient","floor":46,"turns":5},{"damage":11,"enemies":"Spire Growth","floor":47,"turns":5},{"damage":0,"enemies":"Sphere and 2 Shapes","floor":48,"turns":3},{"damage":17,"enemies":"Awakened One","floor":50,"turns":11},{"damage":50,"enemies":"Shield and Spear","floor":54,"turns":6},{"damage":25,"enemies":"The Heart","floor":55,"turns":8}],"seed_played":"6647476585567032532","potions_obtained":[{"floor":1.0,"key":"Strength Potion"},{"floor":3.0,"key":"Ancient Potion"},{"floor":6.0,"key":"LiquidBronze"},{"floor":16.0,"key":"AttackPotion"},{"floor":21.0,"key":"Energy Potion"},{"floor":22.0,"key":"LiquidBronze"},{"floor":31.0,"key":"Explosive Potion"},{"floor":35.0,"key":"Regen Potion"},{"floor":44,"key":"Ancient Potion"},{"floor":47,"key":"LiquidBronze"}],"is_trial":false,"path_per_floor":["M","M","M","M","M","E","R","E","T","M","?","M","R","E","R","B",null,"M","?","?","M","M","R","M","R","T","R","$","M","R","E","R","B",null,"M","?","?","M","$","E","?","R","T","?","R","M","M","M","R","B",null,"R","$","E","B",null],"character_chosen":"DEFECT","items_purchased":["Mummified Hand","Dexterity Potion","PowerPotion","Master of Strategy","LiquidBronze","Letter Opener","Amplify","Strength Potion","Dexterity Potion"],"campfire_rested":4,"item_purchase_floors":[28,28,28,39,39,39,53,53,53],"current_hp_per_floor":[74,72,70,64,57,42,42,17,17,17,10,10,35,17,42,14,85,85,85,85,74,74,74,61,61,61,61,61,37,62,62,62,62,85,74,74,74,74,74,58,58,58,58,45,45,45,34,34,58,41,81,81,81,31,6],"gold":55,"neow_bonus":"RANDOM_COMMON_RELIC","is_prod":false,"is_daily":false,"chose_seed":false,"campfire_upgraded":7,"win_rate":0,"timestamp":1563329721,"path_taken":["M","M","M","?","M","E","R","E","T","M","?","M","R","E","R","BOSS","M","?","?","M","M","R","M","R","T","R","$","M","R","E","R","BOSS","M","?","?","M","$","E","?","R","T","?","R","M","M","M","R","BOSS","R","$","E","BOSS"],"build_version":"2019-07-05","purchased_purges":1,"victory":true,"max_hp_per_floor":[75,75,75,75,75,85,85,85,85,85,85,85,85,85,85,85,85,85,85,85,85,85,85,85,85,85,85,85,85,85,85,85,85,85,85,85,85,85,85,85,81,81,81,81,81,81,81,81,81,81,81,81,81,81,81],"card_choices":[{"not_picked":["Hello World","Lockon"],"picked":"Capacitor","floor":1.0},{"not_picked":["Steam","Darkness","Doom and Gloom"],"picked":"SKIP","floor":2.0},{"not_picked":["Beam Cell","Streamline"],"picked":"Defragment","floor":3.0},{"not_picked":["Leap","Consume"],"picked":"Ball Lightning","floor":4.0},{"not_picked":["Turbo","Stack"],"picked":"Sweeping Beam","floor":5.0},{"not_picked":["Redo","Static Discharge"],"picked":"Ball Lightning","floor":6.0},{"not_picked":["Compile Driver","Rebound"],"picked":"FTL","floor":8.0},{"not_picked":["Leap","Static Discharge"],"picked":"Conserve Battery","floor":10.0},{"not_picked":["Beam Cell","Compile Driver","Doom and Gloom"],"picked":"SKIP","floor":12.0},{"not_picked":["Steam","Go for the Eyes"],"picked":"Hologram","floor":14.0},{"not_picked":["Meteor Strike","Hyperbeam"],"picked":"Core Surge","floor":16.0},{"not_picked":["Ball Lightning","Sweeping Beam"],"picked":"Gash","floor":18.0},{"not_picked":["Chill","Steam Power"],"picked":"Redo+1","floor":21.0},{"not_picked":["Turbo","Rebound"],"picked":"Conserve Battery","floor":22.0},{"not_picked":["Streamline","Conserve Battery"],"picked":"Loop","floor":24.0},{"not_picked":["Sweeping Beam+1","Ball Lightning","Reprogram"],"picked":"SKIP","floor":29.0},{"not_picked":["Aggregate","Auto Shields"],"picked":"Biased Cognition","floor":31.0},{"not_picked":["Creative AI","Thunder Strike","Core Surge"],"picked":"Biased Cognition","floor":33.0},{"not_picked":["Reinforced Body","Compile Driver+1","Sweeping Beam"],"picked":"Cold Snap+1","floor":35.0},{"not_picked":["Aggregate","Doom and Gloom","Consume"],"picked":"White Noise+1","floor":38.0},{"not_picked":["Steam+1","Hologram+1","Go for the Eyes"],"picked":"Echo Form","floor":40.0},{"not_picked":["Coolheaded+1","Stack+1","Auto Shields"],"picked":"Force Field+1","floor":44},{"not_picked":["Stack+1","White Noise+1","Barrage+1"],"picked":"Loop+1","floor":46},{"not_picked":["Beam Cell+1","Hologram","Rebound+1","Conserve Battery"],"picked":"SKIP","floor":47},{"not_picked":["Coolheaded","Stack","Capacitor+1"],"picked":"Force Field+1","floor":48},{"not_picked":["Reinforced Body+1","Undo","Turbo+1"],"picked":"Machine Learning","floor":54}],"player_experience":219752,"relics_obtained":[{"floor":6.0,"key":"Pear"},{"floor":8.0,"key":"The Courier"},{"floor":9.0,"key":"Happy Flower"},{"floor":14.0,"key":"Potion Belt"},{"floor":26.0,"key":"MawBank"},{"floor":31.0,"key":"Question Card"},{"floor":40.0,"key":"Torii"},{"floor":44,"key":"Nunchaku"},{"floor":54,"key":"Gremlin Horn"}],"event_choices":[{"cards_removed":["Strike_B"],"damage_healed":0.0,"max_hp_gain":0.0,"max_hp_loss":0.0,"gold_gain":0.0,"event_name":"Golden Wing","player_choice":"Card Removal","floor":11.0,"gold_loss":0.0,"damage_taken":7.0},{"damage_healed":0.0,"max_hp_gain":0.0,"max_hp_loss":0.0,"gold_gain":0.0,"cards_transformed":["Strike_B","Strike_B"],"event_name":"Drug Dealer","player_choice":"Became Test Subject","floor":19.0,"gold_loss":0.0,"damage_taken":0.0,"cards_obtained":["Defragment","Glacier"]},{"damage_healed":0.0,"max_hp_gain":0.0,"max_hp_loss":0.0,"gold_gain":99.0,"event_name":"Nest","player_choice":"Stole From Cult","floor":20.0,"gold_loss":0.0,"damage_taken":0.0},{"damage_healed":0.0,"max_hp_gain":0.0,"max_hp_loss":0.0,"gold_gain":0.0,"event_name":"Tomb of Lord Red Mask","player_choice":"Ignored","floor":36.0,"gold_loss":0.0,"damage_taken":0.0},{"cards_removed":["Ball Lightning"],"damage_healed":0.0,"max_hp_gain":0.0,"max_hp_loss":0.0,"gold_gain":0.0,"event_name":"Falling","player_choice":"Removed Attack","floor":37.0,"gold_loss":0.0,"damage_taken":0.0},{"damage_healed":0.0,"max_hp_gain":0.0,"max_hp_loss":4.0,"gold_gain":0.0,"event_name":"Winding Halls","player_choice":"Max HP","floor":41.0,"gold_loss":0.0,"damage_taken":0.0},{"damage_healed":0,"gold_gain":0,"player_choice":"Fight","damage_taken":0,"max_hp_gain":0,"max_hp_loss":0,"event_name":"Mysterious Sphere","floor":44,"gold_loss":0}],"is_beta":false,"boss_relics":[{"not_picked":["Runic Dome","Lizard Tail"],"picked":"Inserter"},{"not_picked":["Snecko Eye","White Beast Statue"],"picked":"Cursed Key"}],"items_purged_floors":[28],"is_endless":false,"potions_floor_spawned":[1,3,6,16,21,22,31,35,44,47,54],"ascension_level":3}