{"gold_per_floor":[115,133,152,166,56,86,105,133,133,143,157,191,205,219,219,318,318,335,5,25,25,35,67,67,99,99,133,133,145,162,176,176,274,274,291,15,28,28,39,69,69,99,99,133,149,11,11,0,0,0],"floor_reached":51,"playtime":5666,"items_purged":["Strike_G","Defend_G"],"score":1185,"play_id":"29428d4b-eb49-443b-9c3c-3290d26f159a","local_time":"20190714202058","is_ascension_mode":true,"campfire_choices":[{"floor":15,"key":"REST"},{"data":"Well Laid Plans","floor":24,"key":"SMITH"},{"data":"Dagger Spray","floor":32,"key":"SMITH"},{"data":"Prepared","floor":41,"key":"SMITH"},{"floor":47,"key":"DIG"},{"floor":49,"key":"DIG"}],"neow_cost":"PERCENT_DAMAGE","seed_source_timestamp":257487949763640,"circlet_count":0,"master_deck":["Strike_G","Strike_G+1","Defend_G","Defend_G","Defend_G","Defend_G","Survivor","Neutralize","Escape Plan","Deflect","Dagger Spray+1","PiercingWail","Bouncing Flask","Backflip","Well Laid Plans+1","Predator+1","Noxious Fumes","Malaise","Escape Plan","Prepared+1","PiercingWail","Dash","Bullet Time","Well Laid Plans","Blur","Bane+1","Poisoned Stab","PiercingWail+1","Crippling Poison+1","Venomology","Backstab+1","Leg Sweep","Footwork"],"relics":["Ring of the Snake","Tough Bandages","Bronze Scales","Gambling Chip","Singing Bowl","Busted Crown","Blood Vial","Pocketwatch","Bottled Flame","Whetstone","Art of War","Coffee Dripper","Mummified Hand","Dream Catcher","Pear","Turnip","Shovel","Smiling Mask","Red Mask","Anchor"],"potions_floor_usage":[6,6,12,12,23,27,31,33,39,40,44,44,50,50,50],"damage_taken":[{"damage":3,"enemies":"Cultist","floor":1,"turns":6},{"damage":1,"enemies":"Jaw Worm","floor":2,"turns":4},{"damage":7,"enemies":"Small Slimes","floor":3,"turns":5},{"damage":3,"enemies":"Exordium Wildlife","floor":4,"turns":5},{"damage":10,"enemies":"3 Sentries","floor":6,"turns":6},{"damage":2,"enemies":"Blue Slaver","floor":7,"turns":4},{"damage":18,"enemies":"Gremlin Nob","floor":8,"turns":5},{"damage":0,"enemies":"3 Louse","floor":10,"turns":3},{"damage":0,"enemies":"Gremlin Gang","floor":11,"turns":3},{"damage":0,"enemies":"Lagavulin","floor":12,"turns":7},{"damage":0,"enemies":"Large Slime","floor":13,"turns":5},{"damage":0,"enemies":"Red Slaver","floor":14,"turns":4},{"damage":0,"enemies":"Hexaghost","floor":16,"turns":9},{"damage":0,"enemies":"Chosen","floor":18,"turns":4},{"damage":0,"enemies":"Spheric Guardian","floor":20,"turns":4},{"damage":6,"enemies":"Chosen and Byrds","floor":22,"turns":6},{"damage":0,"enemies":"Book of Stabbing","floor":23,"turns":5},{"damage":5,"enemies":"Gremlin Leader","floor":25,"turns":6},{"damage":6,"enemies":"Slavers","floor":27,"turns":8},{"damage":0,"enemies":"Snake Plant","floor":29,"turns":5},{"damage":0,"enemies":"Snecko","floor":30,"turns":5},{"damage":0,"enemies":"Cultist and Chosen","floor":31,"turns":5},{"damage":23,"enemies":"Collector","floor":33,"turns":8},{"damage":0,"enemies":"3 Shapes","floor":35,"turns":4},{"damage":3,"enemies":"Orb Walker","floor":37,"turns":3},{"damage":15,"enemies":"3 Darklings","floor":39,"turns":4},{"damage":7,"enemies":"Reptomancer","floor":40,"turns":7},{"damage":6,"enemies":"Nemesis","floor":42,"turns":7},{"damage":27,"enemies":"Giant Head","floor":44,"turns":9},{"damage":0,"enemies":"Maw","floor":45,"turns":9},{"damage":8,"enemies":"Donu and Deca","floor":50,"turns":10}],"seed_played":"3243077816451871650","potions_obtained":[{"floor":3,"key":"SkillPotion"},{"floor":4,"key":"Explosive Potion"},{"floor":8,"key":"Swift Potion"},{"floor":11,"key":"Poison Potion"},{"floor":12,"key":"GamblersBrew"},{"floor":16,"key":"Fire Potion"},{"floor":25,"key":"Poison Potion"},{"floor":29,"key":"Block Potion"},{"floor":31,"key":"SmokeBomb"},{"floor":39,"key":"Dexterity Potion"},{"floor":45,"key":"Poison Potion"}],"is_trial":false,"path_per_floor":["M","M","M","M","$","E","M","E","T","M","M","E","M","M","R","B",null,"M","$","M","?","M","E","R","E","T","E","?","M","M","M","R","B",null,"M","$","M","?","M","E","R","E","T","E","M","$","R","?","R","B",null],"character_chosen":"THE_SILENT","items_purchased":["Well Laid Plans","Predator","Well Laid Plans","Blood Vial","Blur","Mummified Hand","Leg Sweep","Footwork"],"campfire_rested":1,"item_purchase_floors":[5,5,19,19,19,36,36,46],"current_hp_per_floor":[42,41,34,31,31,21,19,1,1,1,1,3,3,5,27,27,62,64,64,68,53,51,53,53,52,52,48,48,50,52,56,56,35,76,78,78,79,81,70,67,67,75,75,52,56,56,56,56,56,50],"gold":0,"neow_bonus":"TRANSFORM_TWO_CARDS","is_prod":false,"is_daily":false,"chose_seed":false,"campfire_upgraded":3,"win_rate":0,"timestamp":1563150058,"path_taken":["M","M","M","M","$","E","M","E","T","M","M","E","M","M","R","BOSS","M","?","M","?","M","E","R","E","T","E","?","M","?","M","R","BOSS","M","$","M","?","M","E","R","E","T","E","M","$","R","?","R","BOSS"],"build_version":"2019-07-05","purchased_purges":2,"victory":true,"max_hp_per_floor":[70,70,70,70,70,70,70,70,70,70,70,72,72,74,74,74,74,76,76,78,83,85,85,85,87,87,87,87,87,87,89,89,89,89,89,89,91,93,95,97,97,109,109,111,113,113,113,113,113,113],"card_choices":[{"not_picked":["Cloak And Dagger","Acrobatics"],"picked":"Dagger Spray","floor":1},{"not_picked":["All Out Attack","Expertise"],"picked":"PiercingWail","floor":2},{"not_picked":["Underhanded Strike","Outmaneuver"],"picked":"Bouncing Flask","floor":3},{"not_picked":["Masterful Stab","Acrobatics"],"picked":"Backflip","floor":4},{"not_picked":["Slice","Deadly Poison"],"picked":"Noxious Fumes","floor":6},{"not_picked":["Poisoned Stab","Deflect"],"picked":"Malaise","floor":7},{"not_picked":["Quick Slash","Poisoned Stab"],"picked":"Escape Plan","floor":8},{"not_picked":["Dodge and Roll","Outmaneuver"],"picked":"Prepared","floor":10},{"not_picked":["Backflip","Endless Agony"],"picked":"PiercingWail","floor":11},{"not_picked":["Choke","Envenom","Cloak And Dagger"],"picked":"Singing Bowl","floor":12},{"not_picked":["Sucker Punch","Deflect"],"picked":"Dash","floor":13},{"not_picked":["Prepared","Expertise","Dagger Throw"],"picked":"Singing Bowl","floor":14},{"not_picked":["Venomology","Envenom"],"picked":"Bullet Time","floor":16},{"not_picked":["PiercingWail"],"picked":"Singing Bowl","floor":18},{"not_picked":["Flying Knee"],"picked":"Singing Bowl","floor":20},{"not_picked":["Endless Agony"],"picked":"Singing Bowl","floor":22},{"not_picked":[],"picked":"Bane+1","floor":23},{"not_picked":["Deadly Poison"],"picked":"Singing Bowl","floor":25},{"not_picked":[],"picked":"Poisoned Stab","floor":27},{"not_picked":[],"picked":"PiercingWail+1","floor":29},{"not_picked":[],"picked":"Crippling Poison+1","floor":30},{"not_picked":["Deadly Poison"],"picked":"Singing Bowl","floor":31},{"not_picked":[],"picked":"Venomology","floor":33},{"not_picked":[],"picked":"Backstab+1","floor":35},{"not_picked":["Slice+1"],"picked":"Singing Bowl","floor":37},{"not_picked":["Magnetism"],"picked":"Singing Bowl","floor":38},{"not_picked":["PiercingWail"],"picked":"Singing Bowl","floor":39},{"not_picked":["Concentrate"],"picked":"Singing Bowl","floor":40},{"not_picked":["Flechettes"],"picked":"Singing Bowl","floor":42},{"not_picked":["Outmaneuver+1"],"picked":"Singing Bowl","floor":44},{"not_picked":["Bane"],"picked":"Singing Bowl","floor":45}],"player_experience":374774,"relics_obtained":[{"floor":6,"key":"Tough Bandages"},{"floor":8,"key":"Bronze Scales"},{"floor":9,"key":"Gambling Chip"},{"floor":12,"key":"Singing Bowl"},{"floor":23,"key":"Pocketwatch"},{"floor":25,"key":"Bottled Flame"},{"floor":27,"key":"Whetstone"},{"floor":40,"key":"Dream Catcher"},{"floor":42,"key":"Pear"},{"floor":43,"key":"Turnip"},{"floor":44,"key":"Shovel"},{"floor":47,"key":"Smiling Mask"},{"floor":49,"key":"Anchor"}],"event_choices":[{"damage_healed":0,"gold_gain":0,"player_choice":"Shed Blood","damage_taken":20,"max_hp_gain":5,"max_hp_loss":0,"event_name":"Forgotten Altar","floor":21,"gold_loss":0},{"damage_healed":0,"gold_gain":0,"player_choice":"Opened","damage_taken":0,"relics_obtained":["Art of War"],"max_hp_gain":0,"max_hp_loss":0,"event_name":"The Mausoleum","floor":28,"gold_loss":0},{"damage_healed":0,"gold_gain":0,"player_choice":"Memory 1","damage_taken":0,"max_hp_gain":0,"max_hp_loss":0,"event_name":"SensoryStone","floor":38,"gold_loss":0},{"damage_healed":0,"gold_gain":0,"player_choice":"Paid","damage_taken":0,"relics_obtained":["Red Mask"],"max_hp_gain":0,"max_hp_loss":0,"event_name":"Tomb of Lord Red Mask","floor":48,"gold_loss":11}],"is_beta":false,"boss_relics":[{"not_picked":["WristBlade","Lizard Tail"],"picked":"Busted Crown"},{"not_picked":["White Beast Statue","Tiny House"],"picked":"Coffee Dripper"}],"items_purged_floors":[19,46],"is_endless":false,"potions_floor_spawned":[3,4,8,11,12,16,25,29,31,39,45],"ascension_level":6}