{"gold_per_floor":[111,127,143,143,1,1,28,46,73,108,132,132,30,43,43,145,145,157,174,187,112,131,131,156,156,202,117,17,17,17,17,17,17],"floor_reached":33,"playtime":2307,"items_purged":["Strike_B","Strike_B"],"score":423,"play_id":"681923f4-5a24-4adb-907b-fd9349da911b","local_time":"20190807080802","is_ascension_mode":true,"campfire_choices":[{"data":"Streamline","floor":6.0,"key":"SMITH"},{"data":"Loop","floor":12,"key":"SMITH"},{"data":"Doom and Gloom","floor":15,"key":"SMITH"},{"data":"Dualcast","floor":23,"key":"SMITH"},{"data":"Loop","floor":25,"key":"SMITH"},{"data":"Redo","floor":29,"key":"SMITH"},{"floor":32,"key":"REST"}],"neow_cost":"NONE","seed_source_timestamp":2370810687466000,"circlet_count":0,"master_deck":["AscendersBane","Strike_B","Defend_B","Defend_B","Defend_B","Defend_B","Zap","Dualcast+1","Reinforced Body+1","Streamline+1","Leap","Self Repair","Darkness","Loop+1","Conserve Battery","Doom and Gloom+1","Stack","Stack","Seek","Rebound","Steam","Loop+1","Redo+1","Auto Shields"],"special_seed":0,"relics":["Cracked Core","NeowsBlessing","Orichalcum","Lantern","Potion Belt","Bag of Marbles","Art of War","Runic Pyramid","Oddly Smooth Stone","PreservedInsect","Bronze Scales"],"potions_floor_usage":[14,14,22,24,24,33],"damage_taken":[{"damage":0.0,"enemies":"Cultist","floor":1.0,"turns":1.0},{"damage":0.0,"enemies":"2 Louse","floor":2.0,"turns":1.0},{"damage":0.0,"enemies":"Jaw Worm","floor":3.0,"turns":1.0},{"damage":18.0,"enemies":"Gremlin Nob","floor":7.0,"turns":5.0},{"damage":1.0,"enemies":"Exordium Wildlife","floor":8.0,"turns":6.0},{"damage":12,"enemies":"3 Sentries","floor":10,"turns":8},{"damage":1,"enemies":"Gremlin Gang","floor":14,"turns":7},{"damage":25,"enemies":"Slime Boss","floor":16,"turns":10},{"damage":0,"enemies":"Shell Parasite","floor":18,"turns":5},{"damage":3,"enemies":"3 Byrds","floor":19,"turns":4},{"damage":22,"enemies":"Snake Plant","floor":20,"turns":5},{"damage":11,"enemies":"Centurion and Healer","floor":22,"turns":8},{"damage":16,"enemies":"Gremlin Leader","floor":24,"turns":7},{"damage":61,"enemies":"Collector","floor":33,"turns":7}],"seed_played":"5561694512658374952","potions_obtained":[{"floor":2.0,"key":"SpeedPotion"},{"floor":3.0,"key":"Dexterity Potion"},{"floor":10,"key":"SkillPotion"},{"floor":14,"key":"Energy Potion"},{"floor":18,"key":"Swift Potion"},{"floor":20,"key":"Strength Potion"}],"is_trial":false,"path_per_floor":["M","M","M","?","$","R","E","M","T","E","T","R","$","M","R","B",null,"M","M","M","?","M","R","E","R","T","?","$","R","?","?","R","B"],"character_chosen":"DEFECT","items_purchased":["Self Repair","Doom and Gloom","Stack"],"campfire_rested":1,"item_purchase_floors":[5,13,13],"current_hp_per_floor":[68,68,68,50,50,50,39,45,45,40,40,40,40,46,46,28,63,70,74,59,59,55,55,46,46,46,46,46,46,32,32,56,0],"gold":17,"neow_bonus":"THREE_ENEMY_KILL","is_prod":false,"is_daily":false,"chose_seed":false,"campfire_upgraded":6,"win_rate":0,"timestamp":1565186882,"path_taken":["M","M","?","?","$","R","E","M","T","E","?","R","?","M","R","BOSS","M","?","M","?","M","R","E","R","T","?","$","R","?","?","R","BOSS"],"build_version":"2019-07-18","purchased_purges":2,"victory":false,"max_hp_per_floor":[75,75,75,75,75,75,75,75,75,75,75,75,75,75,75,75,75,75,75,75,75,75,75,75,75,75,75,75,75,80,80,80,80],"card_choices":[{"not_picked":["Turbo","Rebound"],"picked":"Reinforced Body","floor":1.0},{"not_picked":["Blizzard","Steam"],"picked":"Streamline","floor":2.0},{"not_picked":["Barrage","Rebound"],"picked":"Leap","floor":3.0},{"not_picked":["Force Field","FTL"],"picked":"Darkness","floor":7.0},{"not_picked":["Reprogram","Hello World"],"picked":"Loop","floor":8.0},{"not_picked":["Coolheaded","FTL"],"picked":"Conserve Battery","floor":10},{"not_picked":["Stack","Compile Driver","Gash"],"picked":"SKIP","floor":14},{"not_picked":["Compile Driver","Gash"],"picked":"Stack","floor":14},{"not_picked":["Rainbow","Hyperbeam"],"picked":"Seek","floor":16},{"not_picked":["Leap","Undo"],"picked":"Rebound","floor":18},{"not_picked":["Aggregate","Static Discharge"],"picked":"Steam","floor":19},{"not_picked":["Barrage+1","Ball Lightning"],"picked":"Loop","floor":20},{"not_picked":["Heatsinks","Rebound"],"picked":"Redo","floor":22},{"not_picked":["Barrage","Chill"],"picked":"Auto Shields","floor":24}],"player_experience":229459,"relics_obtained":[{"floor":7.0,"key":"Lantern"},{"floor":9.0,"key":"Potion Belt"},{"floor":10,"key":"Bag of Marbles"},{"floor":11,"key":"Art of War"},{"floor":24,"key":"Oddly Smooth Stone"},{"floor":26,"key":"PreservedInsect"}],"event_choices":[{"damage_healed":0.0,"max_hp_gain":0.0,"max_hp_loss":0.0,"gold_gain":0.0,"event_name":"Scrap Ooze","player_choice":"Success","floor":4.0,"gold_loss":0.0,"damage_taken":18.0,"relics_obtained":["Orichalcum"]},{"cards_removed":["Strike_B"],"damage_healed":0,"gold_gain":0,"player_choice":"Gave Gold","damage_taken":0,"max_hp_gain":0,"max_hp_loss":0,"event_name":"Beggar","floor":21,"gold_loss":75},{"damage_healed":0,"gold_gain":0,"player_choice":"Obtained Relic","damage_taken":0,"relics_obtained":["Bronze Scales"],"max_hp_gain":0,"max_hp_loss":0,"event_name":"Addict","floor":27,"gold_loss":85},{"damage_healed":0,"gold_gain":0,"player_choice":"Shed Blood","damage_taken":19,"max_hp_gain":5,"max_hp_loss":0,"event_name":"Forgotten Altar","floor":30,"gold_loss":0},{"damage_healed":0,"gold_gain":0,"player_choice":"Upgraded","damage_taken":0,"max_hp_gain":0,"max_hp_loss":0,"event_name":"Upgrade Shrine","floor":31,"gold_loss":0,"cards_upgraded":["Reinforced Body"]}],"is_beta":true,"boss_relics":[{"not_picked":["Pandora\u0027s Box","Astrolabe"],"picked":"Runic Pyramid"}],"items_purged_floors":[5,28],"is_endless":false,"potions_floor_spawned":[2,3,10,14,18,20],"killed_by":"Collector","ascension_level":11}