{"gold_per_floor":[113,113,188,208,223,223,398,428,428,428,440,454,454,274,274,376,376,387,387,387],"floor_reached":20,"playtime":1361,"items_purged":["Strike_R"],"score":198,"play_id":"fb0f64f7-e848-4c56-932c-fb0b0ea82412","local_time":"20190115150850","is_ascension_mode":true,"campfire_choices":[{"data":"Body Slam","floor":6,"key":"SMITH"},{"floor":13,"key":"REST"},{"floor":15,"key":"REST"}],"neow_cost":"NONE","seed_source_timestamp":681676135313175,"circlet_count":0,"master_deck":["Strike_R","Strike_R","Strike_R","Strike_R","Defend_R","Defend_R","Defend_R","Defend_R","Bash","Sentinel","Body Slam+1","Spot Weakness","Doubt","True Grit","Heavy Blade","Feel No Pain","Entrench","Havoc","Second Wind","Pommel Strike","Double Tap","Flame Barrier"],"relics":["Burning Blood","Dream Catcher","Self Forming Clay","Centennial Puzzle","Eternal Feather"],"potions_floor_usage":[8,20],"damage_taken":[{"damage":10,"enemies":"2 Louse","floor":1,"turns":3},{"damage":4,"enemies":"Small Slimes","floor":4,"turns":4},{"damage":6,"enemies":"Jaw Worm","floor":5,"turns":5},{"damage":40,"enemies":"3 Sentries","floor":8,"turns":9},{"damage":6,"enemies":"Blue Slaver","floor":11,"turns":4},{"damage":26,"enemies":"Large Slime","floor":12,"turns":7},{"damage":58,"enemies":"The Guardian","floor":16,"turns":15},{"damage":45,"enemies":"Spheric Guardian","floor":18,"turns":8},{"damage":37,"enemies":"Shell Parasite","floor":20,"turns":4}],"seed_played":"1014036759002483809","potions_obtained":[{"floor":4,"key":"SmokeBomb"},{"floor":5,"key":"Strength Potion"},{"floor":8,"key":"Ancient Potion"},{"floor":18,"key":"FearPotion"}],"is_trial":false,"path_per_floor":["M","?","?","M","M","R","?","E","T","?","M","M","R","$","R","B",null,"M","?","M"],"character_chosen":"IRONCLAD","items_purchased":["Havoc","Second Wind"],"campfire_rested":2,"item_purchase_floors":[14,14],"current_hp_per_floor":[76,76,65,67,67,67,67,33,33,38,38,18,43,43,68,16,85,46,30,0],"gold":387,"neow_bonus":"RANDOM_COMMON_RELIC","is_prod":false,"is_daily":false,"chose_seed":false,"campfire_upgraded":1,"win_rate":0,"timestamp":1547525330,"path_taken":["M","?","?","M","M","R","?","E","T","?","M","M","R","$","R","BOSS","M","?","M"],"build_version":"2019-01-10","purchased_purges":1,"victory":false,"max_hp_per_floor":[80,80,80,80,80,80,80,80,80,85,85,85,85,85,85,85,85,85,90,90],"card_choices":[{"not_picked":["Wild Strike","Iron Wave"],"picked":"Sentinel","floor":1},{"not_picked":["Shrug It Off","Heavy Blade"],"picked":"Body Slam","floor":4},{"not_picked":["Pummel","Inflame"],"picked":"Spot Weakness","floor":5},{"not_picked":["Uppercut","Power Through"],"picked":"True Grit","floor":8},{"not_picked":["Thunderclap","Armaments"],"picked":"Heavy Blade","floor":11},{"not_picked":["Warcry","Carnage"],"picked":"Feel No Pain","floor":12},{"not_picked":["Havoc","Warcry"],"picked":"Entrench","floor":13},{"not_picked":["Twin Strike","True Grit"],"picked":"Pommel Strike","floor":15},{"not_picked":["Berserk","Offering"],"picked":"Double Tap","floor":16},{"not_picked":["Flex","Headbutt"],"picked":"Flame Barrier","floor":18}],"player_experience":442910,"relics_obtained":[{"floor":8,"key":"Self Forming Clay"},{"floor":9,"key":"Centennial Puzzle"}],"event_choices":[{"damage_healed":0,"gold_gain":0,"player_choice":"Ignored","damage_taken":0,"max_hp_gain":0,"max_hp_loss":0,"event_name":"Shining Light","floor":2,"gold_loss":0},{"damage_healed":0,"gold_gain":75,"player_choice":"Gather Gold","damage_taken":11,"max_hp_gain":0,"max_hp_loss":0,"event_name":"World of Goop","floor":3,"gold_loss":0},{"damage_healed":0,"gold_gain":175,"player_choice":"AGREE","damage_taken":0,"max_hp_gain":0,"max_hp_loss":0,"event_name":"Liars Game","floor":7,"gold_loss":0,"cards_obtained":["Doubt"]},{"damage_healed":0,"gold_gain":0,"player_choice":"Donut","damage_taken":0,"max_hp_gain":5,"max_hp_loss":0,"event_name":"Big Fish","floor":10,"gold_loss":0},{"damage_healed":0,"gold_gain":0,"player_choice":"Shed Blood","damage_taken":21,"max_hp_gain":5,"max_hp_loss":0,"event_name":"Forgotten Altar","floor":19,"gold_loss":0}],"is_beta":false,"boss_relics":[{"not_picked":["Velvet Choker","Coffee Dripper"],"picked":"Eternal Feather"}],"items_purged_floors":[14],"is_endless":false,"potions_floor_spawned":[4,5,8,18],"killed_by":"Shell Parasite","ascension_level":3}