{"gold_per_floor":[117,131,85,105,118,118,64,84,84,110,125,125,137,165,165,165],"floor_reached":16,"playtime":990,"items_purged":[],"score":137,"play_id":"ce8c4fbd-b68f-416b-a3f9-d5d7a847736b","local_time":"20190711220306","is_ascension_mode":true,"campfire_choices":[{"data":"Armaments","floor":6,"key":"SMITH"},{"data":"Flex","floor":12,"key":"SMITH"},{"floor":15,"key":"REST"}],"neow_cost":"NONE","seed_source_timestamp":2253003359546900,"circlet_count":0,"master_deck":["Strike_R","Strike_R","Strike_R","Strike_R+1","Strike_R","Defend_R","Defend_R","Defend_R","Defend_R","Bash","Cleave+1","Armaments+1","Clothesline","Flex","Dropkick","Flex+1","Iron Wave","Headbutt"],"relics":["Burning Blood","Strawberry","Darkstone Periapt","Whetstone","Dodecahedron"],"potions_floor_usage":[8,10,13],"damage_taken":[{"damage":16,"enemies":"Cultist","floor":1,"turns":4},{"damage":3,"enemies":"2 Louse","floor":2,"turns":3},{"damage":0,"enemies":"Small Slimes","floor":4,"turns":4},{"damage":9,"enemies":"Looter","floor":5,"turns":4},{"damage":19,"enemies":"Exordium Thugs","floor":8,"turns":5},{"damage":30,"enemies":"Lagavulin","floor":10,"turns":4},{"damage":13,"enemies":"3 Louse","floor":11,"turns":3},{"damage":13,"enemies":"Gremlin Gang","floor":13,"turns":4},{"damage":22,"enemies":"3 Sentries","floor":14,"turns":8},{"damage":51,"enemies":"Slime Boss","floor":16,"turns":7}],"seed_played":"-3681479951665736403","potions_obtained":[{"floor":4,"key":"Block Potion"},{"floor":8,"key":"Strength Potion"},{"floor":11,"key":"Fire Potion"}],"is_trial":false,"path_per_floor":["M","M","$","M","M","R","$","M","T","E","M","R","M","E","R","B"],"character_chosen":"IRONCLAD","items_purchased":["Clothesline","Flex"],"campfire_rested":1,"item_purchase_floors":[3,7],"current_hp_per_floor":[77,80,80,86,83,83,83,70,70,46,39,39,32,16,42,0],"gold":165,"neow_bonus":"RANDOM_COMMON_RELIC","is_prod":false,"is_daily":false,"chose_seed":false,"campfire_upgraded":2,"win_rate":0,"timestamp":1562907786,"path_taken":["M","M","$","M","M","R","?","M","T","E","M","R","?","E","R","BOSS"],"build_version":"2019-07-05","purchased_purges":0,"victory":false,"max_hp_per_floor":[87,87,87,87,87,87,87,87,87,87,87,87,87,87,87,87],"card_choices":[{"not_picked":["Wild Strike","Battle Trance"],"picked":"Cleave","floor":1},{"not_picked":["Cleave","Feel No Pain"],"picked":"Armaments","floor":2},{"not_picked":["Body Slam","Hemokinesis","Twin Strike"],"picked":"SKIP","floor":4},{"not_picked":["Pummel","True Grit","Sword Boomerang"],"picked":"SKIP","floor":5},{"not_picked":["Clash","Battle Trance"],"picked":"Dropkick","floor":8},{"not_picked":["Heavy Blade","Pommel Strike"],"picked":"Flex","floor":10},{"not_picked":["Thunderclap","True Grit"],"picked":"Iron Wave","floor":11},{"not_picked":["Wild Strike","Barricade"],"picked":"Headbutt","floor":13},{"not_picked":["Clothesline","Spot Weakness","Cleave"],"picked":"SKIP","floor":14}],"player_experience":641111,"relics_obtained":[{"floor":9,"key":"Darkstone Periapt"},{"floor":10,"key":"Whetstone"},{"floor":14,"key":"Dodecahedron"}],"event_choices":[],"is_beta":false,"boss_relics":[],"items_purged_floors":[],"is_endless":false,"potions_floor_spawned":[4,8,11],"killed_by":"Slime Boss","ascension_level":4}