{"gold_per_floor":[117,134,29,80,92,92,92,106,159,179,32,61,77,97,97,193,193,204,215,215,233,233,268,286,6,6,6,6],"floor_reached":28,"playtime":3268,"items_purged":[],"score":242,"play_id":"c3d16a91-e57d-4ecb-85d4-9531f34bd814","local_time":"20190223214652","is_ascension_mode":false,"campfire_choices":[{"data":"Flame Barrier","floor":6,"key":"SMITH"},{"data":"Cleave","floor":15,"key":"SMITH"}],"neow_cost":"NONE","seed_source_timestamp":365292251475500,"circlet_count":0,"master_deck":["Strike_R","Strike_R","Strike_R","Strike_R","Strike_R","Defend_R","Defend_R","Defend_R","Defend_R","Bash+1","Headbutt","Twin Strike","PanicButton","Shrug It Off","Flame Barrier+1","Metallicize","Shame","Deep Breath","Iron Wave","Clothesline","Cleave+1","Bludgeon","Shockwave","Demon Form","Rage","RitualDagger+1","Seeing Red","Armaments+1","Flex","Corruption"],"relics":["Burning Blood","PreservedInsect","Anchor","Omamori","Sozu","Oddly Smooth Stone","Bottled Tornado","Juzu Bracelet"],"potions_floor_usage":[8,18,24],"damage_taken":[{"damage":0,"enemies":"Small Slimes","floor":1,"turns":3},{"damage":0,"enemies":"2 Louse","floor":2,"turns":4},{"damage":5,"enemies":"Cultist","floor":5,"turns":4},{"damage":2,"enemies":"Large Slime","floor":8,"turns":8},{"damage":4,"enemies":"2 Fungi Beasts","floor":10,"turns":4},{"damage":13,"enemies":"Lagavulin","floor":12,"turns":9},{"damage":0,"enemies":"Lots of Slimes","floor":13,"turns":2},{"damage":0,"enemies":"3 Louse","floor":14,"turns":3},{"damage":57,"enemies":"Hexaghost","floor":16,"turns":13},{"damage":10,"enemies":"Spheric Guardian","floor":18,"turns":3},{"damage":13,"enemies":"Shell Parasite","floor":19,"turns":7},{"damage":21,"enemies":"Snake Plant","floor":21,"turns":5},{"damage":41,"enemies":"Gremlin Leader","floor":23,"turns":7},{"damage":2,"enemies":"Centurion and Healer","floor":24,"turns":8},{"damage":19,"enemies":"3 Cultists","floor":28,"turns":5}],"seed_played":"2127268898325371968","potions_obtained":[{"floor":1,"key":"Block Potion"},{"floor":5,"key":"Ancient Potion"},{"floor":13,"key":"SteroidPotion"}],"is_trial":false,"path_per_floor":["M","M","$","?","M","R","?","M","T","M","$","E","M","M","R","B",null,"M","M","?","M","?","E","M","$","T","?","M"],"character_chosen":"IRONCLAD","items_purchased":["PanicButton","Shrug It Off","Anchor","Bottled Tornado","Corruption"],"campfire_rested":0,"item_purchase_floors":[3,3,11,25,25],"current_hp_per_floor":[80,80,80,80,80,80,80,80,80,80,80,73,79,80,80,29,80,76,69,63,48,48,13,17,17,17,17,0],"gold":6,"neow_bonus":"UPGRADE_CARD","is_prod":false,"is_daily":false,"chose_seed":false,"campfire_upgraded":2,"win_rate":0.0,"timestamp":1550983612,"path_taken":["M","M","$","?","M","R","?","M","T","M","$","E","?","M","R","BOSS","M","M","?","M","?","E","?","$","T","?","M"],"build_version":"2019-01-23","purchased_purges":0,"victory":false,"max_hp_per_floor":[80,80,80,80,80,80,80,80,80,80,80,80,80,80,80,80,80,80,80,80,80,80,80,80,80,80,80,80],"card_choices":[{"not_picked":["Shockwave","Shrug It Off"],"picked":"Headbutt","floor":1},{"not_picked":["Clothesline","Hemokinesis"],"picked":"Twin Strike","floor":2},{"not_picked":["Thunderclap","Sword Boomerang"],"picked":"Flame Barrier","floor":5},{"not_picked":["Clash","True Grit"],"picked":"Clothesline","floor":8},{"not_picked":["Heavy Blade","Twin Strike"],"picked":"Cleave","floor":10},{"not_picked":["Sever Soul","Iron Wave"],"picked":"Bludgeon","floor":12},{"not_picked":["Twin Strike","Thunderclap","Warcry"],"picked":"SKIP","floor":13},{"not_picked":["Perfected Strike","Twin Strike"],"picked":"Shockwave","floor":14},{"not_picked":["Feed","Juggernaut"],"picked":"Demon Form","floor":16},{"not_picked":["Infernal Blade","Clash+1"],"picked":"Rage","floor":18},{"not_picked":["Cleave","Clash","Flame Barrier"],"picked":"SKIP","floor":19},{"not_picked":["Thunderclap","Disarm"],"picked":"Seeing Red","floor":21},{"not_picked":["True Grit","Searing Blow"],"picked":"Armaments+1","floor":23},{"not_picked":["Body Slam","Cleave"],"picked":"Flex","floor":24}],"player_experience":32153,"relics_obtained":[{"floor":9,"key":"PreservedInsect"},{"floor":12,"key":"Omamori"},{"floor":23,"key":"Oddly Smooth Stone"},{"floor":26,"key":"Juzu Bracelet"}],"event_choices":[{"damage_healed":0,"gold_gain":51,"player_choice":"Gained Gold","damage_taken":0,"max_hp_gain":0,"max_hp_loss":0,"event_name":"Golden Wing","floor":4,"gold_loss":0},{"damage_healed":0,"gold_gain":0,"player_choice":"4 cards matched","damage_taken":0,"max_hp_gain":0,"max_hp_loss":0,"event_name":"Match and Keep!","floor":7,"gold_loss":0,"cards_obtained":["Metallicize","Shame","Deep Breath","Iron Wave"]},{"damage_healed":0,"gold_gain":0,"player_choice":"Joined the Cult","damage_taken":6,"max_hp_gain":0,"max_hp_loss":0,"event_name":"Nest","floor":20,"gold_loss":0,"cards_obtained":["RitualDagger"]},{"damage_healed":0,"gold_gain":0,"player_choice":"Upgraded","damage_taken":0,"max_hp_gain":0,"max_hp_loss":0,"event_name":"Upgrade Shrine","floor":22,"gold_loss":0,"cards_upgraded":["RitualDagger"]},{"damage_healed":0,"gold_gain":0,"player_choice":"Smashed Altar","damage_taken":0,"max_hp_gain":0,"max_hp_loss":0,"event_name":"Forgotten Altar","floor":27,"gold_loss":0,"cards_obtained":["Decay"]}],"is_beta":false,"boss_relics":[{"not_picked":["White Beast Statue","Ectoplasm"],"picked":"Sozu"}],"items_purged_floors":[],"is_endless":false,"potions_floor_spawned":[1,5,13,18,19],"killed_by":"3 Cultists","ascension_level":0}