{"gold_per_floor":[116,116,134,134,159,159,173,173,173,191,218,104,143,164,164,259,259,277,56,56,56,56,56,76,76,76,76,76,76],"floor_reached":29,"playtime":900,"items_purged":["Strike_G"],"score":542,"play_id":"c7d37664-cc73-4cb6-ab88-3fb1721227de","local_time":"20190702110212","is_ascension_mode":true,"campfire_choices":[{"data":"Dagger Spray","floor":6.0,"key":"SMITH"},{"data":"Footwork","floor":8.0,"key":"SMITH"},{"data":"Deadly Poison","floor":15,"key":"SMITH"},{"data":"Neutralize","floor":23,"key":"SMITH"},{"data":"Acrobatics","floor":25,"key":"SMITH"},{"data":"Calculated Gamble","floor":27,"key":"SMITH"}],"neow_cost":"CURSE","seed_source_timestamp":66146975343210,"circlet_count":0,"master_deck":["AscendersBane","Strike_G","Strike_G","Defend_G","Defend_G","Defend_G","Defend_G","Defend_G","Survivor","Neutralize+1","Acrobatics+1","Dagger Spray+1","Footwork+1","Deadly Poison+1","Calculated Gamble+1","Malaise","PiercingWail","After Image"],"special_seed":0,"relics":["Ring of the Snake","FossilizedHelix","Bloody Idol","Meat on the Bone","Bag of Preparation","Pear","Empty Cage","Medical Kit","Enchiridion"],"potions_floor_usage":[13,29],"damage_taken":[{"damage":0.0,"enemies":"2 Louse","floor":1.0,"turns":3.0},{"damage":1.0,"enemies":"Small Slimes","floor":3.0,"turns":8.0},{"damage":0.0,"enemies":"Jaw Worm","floor":5.0,"turns":3.0},{"damage":8.0,"enemies":"Exordium Wildlife","floor":7.0,"turns":7.0},{"damage":0.0,"enemies":"Red Slaver","floor":10.0,"turns":4.0},{"damage":16,"enemies":"3 Sentries","floor":13,"turns":8},{"damage":0,"enemies":"3 Louse","floor":14,"turns":4},{"damage":0,"enemies":"The Guardian","floor":16,"turns":13},{"damage":0,"enemies":"Spheric Guardian","floor":18,"turns":4},{"damage":0,"enemies":"Chosen","floor":24,"turns":8},{"damage":27,"enemies":"Masked Bandits","floor":29,"turns":4}],"seed_played":"5970699183989075673","potions_obtained":[{"floor":1.0,"key":"Poison Potion"},{"floor":10.0,"key":"Block Potion"},{"floor":14,"key":"GamblersBrew"},{"floor":18,"key":"EssenceOfSteel"}],"is_trial":false,"path_per_floor":["M","?","M","?","M","R","M","R","T","M","T","$","E","M","R","B",null,"M","$","?","?","$","R","M","R","T","R","$","?"],"character_chosen":"THE_SILENT","items_purchased":["Calculated Gamble","Medical Kit"],"campfire_rested":0,"item_purchase_floors":[12,19],"current_hp_per_floor":[59,59,58,51,51,51,43,43,43,43,43,43,49,49,49,49,65,65,65,65,44,44,44,49,49,49,49,49,22],"gold":76,"neow_bonus":"ONE_RARE_RELIC","is_prod":false,"is_daily":false,"chose_seed":false,"campfire_upgraded":6,"win_rate":0,"timestamp":1562036532,"path_taken":["M","?","M","?","M","R","?","R","T","M","?","$","E","M","R","BOSS","M","$","?","?","?","R","?","R","T","R","$","?"],"build_version":"2019-07-01","purchased_purges":1,"victory":false,"max_hp_per_floor":[66,60,60,60,60,60,60,60,60,60,60,60,70,70,70,70,70,70,70,70,70,70,70,70,70,70,70,70,70],"card_choices":[{"not_picked":["Predator","Slice"],"picked":"Acrobatics","floor":1.0},{"not_picked":["Underhanded Strike","Slice","Dodge and Roll"],"picked":"SKIP","floor":3.0},{"not_picked":["Quick Slash","Venomology"],"picked":"Dagger Spray","floor":5.0},{"not_picked":["Cloak And Dagger","PiercingWail"],"picked":"Footwork","floor":7.0},{"not_picked":["Backflip","Eviscerate"],"picked":"Deadly Poison","floor":10.0},{"not_picked":["Dodge and Roll","Acrobatics"],"picked":"Malaise","floor":13},{"not_picked":["Outmaneuver","Leg Sweep"],"picked":"PiercingWail","floor":14},{"not_picked":["Night Terror","Glass Knife"],"picked":"After Image","floor":16},{"not_picked":["Sucker Punch","Quick Slash","Finisher"],"picked":"SKIP","floor":18},{"not_picked":["Dagger Spray","Terror","Blade Dance"],"picked":"SKIP","floor":24}],"player_experience":1039018,"relics_obtained":[{"floor":9.0,"key":"Meat on the Bone"},{"floor":11.0,"key":"Bag of Preparation"},{"floor":13,"key":"Pear"},{"floor":21,"key":"Enchiridion"}],"event_choices":[{"damage_healed":0.0,"max_hp_gain":0.0,"max_hp_loss":6.0,"gold_gain":0.0,"event_name":"Golden Idol","player_choice":"Lose Max HP","floor":2.0,"gold_loss":0.0,"damage_taken":0.0,"relics_obtained":["Golden Idol"]},{"cards_removed":["Injury"],"damage_healed":0.0,"max_hp_gain":0.0,"max_hp_loss":0.0,"gold_gain":0.0,"event_name":"Golden Wing","player_choice":"Card Removal","floor":4.0,"gold_loss":0.0,"damage_taken":7.0},{"damage_healed":0,"gold_gain":0,"player_choice":"Gave Idol","damage_taken":0,"relics_obtained":["Bloody Idol"],"max_hp_gain":0,"max_hp_loss":0,"event_name":"Forgotten Altar","floor":20,"relics_lost":["Golden Idol"],"gold_loss":0},{"damage_healed":0,"gold_gain":0,"player_choice":"Obtained Book","damage_taken":21,"max_hp_gain":0,"max_hp_loss":0,"event_name":"Cursed Tome","floor":21,"gold_loss":0},{"damage_healed":0,"gold_gain":0,"player_choice":"Fought Bandits","damage_taken":0,"max_hp_gain":0,"max_hp_loss":0,"event_name":"Masked Bandits","floor":29,"gold_loss":0}],"is_beta":false,"boss_relics":[{"not_picked":["Cursed Key","White Beast Statue"],"picked":"Empty Cage"}],"items_purged_floors":[12],"is_endless":false,"potions_floor_spawned":[1,10,14,18,24],"killed_by":"Masked Bandits","ascension_level":20}