{"gold_per_floor":[116,116,116,134,153,153,173,201,201,214,225,241,3,30,30,30],"floor_reached":16,"playtime":595,"items_purged":["Strike_R"],"score":228,"play_id":"ac8b333d-e5d4-475f-8881-d6b5f21d7d65","local_time":"20190806152316","is_ascension_mode":true,"campfire_choices":[{"data":"Armaments","floor":6.0,"key":"SMITH"},{"floor":15,"key":"REST"}],"neow_cost":"NONE","seed_source_timestamp":235986968100115,"circlet_count":0,"master_deck":["AscendersBane","Strike_R","Strike_R","Strike_R","Defend_R","Defend_R+1","Defend_R","Defend_R","Bash","Second Wind+1","Whirlwind","Armaments+1","Battle Trance","Exhume"],"special_seed":0,"relics":["Burning Blood","NeowsBlessing","Self Forming Clay","Bottled Lightning","Omamori","Dodecahedron"],"potions_floor_usage":[14,16],"damage_taken":[{"damage":0.0,"enemies":"Small Slimes","floor":1.0,"turns":1.0},{"damage":0.0,"enemies":"2 Louse","floor":4.0,"turns":1.0},{"damage":0.0,"enemies":"Cultist","floor":5.0,"turns":1.0},{"damage":1.0,"enemies":"3 Louse","floor":7.0,"turns":4.0},{"damage":40.0,"enemies":"3 Sentries","floor":8.0,"turns":8.0},{"damage":0.0,"enemies":"Blue Slaver","floor":10.0,"turns":6.0},{"damage":7.0,"enemies":"Gremlin Gang","floor":11.0,"turns":3.0},{"damage":9.0,"enemies":"Looter","floor":12.0,"turns":4.0},{"damage":48,"enemies":"Lagavulin","floor":14,"turns":9},{"damage":29,"enemies":"The Guardian","floor":16,"turns":11}],"seed_played":"5276466676849966681","potions_obtained":[{"floor":1.0,"key":"GamblersBrew"},{"floor":4.0,"key":"Regen Potion"},{"floor":8.0,"key":"Weak Potion"},{"floor":14,"key":"Explosive Potion"}],"is_trial":false,"path_per_floor":["M","?","?","M","M","R","M","E","T","M","M","M","$","E","R","B"],"character_chosen":"IRONCLAD","items_purchased":["Omamori"],"campfire_rested":1,"item_purchase_floors":[13],"current_hp_per_floor":[74,51,51,57,63,63,68,49,49,55,54,51,51,9,31,2],"gold":30,"neow_bonus":"THREE_ENEMY_KILL","is_prod":false,"is_daily":false,"chose_seed":false,"campfire_upgraded":1,"win_rate":0,"timestamp":1565076196,"path_taken":["M","?","?","M","M","R","?","E","T","M","M","M","$","E","R","BOSS"],"build_version":"2019-07-17","purchased_purges":1,"victory":false,"max_hp_per_floor":[75,75,75,75,75,75,75,75,75,75,75,75,75,75,75,75],"card_choices":[{"not_picked":["Carnage","Twin Strike"],"picked":"Second Wind","floor":1.0},{"not_picked":["Iron Wave","Thunderclap"],"picked":"Whirlwind","floor":4.0},{"not_picked":["Corruption","Dropkick"],"picked":"Armaments","floor":5.0},{"not_picked":["Second Wind","Headbutt"],"picked":"Battle Trance","floor":7.0},{"not_picked":["Headbutt","Iron Wave","Pommel Strike"],"picked":"SKIP","floor":8.0},{"not_picked":["Iron Wave","Thunderclap","Armaments"],"picked":"SKIP","floor":10.0},{"not_picked":["Iron Wave","Shrug It Off"],"picked":"Exhume","floor":11.0},{"not_picked":["Anger","Pommel Strike","Second Wind"],"picked":"SKIP","floor":12.0},{"not_picked":["Uppercut","Intimidate","Ghostly Armor"],"picked":"SKIP","floor":14}],"player_experience":1124117,"relics_obtained":[{"floor":8.0,"key":"Self Forming Clay"},{"floor":9.0,"key":"Bottled Lightning"},{"floor":14,"key":"Dodecahedron"}],"event_choices":[{"damage_healed":0.0,"max_hp_gain":0.0,"max_hp_loss":0.0,"gold_gain":0.0,"event_name":"Shining Light","player_choice":"Entered Light","floor":2.0,"gold_loss":0.0,"damage_taken":23.0,"cards_upgraded":["Defend_R","Second Wind"]},{"cards_removed":["Strike_R"],"damage_healed":0.0,"max_hp_gain":0.0,"max_hp_loss":0.0,"gold_gain":0.0,"event_name":"Purifier","player_choice":"Purged","floor":3.0,"gold_loss":0.0,"damage_taken":0.0}],"is_beta":false,"boss_relics":[],"items_purged_floors":[13],"is_endless":false,"potions_floor_spawned":[1,4,7,8,14],"killed_by":"The Guardian","ascension_level":20}