{"gold_per_floor":[109,79,96,21,21,21,21,46,99,117,132,156,176,210,210,285,285,285],"floor_reached":18,"playtime":433,"items_purged":["Strike_B"],"score":390,"play_id":"cb78dac6-d6b7-403f-81d0-7610b96301b3","local_time":"20190524185056","is_ascension_mode":true,"campfire_choices":[{"data":"Streamline","floor":6.0,"key":"SMITH"},{"data":"Heatsinks","floor":15.0,"key":"SMITH"}],"neow_cost":"NONE","seed_source_timestamp":287635586233673,"circlet_count":0,"master_deck":["AscendersBane","Strike_B","Strike_B","Strike_B","Defend_B+1","Defend_B","Defend_B","Defend_B","Zap","Dualcast","Turbo+1","Streamline+1","Echo Form","Hologram","Heatsinks+1","Fission"],"special_seed":0,"relics":["Cracked Core","NeowsBlessing","War Paint","Dream Catcher","Tiny Chest","Potion Belt","Bag of Marbles","Coffee Dripper"],"potions_floor_usage":[],"damage_taken":[{"damage":0.0,"enemies":"2 Louse","floor":1.0,"turns":1.0},{"damage":0.0,"enemies":"Small Slimes","floor":3.0,"turns":1.0},{"damage":0.0,"enemies":"Gremlin Nob","floor":8.0,"turns":1.0},{"damage":2.0,"enemies":"Jaw Worm","floor":10.0,"turns":3.0},{"damage":8.0,"enemies":"Blue Slaver","floor":11.0,"turns":3.0},{"damage":9.0,"enemies":"Exordium Thugs","floor":13.0,"turns":4.0},{"damage":5.0,"enemies":"Lagavulin","floor":14.0,"turns":6.0},{"damage":34.0,"enemies":"The Guardian","floor":16.0,"turns":12.0},{"damage":23,"enemies":"3 Byrds","floor":18,"turns":3}],"seed_played":"2514296460248810503","potions_obtained":[{"floor":3.0,"key":"Strength Potion"},{"floor":10.0,"key":"Ancient Potion"}],"is_trial":false,"path_per_floor":["M","$","M","$","?","R","?","E","T","M","M","T","M","E","R","B",null,"M"],"character_chosen":"DEFECT","items_purchased":["Streamline"],"campfire_rested":0,"item_purchase_floors":[2],"current_hp_per_floor":[64,64,64,64,59,59,59,59,59,57,49,49,40,35,35,1,54,31],"gold":285,"neow_bonus":"THREE_ENEMY_KILL","is_prod":false,"is_daily":false,"chose_seed":false,"campfire_upgraded":2,"win_rate":0,"timestamp":1558695056,"path_taken":["M","$","M","$","?","R","?","E","T","M","M","?","M","E","R","BOSS","M"],"build_version":"2019-01-23","purchased_purges":1,"victory":false,"max_hp_per_floor":[71,71,71,71,71,71,71,71,71,71,71,71,71,71,71,71,71,71],"card_choices":[{"not_picked":["Hologram","FTL"],"picked":"Turbo","floor":1.0},{"not_picked":["Beam Cell","Sweeping Beam","Double Energy"],"picked":"SKIP","floor":3.0},{"not_picked":["Coolheaded","Blizzard"],"picked":"Echo Form","floor":8.0},{"not_picked":["Streamline","Auto Shields","Redo"],"picked":"SKIP","floor":10.0},{"not_picked":["Redo","Turbo"],"picked":"Hologram","floor":11.0},{"not_picked":["Barrage","Sweeping Beam"],"picked":"Heatsinks","floor":13.0},{"not_picked":["Streamline","Steam","Compile Driver"],"picked":"SKIP","floor":14.0},{"not_picked":["Amplify","Hyperbeam"],"picked":"Fission","floor":16.0}],"player_experience":936034,"relics_obtained":[{"floor":8.0,"key":"Dream Catcher"},{"floor":9.0,"key":"Tiny Chest"},{"floor":12.0,"key":"Potion Belt"},{"floor":14.0,"key":"Bag of Marbles"}],"event_choices":[{"damage_healed":0.0,"max_hp_gain":0.0,"max_hp_loss":0.0,"gold_gain":0.0,"event_name":"Scrap Ooze","player_choice":"Success","floor":5.0,"gold_loss":0.0,"damage_taken":5.0,"relics_obtained":["War Paint"]},{"damage_healed":0.0,"max_hp_gain":0.0,"max_hp_loss":0.0,"gold_gain":0.0,"event_name":"Liars Game","player_choice":"Ignored","floor":7.0,"gold_loss":0.0,"damage_taken":0.0}],"is_beta":false,"boss_relics":[{"not_picked":["Empty Cage","Astrolabe"],"picked":"Coffee Dripper"}],"items_purged_floors":[4],"is_endless":false,"potions_floor_spawned":[3,10],"killed_by":"3 Byrds","ascension_level":20}