{"gold_per_floor":[114,15,15,45,65,92,92,112,112,125,125,154,171,182,182,284,284,303,228,242,257,282,282,292,292,347,347,358,382,382,382,382,382],"floor_reached":33,"playtime":602,"items_purged":["Strike_R"],"score":272,"play_id":"30369276-e51f-46a6-985d-dcea4f114a0a","local_time":"20190520145320","is_ascension_mode":false,"campfire_choices":[{"data":"Flex","floor":7,"key":"SMITH"},{"data":"Whirlwind","floor":11,"key":"SMITH"},{"data":"Sword Boomerang","floor":15,"key":"SMITH"},{"data":"Bash","floor":23,"key":"SMITH"},{"data":"Defend_R","floor":25,"key":"SMITH"},{"data":"Defend_R","floor":32,"key":"SMITH"}],"neow_cost":"NONE","seed_source_timestamp":315318682754469,"circlet_count":0,"master_deck":["Strike_R","Defend_R+1","Defend_R+1","Defend_R","Defend_R","Bash+1","Flex+1","Whirlwind+1","Sword Boomerang+1"],"relics":["Burning Blood","NeowsBlessing","Tiny Chest","Oddly Smooth Stone","Bottled Flame","Odd Mushroom","Coffee Dripper","Red Mask","Centennial Puzzle","Omamori","Darkstone Periapt"],"potions_floor_usage":[33],"damage_taken":[{"damage":0,"enemies":"Cultist","floor":1,"turns":1},{"damage":0,"enemies":"Jaw Worm","floor":5,"turns":1},{"damage":0,"enemies":"3 Sentries","floor":6,"turns":2},{"damage":0,"enemies":"Small Slimes","floor":8,"turns":2},{"damage":12,"enemies":"Blue Slaver","floor":10,"turns":3},{"damage":16,"enemies":"The Mushroom Lair","floor":12,"turns":3},{"damage":4,"enemies":"Looter","floor":13,"turns":2},{"damage":0,"enemies":"2 Fungi Beasts","floor":14,"turns":1},{"damage":43,"enemies":"Slime Boss","floor":16,"turns":10},{"damage":0,"enemies":"Chosen","floor":18,"turns":3},{"damage":10,"enemies":"Spheric Guardian","floor":20,"turns":3},{"damage":0,"enemies":"3 Cultists","floor":21,"turns":2},{"damage":0,"enemies":"Masked Bandits","floor":22,"turns":1},{"damage":9,"enemies":"Cultist and Chosen","floor":24,"turns":4},{"damage":6,"enemies":"Chosen and Byrds","floor":28,"turns":3},{"damage":88,"enemies":"Automaton","floor":33,"turns":8}],"seed_played":"-7054881063498529302","potions_obtained":[{"floor":10,"key":"Weak Potion"},{"floor":12,"key":"AttackPotion"},{"floor":13,"key":"AttackPotion"},{"floor":14,"key":"Energy Potion"}],"is_trial":false,"path_per_floor":["M","$","?","T","M","E","R","M","T","M","R","?","M","M","R","B",null,"M","?","M","M","?","R","M","R","T","?","M","T","?","T","R","B"],"character_chosen":"IRONCLAD","items_purchased":["Flex"],"campfire_rested":0,"item_purchase_floors":[2],"current_hp_per_floor":[80,80,80,80,80,80,80,80,80,74,74,64,66,72,72,35,80,80,80,76,80,80,80,77,77,77,77,77,77,77,77,77,0],"gold":382,"neow_bonus":"THREE_ENEMY_KILL","is_prod":false,"is_daily":false,"chose_seed":false,"campfire_upgraded":6,"win_rate":0,"timestamp":1558335200,"path_taken":["M","$","?","?","M","E","R","M","T","M","R","?","M","M","R","BOSS","M","?","M","M","?","R","M","R","T","?","?","?","?","?","R","BOSS"],"build_version":"2019-01-23","purchased_purges":1,"victory":false,"max_hp_per_floor":[80,80,80,80,80,80,80,80,80,80,80,80,80,80,80,80,80,80,80,80,80,80,80,80,80,80,80,80,80,80,80,80,80],"card_choices":[{"not_picked":["Thunderclap","Warcry","Anger"],"picked":"SKIP","floor":1},{"not_picked":["Anger","Intimidate","Hemokinesis"],"picked":"SKIP","floor":5},{"not_picked":["Perfected Strike","Clash"],"picked":"Whirlwind","floor":6},{"not_picked":["Havoc","Cleave","Shrug It Off"],"picked":"SKIP","floor":8},{"not_picked":["Flex","Ghostly Armor"],"picked":"Sword Boomerang","floor":10},{"not_picked":["Impervious","Combust","Clash"],"picked":"SKIP","floor":13},{"not_picked":["Whirlwind","Flex","Rage"],"picked":"SKIP","floor":14},{"not_picked":["Spot Weakness","Fire Breathing+1","Thunderclap"],"picked":"SKIP","floor":18},{"not_picked":["Second Wind","Headbutt+1","Iron Wave"],"picked":"SKIP","floor":20},{"not_picked":["Cleave","Body Slam","Shrug It Off"],"picked":"SKIP","floor":21},{"not_picked":["Twin Strike","Exhume","Cleave"],"picked":"SKIP","floor":24},{"not_picked":["Body Slam+1","Iron Wave+1","True Grit"],"picked":"SKIP","floor":28}],"player_experience":894815,"relics_obtained":[{"floor":4,"key":"Tiny Chest"},{"floor":6,"key":"Oddly Smooth Stone"},{"floor":9,"key":"Bottled Flame"},{"floor":12,"key":"Odd Mushroom"},{"floor":22,"key":"Red Mask"},{"floor":26,"key":"Centennial Puzzle"},{"floor":29,"key":"Omamori"},{"floor":31,"key":"Darkstone Periapt"}],"event_choices":[{"cards_removed":["Strike_R"],"damage_healed":0,"gold_gain":0,"player_choice":"Forget","damage_taken":0,"max_hp_gain":0,"max_hp_loss":0,"event_name":"Living Wall","floor":3,"gold_loss":0},{"damage_healed":0,"gold_gain":0,"player_choice":"Fought Mushrooms","damage_taken":0,"max_hp_gain":0,"max_hp_loss":0,"event_name":"Mushrooms","floor":12,"gold_loss":0},{"cards_removed":["Strike_R"],"damage_healed":0,"gold_gain":0,"player_choice":"Gave Gold","damage_taken":0,"max_hp_gain":0,"max_hp_loss":0,"event_name":"Beggar","floor":19,"gold_loss":75},{"damage_healed":0,"gold_gain":0,"player_choice":"Fought Bandits","damage_taken":0,"max_hp_gain":0,"max_hp_loss":0,"event_name":"Masked Bandits","floor":22,"gold_loss":0},{"damage_healed":0,"gold_gain":0,"player_choice":"Got Potions","damage_taken":0,"max_hp_gain":0,"max_hp_loss":0,"event_name":"Lab","floor":27,"gold_loss":0},{"cards_removed":["Strike_R"],"damage_healed":0,"gold_gain":0,"player_choice":"Elegance","damage_taken":0,"max_hp_gain":0,"max_hp_loss":0,"event_name":"Back to Basics","floor":30,"gold_loss":0}],"is_beta":false,"boss_relics":[{"not_picked":["Mark of Pain","Cursed Key"],"picked":"Coffee Dripper"}],"items_purged_floors":[2],"is_endless":false,"potions_floor_spawned":[10,12,13,14,16,21],"killed_by":"Automaton","ascension_level":0}