{"gold_per_floor":[99,24,24,24,24,24,24,24,24,24,24,24,24,24,24,24],"floor_reached":16,"playtime":614,"items_purged":[],"score":240,"play_id":"784b4f15-76a1-43e0-af46-5bb24ff86b52","local_time":"20190623203951","is_ascension_mode":true,"campfire_choices":[{"floor":7.0,"key":"REST"},{"data":"Glass Knife","floor":13.0,"key":"SMITH"},{"data":"Bouncing Flask","floor":15.0,"key":"SMITH"}],"neow_cost":"NONE","seed_source_timestamp":465543191350274,"circlet_count":0,"master_deck":["AscendersBane","Defend_G","Defend_G","Defend_G","Defend_G","Defend_G","Strike_G","Strike_G+1","Strike_G+1","Strike_G","Survivor","Neutralize+1","Poisoned Stab","Bouncing Flask+1","PiercingWail","Escape Plan","Backflip","Glass Knife+1"],"special_seed":0,"relics":["Ectoplasm","Dodecahedron","Whetstone","Pear","Tingsha"],"potions_floor_usage":[16],"damage_taken":[{"damage":7.0,"enemies":"Jaw Worm","floor":1.0,"turns":4.0},{"damage":0.0,"enemies":"2 Louse","floor":5.0,"turns":2.0},{"damage":45.0,"enemies":"Gremlin Nob","floor":6.0,"turns":5.0},{"damage":10.0,"enemies":"Lagavulin","floor":8.0,"turns":7.0},{"damage":0.0,"enemies":"Small Slimes","floor":10.0,"turns":4.0},{"damage":0.0,"enemies":"Blue Slaver","floor":11.0,"turns":4.0},{"damage":6.0,"enemies":"Red Slaver","floor":12.0,"turns":4.0},{"damage":8.0,"enemies":"Gremlin Nob","floor":14.0,"turns":3.0},{"damage":5,"enemies":"Hexaghost","floor":16,"turns":8}],"seed_played":"8600898914077683067","potions_obtained":[{"floor":5.0,"key":"Poison Potion"},{"floor":8.0,"key":"FairyPotion"},{"floor":11.0,"key":"AttackPotion"},{"floor":12.0,"key":"Block Potion"}],"is_trial":false,"path_per_floor":["M","?","?","?","M","E","R","E","T","M","M","M","R","E","R","B"],"character_chosen":"THE_SILENT","items_purchased":[],"campfire_rested":1,"item_purchase_floors":[],"current_hp_per_floor":[52,52,52,52,52,7,26,16,26,26,26,20,20,12,12,7],"gold":24,"neow_bonus":"BOSS_RELIC","is_prod":false,"is_daily":false,"chose_seed":false,"campfire_upgraded":2,"win_rate":0,"timestamp":1561293591,"path_taken":["M","?","?","?","M","E","R","E","T","?","M","M","R","E","R","BOSS"],"build_version":"2019-01-23","purchased_purges":0,"victory":false,"max_hp_per_floor":[66,66,66,66,66,66,66,66,76,76,76,76,76,76,76,76],"card_choices":[{"not_picked":["Outmaneuver","Dash","Slice"],"picked":"SKIP","floor":1.0},{"not_picked":["Catalyst","Outmaneuver"],"picked":"Poisoned Stab","floor":5.0},{"not_picked":["Blade Dance","Dodge and Roll"],"picked":"Bouncing Flask","floor":6.0},{"not_picked":["Underhanded Strike","Blade Dance"],"picked":"PiercingWail","floor":8.0},{"not_picked":["Dodge and Roll","Dagger Spray"],"picked":"Escape Plan","floor":10.0},{"not_picked":["PiercingWail","Dodge and Roll"],"picked":"Backflip","floor":11.0},{"not_picked":["Terror","Escape Plan"],"picked":"Glass Knife","floor":12.0},{"not_picked":["Crippling Poison","Bouncing Flask","Backflip"],"picked":"SKIP","floor":14.0}],"player_experience":1011164,"relics_obtained":[{"floor":6.0,"key":"Dodecahedron"},{"floor":8.0,"key":"Whetstone"},{"floor":9.0,"key":"Pear"},{"floor":14.0,"key":"Tingsha"}],"event_choices":[{"cards_removed":["Strike_G"],"damage_healed":0.0,"max_hp_gain":0.0,"max_hp_loss":0.0,"gold_gain":0.0,"event_name":"The Cleric","player_choice":"Card Removal","floor":2.0,"gold_loss":75.0,"damage_taken":0.0},{"damage_healed":0.0,"max_hp_gain":0.0,"max_hp_loss":0.0,"gold_gain":0.0,"event_name":"Liars Game","player_choice":"Ignored","floor":3.0,"gold_loss":0.0,"damage_taken":0.0},{"damage_healed":0.0,"max_hp_gain":0.0,"max_hp_loss":0.0,"gold_gain":0.0,"event_name":"Accursed Blacksmith","player_choice":"Forge","floor":4.0,"gold_loss":0.0,"damage_taken":0.0,"cards_upgraded":["Neutralize"]}],"is_beta":false,"boss_relics":[],"items_purged_floors":[],"is_endless":false,"potions_floor_spawned":[5,8,11,12],"killed_by":"Hexaghost","ascension_level":20}