{"gold_per_floor":[113,113,37,37,37,37,51,66,66,130,153,172,172,172,172,293,356,376,22,43,43,43,43,79,79,105,105],"floor_reached":27,"playtime":1032,"items_purged":[],"score":275,"play_id":"e36b7e71-ebfe-495e-bd88-b1db250bb161","local_time":"20190125153317","is_ascension_mode":true,"campfire_choices":[{"data":"Zap","floor":6.0,"key":"SMITH"},{"floor":13.0,"key":"REST"},{"floor":15.0,"key":"REST"},{"floor":23.0,"key":"REST"},{"floor":25.0,"key":"REST"}],"neow_cost":"NONE","seed_source_timestamp":207622875727294,"circlet_count":0,"master_deck":["Strike_B","Strike_B","Strike_B","Defend_B","Defend_B","Defend_B","Defend_B","Zap+1","Dualcast","Rebound","Leap+1","Cold Snap","Storm","Sweeping Beam","Creative AI","Static Discharge","Leap","Machine Learning","Auto Shields","Coolheaded","Defragment","Sweeping Beam","Consume","Shame","Melter+1"],"special_seed":0,"relics":["Cracked Core","NeowsBlessing","Golden Idol","Letter Opener","Shovel","Tiny Chest","Gremlin Horn","Tiny House","Singing Bowl","Unceasing Top","Molten Egg 2","Meat on the Bone","Bag of Marbles"],"potions_floor_usage":[],"damage_taken":[{"damage":0.0,"enemies":"2 Louse","floor":1.0,"turns":1.0},{"damage":0.0,"enemies":"Jaw Worm","floor":7.0,"turns":1.0},{"damage":0.0,"enemies":"Cultist","floor":8.0,"turns":1.0},{"damage":13.0,"enemies":"Lagavulin","floor":10.0,"turns":7.0},{"damage":6.0,"enemies":"Blue Slaver","floor":11.0,"turns":4.0},{"damage":14.0,"enemies":"Large Slime","floor":12.0,"turns":4.0},{"damage":32.0,"enemies":"Hexaghost","floor":16.0,"turns":9.0},{"damage":33.0,"enemies":"2 Thieves","floor":18.0,"turns":5.0},{"damage":11.0,"enemies":"Chosen","floor":20.0,"turns":5.0},{"damage":47.0,"enemies":"Slavers","floor":24.0,"turns":6.0},{"damage":37,"enemies":"Shelled Parasite and Fungi","floor":27,"turns":3}],"seed_played":"-7914423067359508553","potions_obtained":[{"floor":1.0,"key":"LiquidBronze"},{"floor":10.0,"key":"FearPotion"},{"floor":11.0,"key":"Strength Potion"},{"floor":17.0,"key":"AttackPotion"},{"floor":20.0,"key":"Strength Potion"}],"is_trial":false,"path_per_floor":["M","?","$","?","?","R","M","M","T","E","M","M","R","T","R","B",null,"M","$","M","?","T","R","E","R","T","M"],"character_chosen":"DEFECT","items_purchased":["Leap","Cold Snap","Defragment","Singing Bowl","Sweeping Beam"],"campfire_rested":4,"item_purchase_floors":[3,3,19,19,19],"current_hp_per_floor":[75,68,68,50,43,43,43,43,43,30,24,10,32,32,54,22,80,47,47,36,36,36,60,13,37,37,0],"gold":105,"neow_bonus":"THREE_ENEMY_KILL","is_prod":false,"is_daily":false,"chose_seed":false,"campfire_upgraded":1,"win_rate":0,"timestamp":1548390797,"path_taken":["M","?","$","?","?","R","?","M","T","E","?","M","R","?","R","BOSS","M","$","M","?","?","R","E","R","T","M"],"build_version":"2019-01-23","purchased_purges":0,"victory":false,"max_hp_per_floor":[75,75,75,75,75,75,75,75,75,75,75,75,75,75,75,75,80,80,80,80,80,80,80,80,80,80,80],"card_choices":[{"not_picked":["Ball Lightning","Rip and Tear"],"picked":"Rebound","floor":1.0},{"not_picked":["Barrage","Rip and Tear"],"picked":"Storm","floor":7.0},{"not_picked":["Cold Snap","Darkness"],"picked":"Sweeping Beam","floor":8.0},{"not_picked":["Skim","Redo"],"picked":"Creative AI","floor":10.0},{"not_picked":["Fusion","Compile Driver"],"picked":"Static Discharge","floor":11.0},{"not_picked":["Ball Lightning","Rebound"],"picked":"Leap","floor":12.0},{"not_picked":["Seek","Thunder Strike"],"picked":"Machine Learning","floor":16.0},{"not_picked":["Leap","Doom and Gloom"],"picked":"Auto Shields","floor":17.0},{"not_picked":["Rebound","Steam"],"picked":"Coolheaded","floor":18.0},{"not_picked":["Streamline+1","Auto Shields"],"picked":"Consume","floor":20.0},{"not_picked":["Storm","Sweeping Beam+1"],"picked":"Melter+1","floor":24.0}],"player_experience":555284,"relics_obtained":[{"floor":9.0,"key":"Shovel"},{"floor":10.0,"key":"Tiny Chest"},{"floor":14.0,"key":"Gremlin Horn"},{"floor":22.0,"key":"Molten Egg 2"},{"floor":24.0,"key":"Meat on the Bone"},{"floor":26.0,"key":"Bag of Marbles"}],"event_choices":[{"cards_removed":["Strike_B"],"damage_healed":0.0,"max_hp_gain":0.0,"max_hp_loss":0.0,"gold_gain":0.0,"event_name":"Golden Wing","player_choice":"Card Removal","floor":2.0,"gold_loss":0.0,"damage_taken":7.0},{"damage_healed":0.0,"max_hp_gain":0.0,"max_hp_loss":0.0,"gold_gain":0.0,"event_name":"Golden Idol","player_choice":"Take Damage","floor":4.0,"gold_loss":0.0,"damage_taken":18.0,"relics_obtained":["Golden Idol"]},{"damage_healed":0.0,"max_hp_gain":0.0,"max_hp_loss":0.0,"gold_gain":0.0,"event_name":"Scrap Ooze","player_choice":"Success","floor":5.0,"gold_loss":0.0,"damage_taken":7.0,"relics_obtained":["Letter Opener"]},{"damage_healed":0.0,"max_hp_gain":0.0,"max_hp_loss":0.0,"gold_gain":0.0,"event_name":"Addict","player_choice":"Stole Relic","floor":21.0,"gold_loss":0.0,"damage_taken":0.0,"relics_obtained":["Unceasing Top"],"cards_obtained":["Shame"]}],"is_beta":false,"boss_relics":[{"not_picked":["Fusion Hammer","Empty Cage"],"picked":"Tiny House"}],"items_purged_floors":[],"is_endless":false,"potions_floor_spawned":[1,10,11,20],"killed_by":"Shelled Parasite and Fungi","ascension_level":4}