{"gold_per_floor":[13,27,42,42,42,42,71,71,71,88,88,101,101,114,114,114],"floor_reached":16,"playtime":860,"items_purged":[],"score":194,"play_id":"30b1c19f-099b-41cb-b0db-c345616f4f15","local_time":"20190313183728","is_ascension_mode":true,"campfire_choices":[{"floor":6,"key":"DIG"},{"floor":8,"key":"REST"},{"floor":11,"key":"DIG"},{"floor":13,"key":"DIG"},{"floor":15,"key":"REST"}],"neow_cost":"NO_GOLD","seed_source_timestamp":319927775003015,"circlet_count":0,"master_deck":["AscendersBane","Strike_R","Strike_R","Strike_R","Strike_R","Defend_R","Defend_R","Defend_R","Defend_R","Bash","Shockwave","Cleave","Flame Barrier","True Grit","Heavy Blade","Feel No Pain","Uppercut","Whirlwind"],"relics":["Burning Blood","Shovel","Kunai","Happy Flower","Red Skull","Charon\u0027s Ashes","Sundial"],"potions_floor_usage":[3,7,14],"damage_taken":[{"damage":7,"enemies":"Small Slimes","floor":1,"turns":4},{"damage":11,"enemies":"Cultist","floor":2,"turns":4},{"damage":12,"enemies":"Jaw Worm","floor":3,"turns":4},{"damage":42,"enemies":"Lagavulin","floor":7,"turns":8},{"damage":11,"enemies":"Red Slaver","floor":10,"turns":3},{"damage":0,"enemies":"3 Louse","floor":12,"turns":3},{"damage":1,"enemies":"Exordium Wildlife","floor":14,"turns":4},{"damage":75,"enemies":"Slime Boss","floor":16,"turns":7}],"seed_played":"8575572848722075988","potions_obtained":[{"floor":1,"key":"SkillPotion"},{"floor":2,"key":"EssenceOfSteel"},{"floor":12,"key":"Block Potion"}],"is_trial":false,"path_per_floor":["M","M","M","?","?","R","E","R","T","M","R","M","R","M","R","B"],"character_chosen":"IRONCLAD","items_purchased":[],"campfire_rested":2,"item_purchase_floors":[],"current_hp_per_floor":[67,62,56,56,56,56,20,42,42,37,37,43,43,48,70,0],"gold":114,"neow_bonus":"ONE_RARE_RELIC","is_prod":false,"is_daily":false,"chose_seed":false,"campfire_upgraded":0,"win_rate":0,"timestamp":1552462648,"path_taken":["M","M","M","?","?","R","E","R","T","M","R","M","R","M","R","BOSS"],"build_version":"2019-01-23","purchased_purges":0,"victory":false,"max_hp_per_floor":[75,75,75,75,75,75,75,75,75,75,75,75,75,75,75,75],"card_choices":[{"not_picked":["Sever Soul","Intimidate"],"picked":"Shockwave","floor":1},{"not_picked":["Heavy Blade","Pommel Strike"],"picked":"Cleave","floor":2},{"not_picked":["Havoc","Sword Boomerang"],"picked":"Flame Barrier","floor":3},{"not_picked":["Havoc","Fire Breathing"],"picked":"Heavy Blade","floor":7},{"not_picked":["Reckless Charge","Anger"],"picked":"Feel No Pain","floor":10},{"not_picked":["Pommel Strike","Perfected Strike"],"picked":"Uppercut","floor":12},{"not_picked":["True Grit","Pummel"],"picked":"Whirlwind","floor":14}],"player_experience":843912,"relics_obtained":[{"floor":6,"key":"Kunai"},{"floor":7,"key":"Happy Flower"},{"floor":9,"key":"Red Skull"},{"floor":11,"key":"Charon\u0027s Ashes"},{"floor":13,"key":"Sundial"}],"event_choices":[{"damage_healed":0,"gold_gain":0,"cards_transformed":["Strike_R"],"player_choice":"Change","damage_taken":0,"max_hp_gain":0,"max_hp_loss":0,"event_name":"Living Wall","floor":4,"gold_loss":0,"cards_obtained":["True Grit"]},{"damage_healed":0,"gold_gain":0,"player_choice":"Ignored","damage_taken":0,"max_hp_gain":0,"max_hp_loss":0,"event_name":"Shining Light","floor":5,"gold_loss":0}],"is_beta":false,"boss_relics":[],"items_purged_floors":[],"is_endless":false,"potions_floor_spawned":[1,2,12],"killed_by":"Slime Boss","ascension_level":18}