{"gold_per_floor":[119,137,137,137,137,162,162,162,187,202,182,182,182,157,157,253,253,278,122,136,136,156,156,156],"floor_reached":24,"playtime":758,"items_purged":[],"score":412,"play_id":"3ad62971-2e79-4dbd-8f45-544a0ba3eee5","local_time":"20190310220534","is_ascension_mode":true,"campfire_choices":[{"data":"Anger","floor":8.0,"key":"SMITH"},{"data":"Feel No Pain","floor":13.0,"key":"SMITH"},{"floor":15.0,"key":"REST"},{"floor":23,"key":"REST"}],"neow_cost":"NONE","seed_source_timestamp":187402973489980,"circlet_count":0,"master_deck":["AscendersBane","Strike_R","Strike_R","Strike_R","Strike_R","Defend_R","Defend_R","Defend_R","Defend_R","Bash","Corruption+1","Anger+1","Corruption","Evolve","Feel No Pain+1","Heavy Blade","Barricade","Inflame","Impervious","True Grit","Headbutt"],"special_seed":0,"relics":["Black Blood","NeowsBlessing","Meat on the Bone","Bloody Idol","Blood Vial"],"potions_floor_usage":[22],"damage_taken":[{"damage":0.0,"enemies":"Jaw Worm","floor":1.0,"turns":1.0},{"damage":0.0,"enemies":"Cultist","floor":2.0,"turns":1.0},{"damage":0.0,"enemies":"Lagavulin","floor":6.0,"turns":1.0},{"damage":2.0,"enemies":"2 Louse","floor":10.0,"turns":2.0},{"damage":46.0,"enemies":"Slime Boss","floor":16.0,"turns":13.0},{"damage":49.0,"enemies":"Spheric Guardian","floor":18.0,"turns":7.0},{"damage":15.0,"enemies":"Shell Parasite","floor":20.0,"turns":7.0},{"damage":59,"enemies":"Cultist and Chosen","floor":22,"turns":8},{"damage":55,"enemies":"Shelled Parasite and Fungi","floor":24,"turns":7}],"seed_played":"8550162257398489460","potions_obtained":[{"floor":1.0,"key":"PowerPotion"},{"floor":10.0,"key":"GamblersBrew"},{"floor":11.0,"key":"BloodPotion"},{"floor":16.0,"key":"Weak Potion"},{"floor":20.0,"key":"SteroidPotion"}],"is_trial":false,"path_per_floor":["M","M","?","$","?","E","?","R","T","M","?","$","R","$","R","B",null,"M","$","M","?","M","R","M"],"character_chosen":"IRONCLAD","items_purchased":["Heavy Blade","Impervious"],"campfire_rested":2,"item_purchase_floors":[14,19],"current_hp_per_floor":[74,75,75,75,75,75,49,49,49,55,55,55,55,55,75,47,68,50,50,59,59,29,51,0],"gold":156,"neow_bonus":"THREE_ENEMY_KILL","is_prod":false,"is_daily":false,"chose_seed":false,"campfire_upgraded":2,"win_rate":0,"timestamp":1552215934,"path_taken":["M","M","?","?","?","E","?","R","T","?","?","?","R","$","R","BOSS","M","$","M","?","M","R","M"],"build_version":"2019-01-23","purchased_purges":0,"victory":false,"max_hp_per_floor":[75,75,75,75,75,75,75,75,75,75,75,75,75,75,75,75,75,75,75,75,75,75,75,75],"card_choices":[{"not_picked":["Twin Strike","Flex"],"picked":"Corruption","floor":1.0},{"not_picked":["Heavy Blade","Twin Strike"],"picked":"Anger","floor":2.0},{"not_picked":["Sword Boomerang","Ghostly Armor"],"picked":"Evolve","floor":6.0},{"not_picked":["Rupture","Reckless Charge"],"picked":"Feel No Pain","floor":10.0},{"not_picked":["Offering","Dark Embrace"],"picked":"Barricade","floor":16.0},{"not_picked":["Heavy Blade","Havoc"],"picked":"Inflame","floor":18.0},{"not_picked":["Warcry","Havoc"],"picked":"True Grit","floor":20.0},{"not_picked":["Perfected Strike","Evolve"],"picked":"Headbutt","floor":22}],"player_experience":829556,"relics_obtained":[{"floor":6.0,"key":"Meat on the Bone"},{"floor":9.0,"key":"Blood Vial"}],"event_choices":[{"damage_healed":0.0,"max_hp_gain":0.0,"max_hp_loss":0.0,"gold_gain":0.0,"event_name":"Upgrade Shrine","player_choice":"Upgraded","floor":3.0,"gold_loss":0.0,"damage_taken":0.0,"cards_upgraded":["Corruption"]},{"damage_healed":0.0,"max_hp_gain":0.0,"max_hp_loss":0.0,"gold_gain":0.0,"cards_transformed":["Strike_R"],"event_name":"Living Wall","player_choice":"Change","floor":5.0,"gold_loss":0.0,"damage_taken":0.0,"cards_obtained":["Corruption"]},{"damage_healed":0.0,"max_hp_gain":0.0,"max_hp_loss":0.0,"gold_gain":0.0,"event_name":"Golden Idol","player_choice":"Take Damage","floor":7.0,"gold_loss":0.0,"damage_taken":26.0,"relics_obtained":["Golden Idol"]},{"damage_healed":0.0,"max_hp_gain":0.0,"max_hp_loss":0.0,"gold_gain":0.0,"event_name":"The Woman in Blue","player_choice":"Bought 1 Potion","floor":11.0,"gold_loss":0.0,"damage_taken":0.0},{"damage_healed":0.0,"max_hp_gain":0.0,"max_hp_loss":0.0,"gold_gain":0.0,"event_name":"Forgotten Altar","player_choice":"Gave Idol","floor":21.0,"relics_lost":["Golden Idol"],"gold_loss":0.0,"damage_taken":0.0,"relics_obtained":["Bloody Idol"]}],"is_beta":false,"boss_relics":[{"not_picked":["Cursed Key","Snecko Eye"],"picked":"Black Blood"}],"items_purged_floors":[],"is_endless":false,"potions_floor_spawned":[1,10,16,20],"killed_by":"Shelled Parasite and Fungi","ascension_level":18}