{"gold_per_floor":[367,8,23,37,51,51,84,84,111,111,111,111,59,59,59,133,133,149,74,85,85,85],"floor_reached":22,"playtime":1236,"items_purged":[],"score":300,"play_id":"56b4c0d6-1429-469d-850d-7c0ea9bcdd80","local_time":"20190623012619","is_ascension_mode":true,"campfire_choices":[{"data":"Apotheosis","floor":6,"key":"SMITH"},{"data":"Havoc","floor":8,"key":"SMITH"},{"floor":12,"key":"RECALL"},{"floor":15,"key":"REST"}],"neow_cost":"PERCENT_DAMAGE","seed_source_timestamp":146885942976048,"circlet_count":0,"master_deck":["AscendersBane","Strike_R","Strike_R","Strike_R","Defend_R","Defend_R","Defend_R","Defend_R","Bash","Cleave","Apotheosis+1","Havoc+1","Cleave","Wild Strike","Sword Boomerang","Inflame","Shrug It Off","Dark Embrace","Pummel+1","Headbutt+1"],"relics":["Burning Blood","Art of War","Juzu Bracelet","Omamori","Black Star"],"potions_floor_usage":[7],"damage_taken":[{"damage":14,"enemies":"Small Slimes","floor":1,"turns":5},{"damage":1,"enemies":"Cultist","floor":3,"turns":4},{"damage":12,"enemies":"2 Louse","floor":4,"turns":3},{"damage":0,"enemies":"2 Fungi Beasts","floor":5,"turns":2},{"damage":36,"enemies":"Lagavulin","floor":7,"turns":8},{"damage":21,"enemies":"The Guardian","floor":16,"turns":11},{"damage":13,"enemies":"Shell Parasite","floor":18,"turns":4},{"damage":34,"enemies":"3 Byrds","floor":20,"turns":6},{"damage":30,"enemies":"Snake Plant","floor":22,"turns":2}],"seed_played":"-7440414704475523077","potions_obtained":[{"floor":1,"key":"PowerPotion"},{"floor":16,"key":"Ancient Potion"},{"floor":18,"key":"SteroidPotion"}],"is_trial":false,"path_per_floor":["M","$","M","M","M","R","E","R","T","?","?","R","$","?","R","B",null,"M","?","M","?","M"],"character_chosen":"IRONCLAD","items_purchased":["Apotheosis","Havoc","Art of War","Shrug It Off"],"campfire_rested":1,"item_purchase_floors":[2,2,2,13],"current_hp_per_floor":[43,43,48,42,48,48,18,18,18,18,10,10,10,10,34,19,65,58,58,30,30,0],"gold":85,"neow_bonus":"TWO_FIFTY_GOLD","is_prod":false,"is_daily":false,"chose_seed":false,"campfire_upgraded":2,"win_rate":0,"timestamp":1561267579,"path_taken":["M","$","M","M","M","R","E","R","T","?","?","R","?","?","R","BOSS","M","?","M","?","M"],"build_version":"2019-01-23","purchased_purges":0,"victory":false,"max_hp_per_floor":[80,80,80,80,80,80,80,80,80,80,80,80,80,80,80,80,80,80,80,80,80,80],"card_choices":[{"not_picked":["Rupture","Clothesline"],"picked":"Cleave","floor":1},{"not_picked":["True Grit","Second Wind"],"picked":"Cleave","floor":3},{"not_picked":["Shockwave","Heavy Blade"],"picked":"Wild Strike","floor":4},{"not_picked":["Armaments","Anger"],"picked":"Sword Boomerang","floor":5},{"not_picked":["Heavy Blade","Rage"],"picked":"Inflame","floor":7},{"not_picked":["Double Tap","Brutality"],"picked":"Dark Embrace","floor":16},{"not_picked":["Havoc","Warcry"],"picked":"Pummel+1","floor":18},{"not_picked":["Body Slam","Intimidate"],"picked":"Headbutt+1","floor":20}],"player_experience":338733,"relics_obtained":[{"floor":7,"key":"Juzu Bracelet"},{"floor":9,"key":"Omamori"}],"event_choices":[{"cards_removed":["Strike_R"],"damage_healed":0,"gold_gain":0,"player_choice":"Purged","damage_taken":0,"max_hp_gain":0,"max_hp_loss":0,"event_name":"Purifier","floor":10,"gold_loss":0},{"damage_healed":0,"gold_gain":0,"player_choice":"Damaged","damage_taken":8,"max_hp_gain":0,"max_hp_loss":0,"event_name":"Wheel of Change","floor":11,"gold_loss":0},{"damage_healed":0,"gold_gain":0,"player_choice":"Ignored","damage_taken":0,"max_hp_gain":0,"max_hp_loss":0,"event_name":"Liars Game","floor":14,"gold_loss":0},{"cards_removed":["Strike_R"],"damage_healed":0,"gold_gain":0,"player_choice":"Gave Gold","damage_taken":0,"max_hp_gain":0,"max_hp_loss":0,"event_name":"Beggar","floor":19,"gold_loss":75},{"damage_healed":0,"gold_gain":0,"player_choice":"Ignored","damage_taken":0,"max_hp_gain":0,"max_hp_loss":0,"event_name":"Vampires","floor":21,"gold_loss":0}],"is_beta":false,"boss_relics":[{"not_picked":["Pandora\u0027s Box","Orrery"],"picked":"Black Star"}],"items_purged_floors":[],"is_endless":false,"potions_floor_spawned":[1,16,18],"killed_by":"Snake Plant","ascension_level":13}