{"gold_per_floor":[112,187,187,202,216,231,292,312,312,13,24,24,24,39,39,143,143,143,143,143,143,143,143,143,43,43,21,21,21,21,21,21,21,21,21,21,21,21,21,21,21,21,21,21,21,21,21,21,21,21,21,21,21,21,21],"floor_reached":55,"playtime":5418,"items_purged":["Strike_R","Regret"],"score":754,"play_id":"dc762f43-1d6d-41c5-bd2a-c49aee22299c","local_time":"20190803005203","is_ascension_mode":true,"campfire_choices":[{"floor":15,"key":"RECALL"},{"data":"Metallicize","floor":23,"key":"SMITH"},{"data":"Pummel","floor":30,"key":"SMITH"},{"floor":32,"key":"REST"},{"floor":42,"key":"REST"},{"data":"Reaper","floor":46,"key":"SMITH"},{"floor":49,"key":"REST"},{"data":"Limit Break","floor":52,"key":"SMITH"}],"neow_cost":"NONE","seed_source_timestamp":617749327580802,"circlet_count":0,"master_deck":["Strike_R+1","Strike_R+1","Strike_R+1","Strike_R+1","Defend_R+1","Defend_R+1","Defend_R+1","Bash","Thunderclap","Flex","Battle Trance","Headbutt","Shrug It Off","Limit Break+1","Shockwave","Metallicize+1","Spot Weakness","Pommel Strike","Headbutt+1","Battle Trance+1","Flex","Flex+1","Pummel+1","Cleave","Reaper+1","Headbutt+1","Iron Wave+1","Iron Wave+1","Infernal Blade+1","Carnage+1","Finesse","Bash"],"relics":["Burning Blood","Tiny Chest","Potion Belt","Gremlin Horn","Ectoplasm","MutagenicStrength","Darkstone Periapt","Orichalcum","Vajra","Mark of Pain","Omamori","Pear","Pen Nib","Letter Opener","Bottled Lightning","Paper Frog"],"potions_floor_usage":[7,11,16,28,28,29,31,33,40,50,50],"damage_taken":[{"damage":6,"enemies":"Jaw Worm","floor":1,"turns":5},{"damage":3,"enemies":"2 Louse","floor":4,"turns":3},{"damage":1,"enemies":"Cultist","floor":5,"turns":3},{"damage":1,"enemies":"Exordium Thugs","floor":6,"turns":4},{"damage":26,"enemies":"Gremlin Nob","floor":7,"turns":4},{"damage":13,"enemies":"Red Slaver","floor":8,"turns":4},{"damage":10,"enemies":"Large Slime","floor":11,"turns":5},{"damage":0,"enemies":"Exordium Wildlife","floor":14,"turns":3},{"damage":33,"enemies":"The Guardian","floor":16,"turns":10},{"damage":14,"enemies":"Chosen","floor":18,"turns":6},{"damage":15,"enemies":"Shell Parasite","floor":19,"turns":4},{"damage":26,"enemies":"Snake Plant","floor":22,"turns":3},{"damage":13,"enemies":"Book of Stabbing","floor":28,"turns":4},{"damage":8,"enemies":"Snecko","floor":29,"turns":4},{"damage":7,"enemies":"Centurion and Healer","floor":31,"turns":3},{"damage":42,"enemies":"Automaton","floor":33,"turns":6},{"damage":0,"enemies":"Orb Walker","floor":35,"turns":1},{"damage":6,"enemies":"3 Shapes","floor":36,"turns":2},{"damage":30,"enemies":"Writhing Mass","floor":39,"turns":4},{"damage":96,"enemies":"Reptomancer","floor":40,"turns":5},{"damage":0,"enemies":"Sphere and 2 Shapes","floor":41,"turns":1},{"damage":21,"enemies":"Maw","floor":45,"turns":6},{"damage":94,"enemies":"Awakened One","floor":50,"turns":8},{"damage":17,"enemies":"Shield and Spear","floor":54,"turns":4},{"damage":110,"enemies":"The Heart","floor":55,"turns":5}],"seed_played":"-2502632285350183654","potions_obtained":[{"floor":1,"key":"FairyPotion"},{"floor":4,"key":"AttackPotion"},{"floor":5,"key":"SkillPotion"},{"floor":7,"key":"SkillPotion"},{"floor":16,"key":"Regen Potion"},{"floor":18,"key":"Dexterity Potion"},{"floor":22,"key":"Fire Potion"},{"floor":28,"key":"Weak Potion"},{"floor":31,"key":"Weak Potion"},{"floor":36,"key":"FearPotion"},{"floor":40,"key":"LiquidBronze"},{"floor":45,"key":"Fire Potion"}],"is_trial":false,"path_per_floor":["M","?","?","M","M","M","E","M","T","$","M","?","?","M","R","B",null,"M","M","?","?","M","R","T","$","T","$","E","M","R","M","R","B",null,"M","M","T","T","M","E","M","R","T","T","M","R","$","?","R","B",null,"R","$","E","B"],"character_chosen":"IRONCLAD","items_purchased":["Limit Break","Shockwave","Flex"],"campfire_rested":3,"item_purchase_floors":[10,10,27],"current_hp_per_floor":[88,77,77,80,85,88,68,61,61,61,57,54,54,60,60,33,88,80,71,71,71,51,51,51,51,51,51,56,54,54,53,79,43,88,88,88,88,98,87,15,21,50,50,50,45,45,45,45,74,7,98,98,98,87,0],"gold":21,"neow_bonus":"TEN_PERCENT_HP_BONUS","is_prod":false,"is_daily":false,"chose_seed":false,"campfire_upgraded":4,"win_rate":0,"timestamp":1564786323,"path_taken":["M","?","?","M","M","?","E","M","T","$","M","?","?","M","R","BOSS","M","M","?","?","M","R","?","$","T","$","E","M","R","M","R","BOSS","M","M","?","?","?","E","M","R","T","?","?","R","$","?","R","BOSS","R","$","E","BOSS"],"build_version":"2019-07-17","purchased_purges":2,"victory":false,"max_hp_per_floor":[88,88,88,88,88,88,88,88,88,88,88,88,88,88,88,88,88,88,88,88,88,88,88,88,88,88,88,88,88,88,88,88,88,88,88,88,88,98,98,98,98,98,98,98,98,98,98,98,98,98,98,98,98,98,98],"card_choices":[{"not_picked":["Dropkick","True Grit"],"picked":"Thunderclap","floor":1},{"not_picked":["Reckless Charge","Intimidate"],"picked":"Flex","floor":4},{"not_picked":["Rage","Perfected Strike"],"picked":"Battle Trance","floor":5},{"not_picked":["Seeing Red","Sentinel","Feel No Pain"],"picked":"SKIP","floor":6},{"not_picked":["Evolve","Fire Breathing"],"picked":"Headbutt","floor":7},{"not_picked":["Reckless Charge","Dual Wield"],"picked":"Shrug It Off","floor":8},{"not_picked":["Bloodletting","Pummel"],"picked":"Metallicize","floor":11},{"not_picked":["Bloodletting","Barricade"],"picked":"Spot Weakness","floor":14},{"not_picked":["Anger+1","True Grit+1"],"picked":"Pommel Strike","floor":18},{"not_picked":["Sentinel+1","Heavy Blade"],"picked":"Headbutt+1","floor":19},{"not_picked":["Rupture","Twin Strike"],"picked":"Battle Trance+1","floor":22},{"not_picked":["Headbutt","Havoc"],"picked":"Flex+1","floor":28},{"not_picked":["Burning Pact","Sentinel+1"],"picked":"Pummel","floor":29},{"not_picked":["Twin Strike","Pommel Strike"],"picked":"Cleave","floor":31},{"not_picked":["Berserk","Fiend Fire"],"picked":"Reaper","floor":33},{"not_picked":["True Grit","Headbutt","Havoc"],"picked":"SKIP","floor":35},{"not_picked":["Corruption+1","Intimidate"],"picked":"Headbutt+1","floor":36},{"not_picked":["Corruption+1","Shrug It Off"],"picked":"Iron Wave+1","floor":39},{"not_picked":["Perfected Strike","Shrug It Off"],"picked":"Iron Wave+1","floor":40},{"not_picked":["Pommel Strike","Limit Break"],"picked":"Infernal Blade+1","floor":41},{"not_picked":["Reckless Charge","Combust"],"picked":"Carnage+1","floor":45},{"not_picked":["Havoc","Clothesline+1","Headbutt"],"picked":"SKIP","floor":54}],"player_experience":127168,"relics_obtained":[{"floor":7,"key":"Tiny Chest"},{"floor":24,"key":"Darkstone Periapt"},{"floor":26,"key":"Orichalcum"},{"floor":28,"key":"Vajra"},{"floor":37,"key":"Omamori"},{"floor":38,"key":"Pear"},{"floor":40,"key":"Pen Nib"},{"floor":43,"key":"Letter Opener"},{"floor":44,"key":"Bottled Lightning"},{"floor":54,"key":"Paper Frog"}],"event_choices":[{"damage_healed":0,"gold_gain":75,"player_choice":"Gather Gold","damage_taken":11,"max_hp_gain":0,"max_hp_loss":0,"event_name":"World of Goop","floor":2,"gold_loss":0},{"cards_removed":["Defend_R"],"damage_healed":0,"gold_gain":0,"player_choice":"Forget","damage_taken":0,"max_hp_gain":0,"max_hp_loss":0,"event_name":"Living Wall","floor":3,"gold_loss":0},{"damage_healed":0,"gold_gain":0,"player_choice":"Success","damage_taken":3,"relics_obtained":["Potion Belt"],"max_hp_gain":0,"max_hp_loss":0,"event_name":"Scrap Ooze","floor":12,"gold_loss":0},{"damage_healed":0,"gold_gain":0,"player_choice":"Box","damage_taken":0,"relics_obtained":["Gremlin Horn"],"max_hp_gain":0,"max_hp_loss":0,"event_name":"Big Fish","floor":13,"gold_loss":0,"cards_obtained":["Regret"]},{"damage_healed":0,"gold_gain":0,"player_choice":"Inject Mutagens","damage_taken":0,"relics_obtained":["MutagenicStrength"],"max_hp_gain":0,"max_hp_loss":0,"event_name":"Drug Dealer","floor":20,"gold_loss":0},{"damage_healed":0,"gold_gain":0,"player_choice":"Simplicity","damage_taken":0,"max_hp_gain":0,"max_hp_loss":0,"event_name":"Back to Basics","floor":21,"gold_loss":0,"cards_upgraded":["Strike_R","Strike_R","Strike_R","Strike_R","Defend_R","Defend_R","Defend_R"]},{"damage_healed":0,"gold_gain":0,"player_choice":"2 cards matched","damage_taken":0,"max_hp_gain":0,"max_hp_loss":0,"event_name":"Match and Keep!","floor":48,"gold_loss":0,"cards_obtained":["Finesse","Bash"]}],"is_beta":false,"boss_relics":[{"not_picked":["Fusion Hammer","Empty Cage"],"picked":"Ectoplasm"},{"not_picked":["Astrolabe","Tiny House"],"picked":"Mark of Pain"}],"items_purged_floors":[10,25],"is_endless":false,"potions_floor_spawned":[1,4,5,7,16,18,22,28,31,36,40,45],"killed_by":"The Heart","ascension_level":1}