{"gold_per_floor":[112,387,156,156,9,40,17,32,32,32,50,70,88,88,88,191,191,208,123,141,160,160,160,172,91,91,91,91,105,134,146,146,251,251,262,279,290,290,309,309,322,79,154,174,154,174,174,193,193,193],"floor_reached":50,"playtime":4062,"items_purged":["Regret"],"score":618,"play_id":"59ed2a2a-c2a6-46fe-ac34-8f3f87db3245","local_time":"20181218004629","is_ascension_mode":false,"campfire_choices":[{"floor":10,"key":"REST"},{"floor":15,"key":"RECALL"},{"floor":23,"key":"REST"},{"floor":28,"key":"REST"},{"floor":32,"key":"REST"},{"floor":40,"key":"REST"},{"floor":49,"key":"REST"}],"neow_cost":"NONE","seed_source_timestamp":1891277537724958,"circlet_count":0,"master_deck":["Strike_R","Strike_R","Strike_R","Strike_R","Defend_R","Defend_R","Defend_R","Defend_R","Bash","Fiend Fire+1","Feel No Pain","Bludgeon","Uppercut","Inflame","Anger","Cleave","Sentinel","Impervious","Heavy Blade","Reaper","Dual Wield","Burning Pact","Pommel Strike","Rage","Juggernaut","Armaments","Body Slam","Shockwave","Dark Embrace","Shrug It Off","Battle Trance+1","Iron Wave+1","Parasite","Power Through+1","Apotheosis","Warcry","Headbutt+1","Disarm+1","Shrug It Off"],"relics":["Burning Blood","Pen Nib","Bird Faced Urn","Pear","Bronze Scales","Black Star","Happy Flower","Nunchaku","Pantograph","Sozu","Gremlin Horn"],"potions_floor_usage":[6,12,20,21,31,31,33,33],"damage_taken":[{"damage":8,"enemies":"Small Slimes","floor":1,"turns":4},{"damage":56,"enemies":"Lagavulin","floor":6,"turns":9},{"damage":0,"enemies":"Cultist","floor":8,"turns":2},{"damage":6,"enemies":"Jaw Worm","floor":11,"turns":4},{"damage":0,"enemies":"Blue Slaver","floor":12,"turns":1},{"damage":9,"enemies":"2 Fungi Beasts","floor":13,"turns":3},{"damage":0,"enemies":"Slime Boss","floor":16,"turns":5},{"damage":5,"enemies":"Chosen","floor":18,"turns":4},{"damage":35,"enemies":"2 Thieves","floor":20,"turns":3},{"damage":18,"enemies":"Cultist and Chosen","floor":21,"turns":7},{"damage":25,"enemies":"Centurion and Healer","floor":24,"turns":7},{"damage":21,"enemies":"Snake Plant","floor":29,"turns":4},{"damage":50,"enemies":"Book of Stabbing","floor":30,"turns":6},{"damage":40,"enemies":"Shelled Parasite and Fungi","floor":31,"turns":4},{"damage":104,"enemies":"Automaton","floor":33,"turns":12},{"damage":8,"enemies":"3 Darklings","floor":35,"turns":5},{"damage":16,"enemies":"Orb Walker","floor":36,"turns":4},{"damage":55,"enemies":"Maw","floor":37,"turns":8},{"damage":26,"enemies":"Jaw Worm Horde","floor":39,"turns":5},{"damage":44,"enemies":"Writhing Mass","floor":41,"turns":7},{"damage":48,"enemies":"Transient","floor":44,"turns":5},{"damage":10,"enemies":"Jaw Worm Horde","floor":46,"turns":3},{"damage":13,"enemies":"Spire Growth","floor":48,"turns":4},{"damage":116,"enemies":"Awakened One","floor":50,"turns":12}],"seed_played":"-5072804638223185768","potions_obtained":[{"floor":1,"key":"Block Potion"},{"floor":8,"key":"LiquidBronze"},{"floor":11,"key":"AttackPotion"},{"floor":16,"key":"Dexterity Potion"},{"floor":18,"key":"Explosive Potion"},{"floor":29,"key":"GamblersBrew"},{"floor":30,"key":"BloodPotion"},{"floor":31,"key":"Poison Potion"}],"is_trial":false,"path_per_floor":["M","?","$","?","$","E","$","M","T","R","M","M","M","?","R","B",null,"M","?","M","M","?","R","M","$","T","?","R","M","E","M","R","B",null,"M","M","M","?","M","R","M","$","T","M","?","M","?","M","R","B"],"character_chosen":"IRONCLAD","items_purchased":["Pen Nib","Bludgeon","Uppercut","Anger","Juggernaut","Apotheosis","Warcry"],"campfire_rested":6,"item_purchase_floors":[3,5,5,7,25,42,42],"current_hp_per_floor":[78,78,78,71,71,21,21,29,39,66,70,80,77,70,70,80,90,90,90,61,61,43,71,65,65,65,65,93,82,48,29,57,28,95,95,95,62,62,66,94,61,61,61,23,23,21,21,16,44,0],"gold":193,"neow_bonus":"ONE_RANDOM_RARE_CARD","is_prod":false,"is_daily":false,"chose_seed":false,"campfire_upgraded":0,"win_rate":0,"timestamp":1545054389,"path_taken":["M","?","?","?","$","E","?","?","T","R","M","M","M","?","R","BOSS","M","?","M","M","?","R","M","?","T","?","R","M","E","?","R","BOSS","M","?","?","?","M","R","M","$","T","M","?","?","?","M","R","BOSS"],"build_version":"2018-12-13","purchased_purges":1,"victory":false,"max_hp_per_floor":[80,80,80,80,80,80,80,80,90,90,90,90,90,90,90,90,90,90,90,90,90,95,95,95,95,95,95,95,95,95,95,95,95,95,95,95,95,95,95,95,95,95,95,95,95,95,95,95,95,95],"card_choices":[{"not_picked":["Rupture","Body Slam"],"picked":"Feel No Pain","floor":1},{"not_picked":["Anger","Bludgeon"],"picked":"Inflame","floor":6},{"not_picked":["Sword Boomerang","Havoc"],"picked":"Cleave","floor":8},{"not_picked":["Havoc","Body Slam"],"picked":"Sentinel","floor":11},{"not_picked":["Flame Barrier","Warcry"],"picked":"Impervious","floor":12},{"not_picked":["Whirlwind","Twin Strike"],"picked":"Heavy Blade","floor":13},{"not_picked":["Exhume","Fiend Fire"],"picked":"Reaper","floor":16},{"not_picked":["Perfected Strike","Searing Blow+1"],"picked":"Dual Wield","floor":18},{"not_picked":["Sword Boomerang+1","Ghostly Armor+1"],"picked":"Burning Pact","floor":20},{"not_picked":["Dropkick","Wild Strike"],"picked":"Pommel Strike","floor":21},{"not_picked":["Twin Strike","Flame Barrier"],"picked":"Rage","floor":24},{"not_picked":["Twin Strike","Searing Blow"],"picked":"Armaments","floor":29},{"not_picked":["Feed","Armaments"],"picked":"Body Slam","floor":30},{"not_picked":["Flex","Second Wind"],"picked":"Shockwave","floor":31},{"not_picked":["Reaper","Berserk"],"picked":"Dark Embrace","floor":33},{"not_picked":["Dual Wield","Searing Blow"],"picked":"Thunderclap+1","floor":35},{"not_picked":["Reckless Charge","True Grit"],"picked":"Shrug It Off","floor":36},{"not_picked":["Whirlwind","Twin Strike+1"],"picked":"Battle Trance+1","floor":37},{"not_picked":["Shrug It Off","Clothesline"],"picked":"Iron Wave+1","floor":39},{"not_picked":["Evolve+1","Metallicize+1"],"picked":"Power Through+1","floor":41},{"not_picked":["Intimidate","Uppercut"],"picked":"Headbutt+1","floor":44},{"not_picked":["Iron Wave+1","Metallicize+1"],"picked":"Disarm+1","floor":46},{"not_picked":["Pommel Strike","Blood for Blood"],"picked":"Shrug It Off","floor":48}],"player_experience":269120,"relics_obtained":[{"floor":6,"key":"Bird Faced Urn"},{"floor":9,"key":"Pear"},{"floor":30,"key":"Nunchaku"},{"floor":30,"key":"Pantograph"},{"floor":43,"key":"Gremlin Horn"}],"event_choices":[{"damage_healed":0,"gold_gain":275,"player_choice":"Desecrate","damage_taken":0,"max_hp_gain":0,"max_hp_loss":0,"event_name":"Golden Shrine","floor":2,"gold_loss":0,"cards_obtained":["Regret"]},{"cards_removed":["Strike_R"],"damage_healed":0,"gold_gain":0,"player_choice":"Card Removal","damage_taken":7,"max_hp_gain":0,"max_hp_loss":0,"event_name":"Golden Wing","floor":4,"gold_loss":0},{"damage_healed":0,"gold_gain":0,"player_choice":"Success","damage_taken":7,"relics_obtained":["Bronze Scales"],"max_hp_gain":0,"max_hp_loss":0,"event_name":"Scrap Ooze","floor":14,"gold_loss":0},{"damage_healed":0,"gold_gain":0,"player_choice":"Obtained Relic","damage_taken":0,"relics_obtained":["Happy Flower"],"max_hp_gain":0,"max_hp_loss":0,"event_name":"Addict","floor":19,"gold_loss":85},{"damage_healed":0,"gold_gain":0,"player_choice":"Shed Blood","damage_taken":23,"max_hp_gain":5,"max_hp_loss":0,"event_name":"Forgotten Altar","floor":22,"gold_loss":0},{"damage_healed":0,"gold_gain":0,"player_choice":"Upgraded","damage_taken":0,"max_hp_gain":0,"max_hp_loss":0,"event_name":"Upgrade Shrine","floor":27,"gold_loss":0,"cards_upgraded":["Fiend Fire"]},{"cards_removed":["Thunderclap"],"damage_healed":0,"gold_gain":0,"player_choice":"Removed Attack","damage_taken":0,"max_hp_gain":0,"max_hp_loss":0,"event_name":"Falling","floor":38,"gold_loss":0},{"damage_healed":0,"gold_gain":0,"player_choice":"Bought 1 Potion","damage_taken":0,"max_hp_gain":0,"max_hp_loss":0,"event_name":"The Woman in Blue","floor":45,"gold_loss":0},{"damage_healed":0,"gold_gain":0,"player_choice":"Leave","damage_taken":0,"max_hp_gain":0,"max_hp_loss":0,"event_name":"FaceTrader","floor":47,"gold_loss":0}],"is_beta":false,"boss_relics":[{"not_picked":["Lizard Tail","Fusion Hammer"],"picked":"Black Star"},{"not_picked":["Astrolabe","Empty Cage"],"picked":"Sozu"}],"items_purged_floors":[3],"is_endless":false,"potions_floor_spawned":[1,8,11,16,18,29,30,31,35,39,44,46,48],"killed_by":"Awakened One","ascension_level":0}