{"gold_per_floor":[119,44,119,134,134,166,166,166,196,210,222,248,281,295,295,372,372,383,383],"floor_reached":19,"playtime":429,"items_purged":["Defend_G"],"score":504,"play_id":"5b1dfe5d-9735-4b5b-80ab-efd5d9dff7c9","local_time":"20190702003145","is_ascension_mode":true,"campfire_choices":[{"data":"Glass Knife","floor":8.0,"key":"SMITH"},{"data":"Neutralize","floor":15.0,"key":"SMITH"}],"neow_cost":"NONE","seed_source_timestamp":28627528561074,"circlet_count":0,"master_deck":["AscendersBane","Defend_G","Defend_G","Defend_G","Defend_G","Strike_G","Strike_G","Strike_G","Strike_G","Strike_G","Survivor","Neutralize+1","Poisoned Stab","Glass Knife+1","Escape Plan","Terror","Grand Finale"],"special_seed":0,"relics":["Ring of the Serpent","NeowsBlessing","Sundial","Tiny Chest","Anchor","Tough Bandages"],"potions_floor_usage":[],"damage_taken":[{"damage":0.0,"enemies":"2 Louse","floor":1.0,"turns":1.0},{"damage":0.0,"enemies":"Small Slimes","floor":4.0,"turns":1.0},{"damage":0.0,"enemies":"Lagavulin","floor":6.0,"turns":1.0},{"damage":4.0,"enemies":"Jaw Worm","floor":10.0,"turns":2.0},{"damage":12.0,"enemies":"Large Slime","floor":11.0,"turns":6.0},{"damage":10.0,"enemies":"3 Sentries","floor":13.0,"turns":7.0},{"damage":0.0,"enemies":"Looter","floor":14.0,"turns":3.0},{"damage":0.0,"enemies":"Slime Boss","floor":16.0,"turns":7.0},{"damage":21,"enemies":"Shell Parasite","floor":18,"turns":4},{"damage":0,"enemies":"Colosseum Slavers","floor":19,"turns":1}],"seed_played":"2270962983081698831","potions_obtained":[{"floor":4.0,"key":"Fire Potion"},{"floor":11.0,"key":"GhostInAJar"}],"is_trial":false,"path_per_floor":["M","$","?","M","?","E","?","R","T","M","M","T","E","M","R","B",null,"M","?"],"character_chosen":"THE_SILENT","items_purchased":[],"campfire_rested":0,"item_purchase_floors":[],"current_hp_per_floor":[59,59,48,48,48,48,48,48,48,44,32,32,22,22,22,22,55,34,34],"gold":383,"neow_bonus":"THREE_ENEMY_KILL","is_prod":false,"is_daily":false,"chose_seed":false,"campfire_upgraded":2,"win_rate":0,"timestamp":1561998705,"path_taken":["M","$","?","M","?","E","?","R","T","M","M","?","E","?","R","BOSS","M","?"],"build_version":"2019-01-23","purchased_purges":1,"victory":false,"max_hp_per_floor":[66,66,66,66,66,66,66,66,66,66,66,66,66,66,66,66,66,66,66],"card_choices":[{"not_picked":["Poisoned Stab","Blade Dance","Deflect"],"picked":"SKIP","floor":1.0},{"not_picked":["Heel Hook","Accuracy"],"picked":"Poisoned Stab","floor":4.0},{"not_picked":["Finisher","Acrobatics"],"picked":"Glass Knife","floor":6.0},{"not_picked":["Prepared","Cloak And Dagger"],"picked":"Escape Plan","floor":10.0},{"not_picked":["Heel Hook","Backflip"],"picked":"Terror","floor":11.0},{"not_picked":["Backflip","Accuracy","Slice"],"picked":"SKIP","floor":13.0},{"not_picked":["Cloak And Dagger","Underhanded Strike","Flying Knee"],"picked":"SKIP","floor":14.0},{"not_picked":["Unload","After Image"],"picked":"Grand Finale","floor":16.0},{"not_picked":["Accuracy","Distraction","Infinite Blades"],"picked":"SKIP","floor":18}],"player_experience":1031458,"relics_obtained":[{"floor":6.0,"key":"Sundial"},{"floor":9.0,"key":"Tiny Chest"},{"floor":12.0,"key":"Anchor"},{"floor":13.0,"key":"Tough Bandages"}],"event_choices":[{"damage_healed":0.0,"max_hp_gain":0.0,"max_hp_loss":0.0,"gold_gain":75.0,"event_name":"World of Goop","player_choice":"Gather Gold","floor":3.0,"gold_loss":0.0,"damage_taken":11.0},{"damage_healed":0.0,"max_hp_gain":0.0,"max_hp_loss":0.0,"gold_gain":0.0,"event_name":"Liars Game","player_choice":"Ignored","floor":5.0,"gold_loss":0.0,"damage_taken":0.0},{"damage_healed":0.0,"max_hp_gain":0.0,"max_hp_loss":0.0,"gold_gain":0.0,"event_name":"Dead Adventurer","player_choice":"Searched \u00270\u0027 times","floor":7.0,"gold_loss":0.0,"damage_taken":0.0},{"damage_healed":0,"gold_gain":0,"player_choice":"Fight","damage_taken":0,"max_hp_gain":0,"max_hp_loss":0,"event_name":"Colosseum","floor":19,"gold_loss":0}],"is_beta":false,"boss_relics":[{"not_picked":["Snecko Eye","Black Star"],"picked":"Ring of the Serpent"}],"items_purged_floors":[2],"is_endless":false,"potions_floor_spawned":[4,11,13,14],"killed_by":"Colosseum Slavers","ascension_level":20}