{"gold_per_floor":[219,219,237,247,257,257,291,291,315,336,336,374,343,239,239,239],"floor_reached":16,"playtime":677,"items_purged":[],"score":143,"play_id":"e5512c8e-d60d-4158-93df-2b87418b0386","local_time":"20190214142923","is_ascension_mode":true,"campfire_choices":[{"data":"Infinite Blades","floor":6,"key":"SMITH"},{"floor":11,"key":"REST"},{"floor":15,"key":"REST"}],"neow_cost":"NONE","seed_source_timestamp":169640683127482,"circlet_count":0,"master_deck":["Defend_G","Defend_G","Defend_G","Defend_G","Defend_G","Strike_G","Strike_G","Strike_G","Strike_G","Strike_G","Survivor","Neutralize","Infinite Blades+1","Dodge and Roll","Tactician","Choke","A Thousand Cuts","Flying Knee","Burst","Footwork","Dodge and Roll"],"relics":["Ring of the Snake","Strawberry","Golden Idol","Pen Nib","Potion Belt"],"potions_floor_usage":[2,5,7,7,10],"damage_taken":[{"damage":10,"enemies":"Jaw Worm","floor":1,"turns":4},{"damage":1,"enemies":"Cultist","floor":3,"turns":4},{"damage":0,"enemies":"2 Louse","floor":4,"turns":3},{"damage":3,"enemies":"Blue Slaver","floor":5,"turns":4},{"damage":8,"enemies":"Gremlin Nob","floor":7,"turns":3},{"damage":15,"enemies":"Large Slime","floor":10,"turns":6},{"damage":37,"enemies":"3 Sentries","floor":12,"turns":5},{"damage":30,"enemies":"Slime Boss","floor":16,"turns":3}],"seed_played":"5917795675138067844","potions_obtained":[{"floor":1,"key":"PowerPotion"},{"floor":2,"key":"Fruit Juice"},{"floor":2,"key":"FearPotion"},{"floor":2,"key":"FearPotion"},{"floor":5,"key":"Fire Potion"},{"floor":10,"key":"Ancient Potion"}],"is_trial":false,"path_per_floor":["M","?","M","M","M","R","E","?","T","M","R","E","?","$","R","B"],"character_chosen":"THE_SILENT","items_purchased":["Footwork","Dodge and Roll"],"campfire_rested":2,"item_purchase_floors":[14,14],"current_hp_per_floor":[53,58,57,57,54,54,53,33,33,18,42,5,5,5,29,0],"gold":239,"neow_bonus":"HUNDRED_GOLD","is_prod":false,"is_daily":false,"chose_seed":false,"campfire_upgraded":1,"win_rate":0,"timestamp":1550114963,"path_taken":["M","?","?","M","?","R","E","?","T","M","R","E","?","?","R","BOSS"],"build_version":"2019-01-23","purchased_purges":0,"victory":false,"max_hp_per_floor":[70,75,75,75,75,75,82,82,82,82,82,82,82,82,82,82],"card_choices":[{"not_picked":["Deflect","Bane"],"picked":"Infinite Blades","floor":1},{"not_picked":["Bane","Flechettes"],"picked":"Dodge and Roll","floor":3},{"not_picked":["Dagger Spray","Bane"],"picked":"Tactician","floor":4},{"not_picked":["Poisoned Stab","Underhanded Strike"],"picked":"Choke","floor":5},{"not_picked":["Quick Slash","Noxious Fumes"],"picked":"A Thousand Cuts","floor":7},{"not_picked":["Dagger Spray","All Out Attack"],"picked":"Flying Knee","floor":10},{"not_picked":["Underhanded Strike","Storm of Steel"],"picked":"Burst","floor":12}],"player_experience":703040,"relics_obtained":[{"floor":7,"key":"Strawberry"},{"floor":9,"key":"Pen Nib"},{"floor":12,"key":"Potion Belt"}],"event_choices":[{"damage_healed":0,"gold_gain":0,"player_choice":"Got Potions","damage_taken":0,"max_hp_gain":0,"max_hp_loss":0,"event_name":"Lab","floor":2,"gold_loss":0},{"damage_healed":0,"gold_gain":0,"player_choice":"Take Damage","damage_taken":20,"relics_obtained":["Golden Idol"],"max_hp_gain":0,"max_hp_loss":0,"event_name":"Golden Idol","floor":8,"gold_loss":0},{"damage_healed":0,"gold_gain":0,"player_choice":"Left Gold","damage_taken":0,"max_hp_gain":0,"max_hp_loss":0,"event_name":"World of Goop","floor":13,"gold_loss":31}],"is_beta":false,"boss_relics":[],"items_purged_floors":[],"is_endless":false,"potions_floor_spawned":[1,5,10],"killed_by":"Slime Boss","ascension_level":6}