{"gold_per_floor":[119,119,119,132,132,132,147,161,184,23,43,43,82,101,101,101],"floor_reached":16,"playtime":419,"items_purged":["Strike_G"],"score":204,"play_id":"2c6ad33f-c3fd-4ff4-8259-ec78c17f4a30","local_time":"20190623211848","is_ascension_mode":true,"campfire_choices":[{"data":"All Out Attack","floor":6,"key":"SMITH"},{"data":"Skewer","floor":15,"key":"SMITH"}],"neow_cost":"PERCENT_DAMAGE","seed_source_timestamp":468112934452071,"circlet_count":0,"master_deck":["AscendersBane","Defend_G","Defend_G+1","Defend_G","Defend_G","Defend_G","Strike_G","Strike_G","Strike_G","Strike_G","Survivor","Neutralize","All Out Attack+1","PiercingWail+1","Skewer+1","A Thousand Cuts"],"relics":["Ring of the Snake","Golden Idol","Happy Flower","War Paint","Pear"],"potions_floor_usage":[4,16],"damage_taken":[{"damage":1,"enemies":"2 Louse","floor":1,"turns":4},{"damage":5,"enemies":"Small Slimes","floor":4,"turns":4},{"damage":0,"enemies":"Cultist","floor":7,"turns":4},{"damage":0,"enemies":"3 Louse","floor":8,"turns":2},{"damage":0,"enemies":"Exordium Thugs","floor":11,"turns":4},{"damage":51,"enemies":"Gremlin Nob","floor":13,"turns":5},{"damage":4,"enemies":"Red Slaver","floor":14,"turns":5},{"damage":31,"enemies":"Hexaghost","floor":16,"turns":8}],"seed_played":"-2976886654001340854","potions_obtained":[{"floor":1,"key":"FearPotion"},{"floor":7,"key":"GhostInAJar"},{"floor":12,"key":"Block Potion"},{"floor":13,"key":"Swift Potion"}],"is_trial":false,"path_per_floor":["M","?","?","M","?","R","M","M","T","$","M","?","E","M","R","B"],"character_chosen":"THE_SILENT","items_purchased":["Skewer"],"campfire_rested":0,"item_purchase_floors":[10],"current_hp_per_floor":[43,43,32,27,70,70,70,70,70,70,70,70,29,25,25,0],"gold":101,"neow_bonus":"THREE_RARE_CARDS","is_prod":false,"is_daily":false,"chose_seed":false,"campfire_upgraded":2,"win_rate":0,"timestamp":1561295928,"path_taken":["M","?","?","M","?","R","?","M","T","$","M","?","E","M","R","BOSS"],"build_version":"2019-01-23","purchased_purges":1,"victory":false,"max_hp_per_floor":[66,60,60,60,70,70,70,70,70,70,70,70,80,80,80,80],"card_choices":[{"not_picked":["Unload","Bullet Time"],"picked":"Venomology","floor":0},{"not_picked":["Dash","Quick Slash"],"picked":"All Out Attack","floor":1},{"not_picked":["Slice","Cloak And Dagger","Flying Knee"],"picked":"SKIP","floor":4},{"not_picked":["Cloak And Dagger","Dagger Throw","Predator"],"picked":"SKIP","floor":7},{"not_picked":["Outmaneuver","Prepared"],"picked":"PiercingWail","floor":8},{"not_picked":["Blade Dance","Dodge and Roll","Distraction"],"picked":"SKIP","floor":11},{"not_picked":["Sucker Punch","Dash","Dagger Spray"],"picked":"SKIP","floor":13},{"not_picked":["Escape Plan","Slice"],"picked":"A Thousand Cuts","floor":14}],"player_experience":1013566,"relics_obtained":[{"floor":9,"key":"War Paint"},{"floor":13,"key":"Pear"}],"event_choices":[{"damage_healed":0,"gold_gain":0,"player_choice":"Lose Max HP","damage_taken":0,"relics_obtained":["Golden Idol"],"max_hp_gain":0,"max_hp_loss":6,"event_name":"Golden Idol","floor":2,"gold_loss":0},{"damage_healed":0,"gold_gain":0,"player_choice":"Success","damage_taken":11,"relics_obtained":["Happy Flower"],"max_hp_gain":0,"max_hp_loss":0,"event_name":"Scrap Ooze","floor":3,"gold_loss":0},{"cards_removed":["Venomology"],"damage_healed":33,"gold_gain":0,"player_choice":"Offered Rare","damage_taken":0,"max_hp_gain":10,"max_hp_loss":0,"event_name":"Bonfire Elementals","floor":5,"gold_loss":0},{"damage_healed":0,"gold_gain":0,"player_choice":"Got Potions","damage_taken":0,"max_hp_gain":0,"max_hp_loss":0,"event_name":"Lab","floor":12,"gold_loss":0}],"is_beta":false,"boss_relics":[],"items_purged_floors":[10],"is_endless":false,"potions_floor_spawned":[1,7,13],"killed_by":"Hexaghost","ascension_level":20}