{"gold_per_floor":[14,14,14,26,44,105,105,124,124,137,164,164,189,203,203,299,299,310,310,310,12,22,52,62,62,139,139,172,190,202,212,212,314,314,324,324,336,347,347,379,379,428,428,438,455,471,471,8,8,8],"floor_reached":51,"playtime":3302,"items_purged":["Decay"],"score":1312,"play_id":"258dbaa6-0eb8-47d4-abef-9215c00b547d","local_time":"20190807043323","is_ascension_mode":true,"campfire_choices":[{"data":"Double Tap","floor":7.0,"key":"SMITH"},{"data":"Sword Boomerang","floor":12.0,"key":"SMITH"},{"data":"Whirlwind","floor":15.0,"key":"SMITH"},{"data":"Pommel Strike","floor":25.0,"key":"SMITH"},{"data":"Shrug It Off","floor":27.0,"key":"SMITH"},{"data":"Uppercut","floor":32.0,"key":"SMITH"},{"floor":41.0,"key":"REST"},{"data":"Burning Pact","floor":47,"key":"SMITH"},{"data":"Pummel","floor":49,"key":"SMITH"}],"neow_cost":"NO_GOLD","seed_source_timestamp":2356874912091400,"circlet_count":0,"master_deck":["AscendersBane","Strike_R+1","Strike_R+1","Strike_R+1","Strike_R+1","Strike_R+1","Defend_R+1","Defend_R+1","Defend_R+1","Bash","Inflame+1","Burning Pact+1","Sword Boomerang+1","Pummel+1","Double Tap+1","Whirlwind+1","Spot Weakness+1","Reaper","Shrug It Off+1","Pommel Strike+1","Headbutt","Uppercut+1","Offering","Writhe","Injury","Metallicize+1","Impervious"],"special_seed":0,"relics":["Burning Blood","Ginger","Tiny Chest","Oddly Smooth Stone","Frozen Egg 2","Potion Belt","Busted Crown","Thread and Needle","Calipers","The Courier","Bottled Lightning","Cursed Key","Smiling Mask","Meat on the Bone","Boot","Letter Opener","Bronze Scales"],"potions_floor_usage":[50,50,50,50],"damage_taken":[{"damage":1.0,"enemies":"2 Louse","floor":1.0,"turns":3.0},{"damage":1.0,"enemies":"Cultist","floor":4.0,"turns":3.0},{"damage":12.0,"enemies":"Jaw Worm","floor":5.0,"turns":3.0},{"damage":18.0,"enemies":"Gremlin Nob","floor":6.0,"turns":4.0},{"damage":7.0,"enemies":"2 Fungi Beasts","floor":8.0,"turns":3.0},{"damage":0.0,"enemies":"Lots of Slimes","floor":10.0,"turns":1.0},{"damage":20.0,"enemies":"3 Sentries","floor":11.0,"turns":5.0},{"damage":24.0,"enemies":"Gremlin Nob","floor":13.0,"turns":4.0},{"damage":0.0,"enemies":"Red Slaver","floor":14.0,"turns":1.0},{"damage":0.0,"enemies":"Slime Boss","floor":16.0,"turns":4.0},{"damage":16.0,"enemies":"2 Thieves","floor":18.0,"turns":2.0},{"damage":1.0,"enemies":"Shell Parasite","floor":22.0,"turns":3.0},{"damage":0.0,"enemies":"Gremlin Leader","floor":23.0,"turns":4.0},{"damage":6.0,"enemies":"Centurion and Healer","floor":24.0,"turns":5.0},{"damage":17.0,"enemies":"Slavers","floor":28.0,"turns":4.0},{"damage":0.0,"enemies":"Cultist and Chosen","floor":29.0,"turns":4.0},{"damage":7.0,"enemies":"3 Cultists","floor":30.0,"turns":5.0},{"damage":5.0,"enemies":"Centurion and Healer","floor":31.0,"turns":4.0},{"damage":80.0,"enemies":"Automaton","floor":33.0,"turns":8.0},{"damage":6.0,"enemies":"3 Darklings","floor":35.0,"turns":1.0},{"damage":22.0,"enemies":"3 Shapes","floor":37.0,"turns":7.0},{"damage":16.0,"enemies":"Spire Growth","floor":38.0,"turns":4.0},{"damage":80.0,"enemies":"Nemesis","floor":40.0,"turns":7.0},{"damage":28,"enemies":"3 Darklings","floor":44,"turns":3},{"damage":17,"enemies":"Jaw Worm Horde","floor":45,"turns":3},{"damage":24,"enemies":"Sphere and 2 Shapes","floor":46,"turns":4},{"damage":63,"enemies":"Time Eater","floor":50,"turns":8}],"seed_played":"4840289861291534512","potions_obtained":[{"floor":4.0,"key":"Fire Potion"},{"floor":8.0,"key":"FairyPotion"},{"floor":13.0,"key":"Energy Potion"},{"floor":14.0,"key":"Poison Potion"},{"floor":18.0,"key":"Block Potion"},{"floor":24.0,"key":"SteroidPotion"},{"floor":30.0,"key":"GamblersBrew"},{"floor":35.0,"key":"FearPotion"},{"floor":40.0,"key":"Block Potion"}],"is_trial":false,"path_per_floor":["M","?","?","M","M","E","R","M","T","M","E","R","E","M","R","B",null,"M","?","?","$","M","E","M","R","T","R","E","M","M","M","R","B",null,"M","T","M","M","?","E","R","T","T","M","M","M","R","$","R","B",null],"character_chosen":"IRONCLAD","items_purchased":["Thread and Needle","Metallicize+1","Impervious","Bronze Scales","BloodPotion","Regen Potion","Regen Potion"],"campfire_rested":1,"item_purchase_floors":[21,48,48,48,48,48,48],"current_hp_per_floor":[77,77,77,80,74,62,62,61,61,67,53,53,35,41,41,47,72,62,62,62,62,78,80,80,80,80,80,80,80,80,80,80,28,67,80,80,72,62,62,32,56,56,56,53,75,76,76,76,76,79],"gold":8,"neow_bonus":"ONE_RARE_RELIC","is_prod":false,"is_daily":false,"chose_seed":false,"campfire_upgraded":8,"win_rate":0,"timestamp":1565174003,"path_taken":["M","?","?","M","M","E","R","M","T","?","E","R","E","M","R","BOSS","M","?","?","$","M","E","?","R","T","R","E","M","M","M","R","BOSS","M","?","?","?","?","E","R","?","T","M","?","M","R","$","R","BOSS"],"build_version":"2019-07-18","purchased_purges":1,"victory":true,"max_hp_per_floor":[80,80,80,80,80,80,80,80,80,80,80,80,80,80,80,80,80,80,80,80,80,80,80,80,80,80,80,80,80,80,80,80,80,80,80,80,80,80,80,80,80,80,80,80,80,80,80,80,80,80],"card_choices":[{"not_picked":["Wild Strike","Dropkick"],"picked":"Inflame","floor":1.0},{"not_picked":["Cleave","Infernal Blade"],"picked":"Sword Boomerang","floor":4.0},{"not_picked":["Pommel Strike","Clothesline"],"picked":"Pummel","floor":5.0},{"not_picked":["Body Slam","Havoc"],"picked":"Double Tap","floor":6.0},{"not_picked":["Intimidate","Thunderclap"],"picked":"Whirlwind","floor":8.0},{"not_picked":["Anger","True Grit","Corruption"],"picked":"SKIP","floor":10.0},{"not_picked":["Rupture","Sword Boomerang","Twin Strike"],"picked":"SKIP","floor":11.0},{"not_picked":["Bludgeon","Anger"],"picked":"Spot Weakness","floor":13.0},{"not_picked":["Twin Strike","Wild Strike","Pommel Strike"],"picked":"SKIP","floor":14.0},{"not_picked":["Double Tap","Juggernaut+1"],"picked":"Reaper","floor":16.0},{"not_picked":[],"picked":"Shrug It Off","floor":18.0},{"not_picked":["Twin Strike"],"picked":"SKIP","floor":22.0},{"not_picked":["Twin Strike"],"picked":"SKIP","floor":22.0},{"not_picked":["Twin Strike"],"picked":"SKIP","floor":22.0},{"not_picked":[],"picked":"Pommel Strike","floor":23.0},{"not_picked":["Combust+1"],"picked":"SKIP","floor":24.0},{"not_picked":["Second Wind"],"picked":"SKIP","floor":28.0},{"not_picked":[],"picked":"Headbutt","floor":29.0},{"not_picked":[],"picked":"Uppercut","floor":30.0},{"not_picked":["True Grit"],"picked":"SKIP","floor":31.0},{"not_picked":[],"picked":"Offering","floor":33.0},{"not_picked":["Uppercut"],"picked":"SKIP","floor":35.0},{"not_picked":["Twin Strike+1"],"picked":"SKIP","floor":37.0},{"not_picked":["Anger+1"],"picked":"SKIP","floor":38.0},{"not_picked":["Combust+1"],"picked":"SKIP","floor":40.0},{"not_picked":["Reckless Charge"],"picked":"SKIP","floor":44},{"not_picked":["Thunderclap"],"picked":"SKIP","floor":45},{"not_picked":["Clash"],"picked":"SKIP","floor":46}],"player_experience":217414,"relics_obtained":[{"floor":6.0,"key":"Tiny Chest"},{"floor":9.0,"key":"Oddly Smooth Stone"},{"floor":11.0,"key":"Frozen Egg 2"},{"floor":13.0,"key":"Potion Belt"},{"floor":23.0,"key":"Calipers"},{"floor":26.0,"key":"The Courier"},{"floor":28.0,"key":"Bottled Lightning"},{"floor":36.0,"key":"Smiling Mask"},{"floor":40.0,"key":"Meat on the Bone"},{"floor":42.0,"key":"Boot"},{"floor":43.0,"key":"Letter Opener"}],"event_choices":[{"damage_healed":0.0,"max_hp_gain":0.0,"max_hp_loss":0.0,"gold_gain":0.0,"cards_transformed":["Defend_R"],"event_name":"Living Wall","player_choice":"Change","floor":2.0,"gold_loss":0.0,"damage_taken":0.0,"cards_obtained":["Burning Pact"]},{"damage_healed":0.0,"max_hp_gain":0.0,"max_hp_loss":0.0,"gold_gain":0.0,"event_name":"Accursed Blacksmith","player_choice":"Forge","floor":3.0,"gold_loss":0.0,"damage_taken":0.0,"cards_upgraded":["Inflame"]},{"damage_healed":0.0,"max_hp_gain":0.0,"max_hp_loss":0.0,"gold_gain":0.0,"event_name":"Back to Basics","player_choice":"Simplicity","floor":19.0,"gold_loss":0.0,"damage_taken":0.0,"cards_upgraded":["Strike_R","Strike_R","Strike_R","Strike_R","Strike_R","Defend_R","Defend_R","Defend_R"]},{"damage_healed":0.0,"max_hp_gain":0.0,"max_hp_loss":0.0,"gold_gain":0.0,"event_name":"Upgrade Shrine","player_choice":"Upgraded","floor":20.0,"gold_loss":0.0,"damage_taken":0.0,"cards_upgraded":["Spot Weakness"]},{"damage_healed":0.0,"max_hp_gain":0.0,"max_hp_loss":0.0,"gold_gain":0.0,"event_name":"SensoryStone","player_choice":"Memory 1","floor":39.0,"gold_loss":0.0,"damage_taken":0.0}],"is_beta":true,"boss_relics":[{"not_picked":["Lizard Tail","Astrolabe"],"picked":"Busted Crown"},{"not_picked":["Runic Cube","Philosopher\u0027s Stone"],"picked":"Cursed Key"}],"items_purged_floors":[48],"is_endless":false,"potions_floor_spawned":[4,8,13,14,18,24,30,35,40],"ascension_level":11}