{"gold_per_floor":[113,63,12,12,32,58,58,78,130,130,165,165,183,201,201,301,301,315,315,330,330,53,85,85,120,145,165,185,195,213,213,213,316,316,331,2,2,22,22,22,49,49,102,102,122,122,122],"floor_reached":47,"playtime":2406,"items_purged":[],"score":711,"play_id":"f34ae238-e41f-4313-8041-f7b3b7542ee3","local_time":"20190711222448","is_ascension_mode":true,"campfire_choices":[{"data":"Infinite Blades","floor":7.0,"key":"SMITH"},{"floor":15.0,"key":"REST"},{"floor":32,"key":"REST"},{"floor":40,"key":"REST"},{"floor":46,"key":"REST"}],"neow_cost":"NONE","seed_source_timestamp":0,"circlet_count":0,"master_deck":["Strike_G","Strike_G","Defend_G+1","Defend_G","Defend_G","Survivor+1","Neutralize","Infinite Blades+1","PiercingWail","Flying Knee","Corpse Explosion","Well Laid Plans","Blur","Caltrops","Cloak And Dagger","Envenom","Dodge and Roll+1","Distraction","Malaise","Poisoned Stab+1","Dodge and Roll","Predator","Crippling Poison+1","Writhe","Dash","Slice+1","Slice+1","PiercingWail","Bane","Glass Knife","Deadly Poison","Catalyst","Slice","Forethought","Deflect+1","Adrenaline","Cloak And Dagger+1"],"special_seed":0,"relics":["Ring of the Snake","NeowsBlessing","Boot","Snake Skull","Happy Flower","Anchor","Lantern","WristBlade","OrangePellets","Art of War","Centennial Puzzle","Omamori","Black Star","ClockworkSouvenir","Ginger","Bag of Marbles","War Paint"],"potions_floor_usage":[33,41,41],"damage_taken":[{"damage":0.0,"enemies":"Cultist","floor":1.0,"turns":1.0},{"damage":0.0,"enemies":"Jaw Worm","floor":5.0,"turns":1.0},{"damage":0.0,"enemies":"3 Sentries","floor":6.0,"turns":1.0},{"damage":0.0,"enemies":"2 Louse","floor":8.0,"turns":2.0},{"damage":32.0,"enemies":"Gremlin Nob","floor":11.0,"turns":5.0},{"damage":0.0,"enemies":"2 Fungi Beasts","floor":13.0,"turns":2.0},{"damage":4.0,"enemies":"Exordium Thugs","floor":14.0,"turns":4.0},{"damage":16.0,"enemies":"The Guardian","floor":16.0,"turns":11.0},{"damage":11.0,"enemies":"Shell Parasite","floor":18.0,"turns":5.0},{"damage":10.0,"enemies":"2 Thieves","floor":20.0,"turns":4.0},{"damage":24.0,"enemies":"Gremlin Leader","floor":23.0,"turns":5.0},{"damage":13.0,"enemies":"Slavers","floor":25.0,"turns":5.0},{"damage":5.0,"enemies":"Centurion and Healer","floor":27.0,"turns":4.0},{"damage":0,"enemies":"3 Cultists","floor":28,"turns":3},{"damage":8,"enemies":"Shelled Parasite and Fungi","floor":29,"turns":3},{"damage":1,"enemies":"Centurion and Healer","floor":30,"turns":6},{"damage":19,"enemies":"Champ","floor":33,"turns":11},{"damage":13,"enemies":"3 Darklings","floor":35,"turns":5},{"damage":9,"enemies":"Orb Walker","floor":38,"turns":4},{"damage":42,"enemies":"Reptomancer","floor":41,"turns":9},{"damage":1,"enemies":"3 Darklings","floor":45,"turns":2},{"damage":39,"enemies":"Nemesis","floor":47,"turns":2}],"seed_played":"-8874879819716242075","potions_obtained":[{"floor":1.0,"key":"SpeedPotion"},{"floor":8.0,"key":"Poison Potion"},{"floor":11.0,"key":"Poison Potion"},{"floor":13.0,"key":"Strength Potion"},{"floor":18.0,"key":"Ancient Potion"},{"floor":27.0,"key":"Dexterity Potion"},{"floor":28,"key":"Fire Potion"},{"floor":30,"key":"Fire Potion"},{"floor":33,"key":"Explosive Potion"},{"floor":45,"key":"PowerPotion"}],"is_trial":false,"path_per_floor":["M","?","$","?","M","E","R","M","T","?","E","?","M","M","R","B",null,"M","?","M","?","$","E","?","E","T","M","M","M","M","?","R","B",null,"M","$","?","M","$","R","E","?","T","?","M","R","E"],"character_chosen":"THE_SILENT","items_purchased":["PiercingWail","OrangePellets","Dodge and Roll","Predator","Catalyst","ClockworkSouvenir","Slice"],"campfire_rested":4,"item_purchase_floors":[3,22,22,22,36,36,36],"current_hp_per_floor":[63,63,63,63,63,63,63,63,63,56,24,24,24,20,41,25,59,48,48,38,61,61,37,37,24,24,19,19,11,10,10,31,12,56,43,43,43,34,34,55,13,13,13,13,12,33,0],"gold":122,"neow_bonus":"THREE_ENEMY_KILL","is_prod":false,"is_daily":false,"chose_seed":false,"campfire_upgraded":1,"win_rate":0,"timestamp":1562898288,"path_taken":["M","?","$","?","M","E","R","?","T","?","E","?","?","M","R","BOSS","M","?","M","?","$","E","?","E","T","M","?","M","M","?","R","BOSS","M","$","?","M","$","R","E","?","T","?","M","R","E"],"build_version":"2019-07-05","purchased_purges":0,"victory":false,"max_hp_per_floor":[70,70,70,70,70,70,70,70,70,70,70,70,70,70,70,70,70,70,70,70,70,70,70,70,70,70,70,70,70,70,70,70,70,70,70,70,70,70,70,70,70,70,70,70,70,70,70],"card_choices":[{"not_picked":["Riddle With Holes","Finisher"],"picked":"Infinite Blades","floor":1.0},{"not_picked":["Dagger Throw","Catalyst"],"picked":"Flying Knee","floor":5.0},{"not_picked":["Blade Dance","Masterful Stab"],"picked":"Corpse Explosion","floor":6.0},{"not_picked":["Deadly Poison","Infinite Blades"],"picked":"Well Laid Plans","floor":8.0},{"not_picked":["Blade Dance","Masterful Stab"],"picked":"Blur","floor":11.0},{"not_picked":["Expertise","PiercingWail"],"picked":"Caltrops","floor":13.0},{"not_picked":["Expertise","Quick Slash"],"picked":"Cloak And Dagger","floor":14.0},{"not_picked":["Storm of Steel","A Thousand Cuts"],"picked":"Envenom","floor":16.0},{"not_picked":["Backflip","Concentrate"],"picked":"Dodge and Roll+1","floor":18.0},{"not_picked":["Dagger Spray","Dodge and Roll"],"picked":"Poisoned Stab+1","floor":20.0},{"not_picked":["Bouncing Flask","Dagger Throw+1"],"picked":"Crippling Poison+1","floor":23.0},{"not_picked":["Tools of the Trade","Deadly Poison"],"picked":"Dash","floor":25.0},{"not_picked":["Cloak And Dagger","Dodge and Roll"],"picked":"Slice+1","floor":27.0},{"not_picked":["Escape Plan","Dodge and Roll"],"picked":"Slice+1","floor":28},{"not_picked":["Underhanded Strike+1","Escape Plan"],"picked":"PiercingWail","floor":29},{"not_picked":["Finisher","Escape Plan"],"picked":"Bane","floor":30},{"not_picked":["A Thousand Cuts","Night Terror"],"picked":"Glass Knife","floor":33},{"not_picked":["Calculated Gamble","Quick Slash+1"],"picked":"Deadly Poison","floor":35},{"not_picked":["Deep Breath","Chrysalis"],"picked":"Forethought","floor":37},{"not_picked":["PiercingWail+1","Poisoned Stab+1"],"picked":"Deflect+1","floor":38},{"not_picked":["Tactician+1","Predator+1"],"picked":"Adrenaline","floor":41},{"not_picked":["Outmaneuver+1","Deadly Poison"],"picked":"Cloak And Dagger+1","floor":45}],"player_experience":368929,"relics_obtained":[{"floor":6.0,"key":"Snake Skull"},{"floor":9.0,"key":"Happy Flower"},{"floor":11.0,"key":"Lantern"},{"floor":23.0,"key":"Art of War"},{"floor":25.0,"key":"Omamori"},{"floor":41,"key":"Ginger"},{"floor":41,"key":"Bag of Marbles"},{"floor":43,"key":"War Paint"}],"event_choices":[{"cards_removed":["Strike_G"],"damage_healed":0.0,"max_hp_gain":0.0,"max_hp_loss":0.0,"gold_gain":0.0,"event_name":"The Cleric","player_choice":"Card Removal","floor":2.0,"gold_loss":50.0,"damage_taken":0.0},{"damage_healed":0.0,"max_hp_gain":0.0,"max_hp_loss":0.0,"gold_gain":0.0,"event_name":"WeMeetAgain","player_choice":"Gave Potion","floor":4.0,"gold_loss":0.0,"damage_taken":0.0,"relics_obtained":["Boot"]},{"damage_healed":0.0,"max_hp_gain":0.0,"max_hp_loss":0.0,"gold_gain":0.0,"event_name":"Scrap Ooze","player_choice":"Success","floor":10.0,"gold_loss":0.0,"damage_taken":7.0,"relics_obtained":["Anchor"]},{"cards_removed":["Strike_G"],"damage_healed":0.0,"max_hp_gain":0.0,"max_hp_loss":0.0,"gold_gain":0.0,"event_name":"Purifier","player_choice":"Purged","floor":12.0,"gold_loss":0.0,"damage_taken":0.0},{"damage_healed":0.0,"max_hp_gain":0.0,"max_hp_loss":0.0,"gold_gain":0.0,"cards_transformed":["Defend_G","Strike_G"],"event_name":"Drug Dealer","player_choice":"Became Test Subject","floor":19.0,"gold_loss":0.0,"damage_taken":0.0,"cards_obtained":["Distraction","Malaise"]},{"damage_healed":23.0,"max_hp_gain":0.0,"max_hp_loss":0.0,"gold_gain":0.0,"event_name":"The Library","player_choice":"Heal","floor":21.0,"gold_loss":0.0,"damage_taken":0.0},{"damage_healed":0.0,"max_hp_gain":0.0,"max_hp_loss":0.0,"gold_gain":0.0,"event_name":"The Mausoleum","player_choice":"Opened","floor":24.0,"gold_loss":0.0,"damage_taken":0.0,"relics_obtained":["Centennial Puzzle"],"cards_obtained":["Writhe"]},{"damage_healed":0,"gold_gain":0,"player_choice":"Ignored","damage_taken":0,"max_hp_gain":0,"max_hp_loss":0,"event_name":"Ghosts","floor":31,"gold_loss":0},{"damage_healed":0,"gold_gain":0,"player_choice":"Memory 1","damage_taken":0,"max_hp_gain":0,"max_hp_loss":0,"event_name":"SensoryStone","floor":37,"gold_loss":0},{"damage_healed":0,"gold_gain":0,"player_choice":"Ignored","damage_taken":0,"max_hp_gain":0,"max_hp_loss":0,"event_name":"Mysterious Sphere","floor":42,"gold_loss":0},{"cards_removed":["Defend_G"],"damage_healed":0,"gold_gain":0,"player_choice":"Removed Skill","damage_taken":0,"max_hp_gain":0,"max_hp_loss":0,"event_name":"Falling","floor":44,"gold_loss":0}],"is_beta":false,"boss_relics":[{"not_picked":["Lizard Tail","Empty Cage"],"picked":"WristBlade"},{"not_picked":["HoveringKite","Philosopher\u0027s Stone"],"picked":"Black Star"}],"items_purged_floors":[],"is_endless":false,"potions_floor_spawned":[1,8,11,13,18,20,27,28,30,33,45],"killed_by":"Nemesis","ascension_level":6}