{"gold_per_floor":[117,82,99,111,128,187,187,203,203,203,93,268,168,193,193,193],"floor_reached":16,"playtime":635,"items_purged":["Doubt"],"score":154,"play_id":"8f91646a-b0df-4e78-b7ec-3f8b94b1e33b","local_time":"20190204030340","is_ascension_mode":true,"campfire_choices":[{"floor":7.0,"key":"REST"},{"floor":10.0,"key":"REST"},{"floor":15,"key":"REST"}],"neow_cost":"NONE","seed_source_timestamp":75945105664343,"circlet_count":0,"master_deck":["Strike_B","Strike_B","Strike_B","Strike_B","Defend_B+1","Defend_B","Defend_B","Defend_B","Zap","Dualcast","Turbo","Storm","White Noise","Sweeping Beam","Leap","Stack","FTL","Coolheaded+1","Enlightenment","Cold Snap","BootSequence"],"special_seed":0,"relics":["Cracked Core","Tiny Chest","Bottled Lightning","War Paint"],"potions_floor_usage":[],"damage_taken":[{"damage":1.0,"enemies":"Cultist","floor":1.0,"turns":4.0},{"damage":3.0,"enemies":"Jaw Worm","floor":3.0,"turns":4.0},{"damage":1.0,"enemies":"2 Louse","floor":4.0,"turns":3.0},{"damage":12.0,"enemies":"Looter","floor":5.0,"turns":3.0},{"damage":29.0,"enemies":"Lagavulin","floor":6.0,"turns":9.0},{"damage":11.0,"enemies":"2 Fungi Beasts","floor":8.0,"turns":3.0},{"damage":70,"enemies":"Gremlin Nob","floor":14,"turns":7},{"damage":34,"enemies":"Slime Boss","floor":16,"turns":3}],"seed_played":"-7465838580312204842","potions_obtained":[{"floor":5.0,"key":"FairyPotion"},{"floor":14,"key":"PowerPotion"}],"is_trial":false,"path_per_floor":["M","$","M","M","M","E","R","M","T","R","$","?","$","E","R","B"],"character_chosen":"DEFECT","items_purchased":["Storm","Coolheaded","Enlightenment","Cold Snap"],"campfire_rested":3,"item_purchase_floors":[2,11,11,13],"current_hp_per_floor":[74,74,71,70,58,29,53,42,42,66,66,66,66,8,32,0],"gold":193,"neow_bonus":"TEN_PERCENT_HP_BONUS","is_prod":false,"is_daily":false,"chose_seed":false,"campfire_upgraded":0,"win_rate":0,"timestamp":1549220620,"path_taken":["M","?","M","?","M","E","R","M","T","R","?","?","$","E","R","BOSS"],"build_version":"2019-01-23","purchased_purges":1,"victory":false,"max_hp_per_floor":[82,82,82,82,82,82,82,82,82,82,82,82,82,82,82,82],"card_choices":[{"not_picked":["Lockon","Storm"],"picked":"Turbo","floor":1.0},{"not_picked":["Beam Cell","Double Energy"],"picked":"White Noise","floor":3.0},{"not_picked":["BootSequence","Reprogram"],"picked":"Sweeping Beam","floor":4.0},{"not_picked":["Turbo","Compile Driver"],"picked":"Leap","floor":5.0},{"not_picked":["FTL","Consume"],"picked":"Stack","floor":6.0},{"not_picked":["Heatsinks","Tempest"],"picked":"FTL","floor":8.0},{"not_picked":["Force Field","Auto Shields"],"picked":"BootSequence","floor":14}],"player_experience":633454,"relics_obtained":[{"floor":6.0,"key":"Tiny Chest"},{"floor":9.0,"key":"Bottled Lightning"},{"floor":14,"key":"War Paint"}],"event_choices":[{"damage_healed":0.0,"max_hp_gain":0.0,"max_hp_loss":0.0,"gold_gain":175.0,"event_name":"Liars Game","player_choice":"AGREE","floor":12.0,"gold_loss":0.0,"damage_taken":0.0,"cards_obtained":["Doubt"]}],"is_beta":false,"boss_relics":[],"items_purged_floors":[13],"is_endless":false,"potions_floor_spawned":[5,14],"killed_by":"Slime Boss","ascension_level":8}