{"gold_per_floor":[119,135,152,35,1,1,20,20,20,20,195,195,222,285,285,390,390,380,380,395,65,80,112,112,132,179,179,208,208,234,265,277,289],"floor_reached":33,"playtime":2414,"items_purged":["Strike_G"],"score":485,"play_id":"e7f8b4a7-16e1-4545-9026-bd1f54060d86","local_time":"20190807161907","is_ascension_mode":true,"campfire_choices":[{"floor":6.0,"key":"DIG"},{"floor":10.0,"key":"DIG"},{"floor":12.0,"key":"DIG"},{"floor":15.0,"key":"DIG"},{"data":"Wraith Form v2","floor":24.0,"key":"SMITH"},{"floor":27,"key":"REST"},{"floor":29,"key":"DIG"},{"floor":32,"key":"DIG"}],"neow_cost":"PERCENT_DAMAGE","seed_source_timestamp":2400114543241400,"circlet_count":0,"master_deck":["AscendersBane","Strike_G","Strike_G","Strike_G","Strike_G","Defend_G","Defend_G","Defend_G","Defend_G","Defend_G","Survivor","Neutralize","Blade Dance","Dash","Bouncing Flask","Crippling Poison","Endless Agony","Deadly Poison","Doubt","Wraith Form v2+1","Bouncing Flask","Dodge and Roll+1","Well Laid Plans","Deflect","Dodge and Roll+1","Leg Sweep","PiercingWail","Corpse Explosion","Blur","Blur"],"special_seed":0,"relics":["Ring of the Serpent","Shovel","Mercury Hourglass","Letter Opener","Bronze Scales","Gremlin Horn","Art of War","Bottled Lightning","Smiling Mask","PreservedInsect","Strawberry","Omamori","Paper Crane","Oddly Smooth Stone","MawBank","Lantern"],"potions_floor_usage":[25,33],"damage_taken":[{"damage":0.0,"enemies":"Cultist","floor":1.0,"turns":5.0},{"damage":2.0,"enemies":"2 Louse","floor":2.0,"turns":3.0},{"damage":1.0,"enemies":"Small Slimes","floor":3.0,"turns":4.0},{"damage":8.0,"enemies":"Exordium Thugs","floor":7.0,"turns":4.0},{"damage":2.0,"enemies":"3 Sentries","floor":13.0,"turns":4.0},{"damage":12.0,"enemies":"3 Sentries","floor":14.0,"turns":5.0},{"damage":19.0,"enemies":"Hexaghost","floor":16.0,"turns":8.0},{"damage":11.0,"enemies":"2 Thieves","floor":18.0,"turns":4.0},{"damage":11.0,"enemies":"Shell Parasite","floor":20.0,"turns":4.0},{"damage":12.0,"enemies":"Centurion and Healer","floor":22.0,"turns":7.0},{"damage":18.0,"enemies":"Book of Stabbing","floor":23.0,"turns":5.0},{"damage":11,"enemies":"Shelled Parasite and Fungi","floor":25,"turns":6},{"damage":2,"enemies":"Gremlin Leader","floor":28,"turns":6},{"damage":2,"enemies":"Book of Stabbing","floor":30,"turns":5},{"damage":3,"enemies":"Cultist and Chosen","floor":31,"turns":4},{"damage":48,"enemies":"Automaton","floor":33,"turns":12}],"seed_played":"2520914260536618174","potions_obtained":[{"floor":1.0,"key":"SkillPotion"},{"floor":2.0,"key":"GhostInAJar"},{"floor":3.0,"key":"Fire Potion"},{"floor":18.0,"key":"Ancient Potion"},{"floor":23.0,"key":"Energy Potion"},{"floor":25,"key":"Swift Potion"},{"floor":31,"key":"Poison Potion"}],"is_trial":false,"path_per_floor":["M","M","M","$","$","R","M","?","T","R","?","R","E","?","R","B",null,"M","?","M","$","M","E","R","M","T","R","E","R","E","M","R","B"],"character_chosen":"THE_SILENT","items_purchased":["Bouncing Flask","Crippling Poison","Endless Agony","Well Laid Plans","Deflect","PreservedInsect"],"campfire_rested":1,"item_purchase_floors":[4,4,5,21,21,21],"current_hp_per_floor":[45,43,42,42,42,42,34,57,57,57,57,57,55,43,43,24,59,48,70,59,59,47,36,36,25,25,48,46,46,44,41,41,0],"gold":289,"neow_bonus":"ONE_RARE_RELIC","is_prod":false,"is_daily":false,"chose_seed":false,"campfire_upgraded":1,"win_rate":0,"timestamp":1565216347,"path_taken":["M","M","M","?","$","R","M","?","T","R","?","R","E","?","R","BOSS","M","?","M","$","M","E","R","M","T","R","E","R","E","?","R","BOSS"],"build_version":"2019-07-18","purchased_purges":1,"victory":false,"max_hp_per_floor":[70,70,70,70,70,70,70,70,70,70,70,70,70,70,70,70,70,70,70,70,70,70,77,77,77,77,77,77,77,77,77,77,77],"card_choices":[{"not_picked":["Heel Hook","Acrobatics"],"picked":"Blade Dance","floor":1.0},{"not_picked":["Slice","Quick Slash"],"picked":"Infinite Blades","floor":2.0},{"not_picked":["Dagger Throw","Prepared"],"picked":"Dash","floor":3.0},{"not_picked":["Acrobatics","Blade Dance"],"picked":"Deadly Poison","floor":7.0},{"not_picked":["Caltrops","Dagger Throw","Endless Agony"],"picked":"SKIP","floor":13.0},{"not_picked":["Doppelganger","Adrenaline"],"picked":"Wraith Form v2","floor":16.0},{"not_picked":["Terror","Dagger Spray"],"picked":"Bouncing Flask","floor":18.0},{"not_picked":["Riddle With Holes","Bane"],"picked":"Dodge and Roll+1","floor":20.0},{"not_picked":["Quick Slash","Sucker Punch"],"picked":"Dodge and Roll+1","floor":22.0},{"not_picked":["Dagger Spray","Corpse Explosion"],"picked":"Leg Sweep","floor":23.0},{"not_picked":["Blade Dance","Sucker Punch"],"picked":"PiercingWail","floor":25},{"not_picked":["Dodge and Roll","Concentrate"],"picked":"Corpse Explosion","floor":28},{"not_picked":["Escape Plan","Quick Slash"],"picked":"Blur","floor":30},{"not_picked":["Deflect","Bouncing Flask"],"picked":"Blur","floor":31}],"player_experience":240215,"relics_obtained":[{"floor":6.0,"key":"Mercury Hourglass"},{"floor":9.0,"key":"Letter Opener"},{"floor":10.0,"key":"Bronze Scales"},{"floor":12.0,"key":"Gremlin Horn"},{"floor":13.0,"key":"Art of War"},{"floor":14.0,"key":"Bottled Lightning"},{"floor":15.0,"key":"Smiling Mask"},{"floor":23.0,"key":"Strawberry"},{"floor":26,"key":"Omamori"},{"floor":28,"key":"Paper Crane"},{"floor":29,"key":"Oddly Smooth Stone"},{"floor":30,"key":"MawBank"},{"floor":32,"key":"Lantern"}],"event_choices":[{"damage_healed":23.0,"max_hp_gain":0.0,"max_hp_loss":0.0,"gold_gain":0.0,"event_name":"Big Fish","player_choice":"Banana","floor":8.0,"gold_loss":0.0,"damage_taken":0.0},{"damage_healed":0.0,"max_hp_gain":0.0,"max_hp_loss":0.0,"gold_gain":175.0,"event_name":"Liars Game","player_choice":"AGREE","floor":11.0,"gold_loss":0.0,"damage_taken":0.0,"cards_obtained":["Doubt"]},{"damage_healed":0.0,"max_hp_gain":0.0,"max_hp_loss":0.0,"gold_gain":30.0,"event_name":"Dead Adventurer","player_choice":"Searched \u00273\u0027 times","floor":14.0,"gold_loss":0.0,"damage_taken":0.0},{"cards_removed":["Infinite Blades"],"damage_healed":22.0,"max_hp_gain":0.0,"max_hp_loss":0.0,"gold_gain":0.0,"event_name":"Bonfire Elementals","player_choice":"Offered Uncommon","floor":19.0,"gold_loss":0.0,"damage_taken":0.0}],"is_beta":true,"boss_relics":[{"not_picked":["Runic Pyramid","Busted Crown"],"picked":"Ring of the Serpent"}],"items_purged_floors":[21],"is_endless":false,"potions_floor_spawned":[1,2,3,18,23,25,31],"killed_by":"Automaton","ascension_level":12}