{"gold_per_floor":[364,314,314,331,346,365,365,380,380,405,405,18,54,54,54,54],"floor_reached":16,"playtime":754,"items_purged":["Doubt"],"score":110,"play_id":"d9be491f-4092-4bc7-888c-311f177cee8e","local_time":"20181229201916","is_ascension_mode":false,"campfire_choices":[{"data":"Defragment","floor":7,"key":"SMITH"},{"floor":15,"key":"REST"}],"neow_cost":"CURSE","seed_source_timestamp":23667717373585,"circlet_count":0,"master_deck":["Strike_B","Strike_B","Strike_B","Defend_B","Defend_B+1","Defend_B","Defend_B","Zap","Dualcast","Static Discharge","Go for the Eyes","Defragment+1","Capacitor","Steam","Turbo+1","Loop","Static Discharge"],"relics":["Cracked Core","Nunchaku","Kunai","Golden Idol","PreservedInsect","Dead Branch"],"potions_floor_usage":[10,16],"damage_taken":[{"damage":6,"enemies":"Jaw Worm","floor":1,"turns":3},{"damage":0,"enemies":"Small Slimes","floor":4,"turns":3},{"damage":1,"enemies":"Cultist","floor":5,"turns":3},{"damage":12,"enemies":"3 Louse","floor":6,"turns":3},{"damage":5,"enemies":"Large Slime","floor":8,"turns":5},{"damage":10,"enemies":"Gremlin Nob","floor":10,"turns":3},{"damage":8,"enemies":"Lagavulin","floor":13,"turns":7},{"damage":31,"enemies":"Slime Boss","floor":16,"turns":8}],"seed_played":"-6672975481160834888","potions_obtained":[{"floor":1,"key":"Fire Potion"},{"floor":6,"key":"GamblersBrew"},{"floor":8,"key":"SteroidPotion"}],"is_trial":false,"path_per_floor":["M","?","?","M","M","M","R","M","T","E","?","$","E","?","R","B"],"character_chosen":"DEFECT","items_purchased":["PreservedInsect","Steam","Turbo","Loop"],"campfire_rested":1,"item_purchase_floors":[12,12,12,12],"current_hp_per_floor":[69,69,75,75,74,62,62,57,57,47,29,29,21,6,28,0],"gold":54,"neow_bonus":"TWO_FIFTY_GOLD","is_prod":false,"is_daily":false,"chose_seed":false,"campfire_upgraded":1,"win_rate":0,"timestamp":1546075156,"path_taken":["M","?","?","?","M","M","R","M","T","E","?","$","E","?","R","BOSS"],"build_version":"2018-12-20","purchased_purges":1,"victory":false,"max_hp_per_floor":[75,75,75,75,75,75,75,75,75,75,75,75,75,75,75,75],"card_choices":[{"not_picked":["Hologram","Steam"],"picked":"Chaos","floor":1},{"not_picked":["Darkness","Stack"],"picked":"Static Discharge","floor":4},{"not_picked":["Barrage","Double Energy"],"picked":"Go for the Eyes","floor":5},{"not_picked":["Stack","Force Field"],"picked":"Defragment","floor":6},{"not_picked":["Force Field","Compile Driver","Leap"],"picked":"SKIP","floor":8},{"not_picked":["Consume","Beam Cell"],"picked":"Capacitor","floor":10},{"not_picked":["Hologram","Tempest"],"picked":"Static Discharge","floor":13}],"player_experience":350901,"relics_obtained":[{"floor":9,"key":"Nunchaku"},{"floor":10,"key":"Kunai"},{"floor":13,"key":"Dead Branch"}],"event_choices":[{"cards_removed":["Strike_B"],"damage_healed":0,"gold_gain":0,"player_choice":"Card Removal","damage_taken":0,"max_hp_gain":0,"max_hp_loss":0,"event_name":"The Cleric","floor":2,"gold_loss":50},{"cards_removed":["Chaos"],"damage_healed":6,"gold_gain":0,"player_choice":"Offered Uncommon","damage_taken":0,"max_hp_gain":0,"max_hp_loss":0,"event_name":"Bonfire Elementals","floor":3,"gold_loss":0},{"damage_healed":0,"gold_gain":0,"player_choice":"Take Damage","damage_taken":18,"relics_obtained":["Golden Idol"],"max_hp_gain":0,"max_hp_loss":0,"event_name":"Golden Idol","floor":11,"gold_loss":0},{"damage_healed":0,"gold_gain":0,"player_choice":"Entered Light","damage_taken":15,"max_hp_gain":0,"max_hp_loss":0,"event_name":"Shining Light","floor":14,"gold_loss":0,"cards_upgraded":["Turbo","Defend_B"]}],"is_beta":false,"boss_relics":[],"items_purged_floors":[12],"is_endless":false,"potions_floor_spawned":[1,6,8],"killed_by":"Slime Boss","ascension_level":0}