{"gold_per_floor":[115,129,148,167,8,35,35,35,35,53,70,32,50,66,66,166,166,183,201,20,20,20,49,49,68,68,5,23,40,40,58,58,58],"floor_reached":33,"playtime":4657,"items_purged":["Berserk"],"score":273,"play_id":"7417165f-a33e-42e5-8533-0091f7858056","local_time":"20190223102800","is_ascension_mode":false,"campfire_choices":[{"floor":8.0,"key":"REST"},{"data":"Metallicize","floor":15.0,"key":"SMITH"},{"floor":24,"key":"REST"},{"floor":32,"key":"REST"}],"neow_cost":"","seed_source_timestamp":0,"circlet_count":0,"master_deck":["Strike_R+1","Strike_R+1","Strike_R+1","Strike_R+1","Strike_R+1","Defend_R+1","Defend_R+1","Defend_R+1","Bash","Reckless Charge","Perfected Strike","Shrug It Off","Perfected Strike","Twin Strike","Metallicize","Intimidate","Cleave","Fire Breathing","Infernal Blade+1","Ghostly Armor+1","Metallicize+1","Flex+1","Bludgeon","Uppercut+1","Infernal Blade+1","Deep Breath+1","True Grit+1","Impervious+1","Seeing Red+1","Shrug It Off+1","Entrench+1","Decay","Rampage"],"special_seed":0,"relics":["Burning Blood","Toxic Egg 2","Mercury Hourglass","Sozu","Darkstone Periapt","Juzu Bracelet","Matryoshka"],"potions_floor_usage":[],"damage_taken":[{"damage":8.0,"enemies":"Jaw Worm","floor":1.0,"turns":4.0},{"damage":5.0,"enemies":"Cultist","floor":2.0,"turns":4.0},{"damage":2.0,"enemies":"2 Louse","floor":3.0,"turns":3.0},{"damage":11.0,"enemies":"Red Slaver","floor":4.0,"turns":4.0},{"damage":27.0,"enemies":"Lagavulin","floor":6.0,"turns":6.0},{"damage":5.0,"enemies":"Looter","floor":10.0,"turns":2.0},{"damage":0.0,"enemies":"2 Fungi Beasts","floor":11.0,"turns":2.0},{"damage":0.0,"enemies":"Red Slaver","floor":13.0,"turns":2.0},{"damage":7.0,"enemies":"3 Louse","floor":14.0,"turns":3.0},{"damage":45.0,"enemies":"The Guardian","floor":16.0,"turns":7.0},{"damage":6.0,"enemies":"Shell Parasite","floor":18.0,"turns":4.0},{"damage":20.0,"enemies":"2 Thieves","floor":19.0,"turns":3.0},{"damage":20.0,"enemies":"Book of Stabbing","floor":23.0,"turns":4.0},{"damage":13,"enemies":"Sentry and Sphere","floor":25,"turns":4},{"damage":8,"enemies":"Snecko","floor":28,"turns":3},{"damage":10,"enemies":"Shelled Parasite and Fungi","floor":29,"turns":4},{"damage":13,"enemies":"Centurion and Healer","floor":31,"turns":4},{"damage":116,"enemies":"Champ","floor":33,"turns":15}],"seed_played":"3667967644051112129","potions_obtained":[{"floor":1.0,"key":"PowerPotion"},{"floor":11.0,"key":"LiquidBronze"},{"floor":13.0,"key":"PowerPotion"},{"floor":14.0,"key":"FearPotion"}],"is_trial":false,"path_per_floor":["M","M","M","M","$","E","?","R","T","M","M","$","M","M","R","B",null,"M","M","$","?","$","E","R","M","T","?","M","M","?","M","R","B"],"character_chosen":"IRONCLAD","items_purchased":["Twin Strike","Metallicize","Intimidate","Ghostly Armor+1","Deep Breath+1","True Grit+1"],"campfire_rested":3,"item_purchase_floors":[5,5,5,12,20,20],"current_hp_per_floor":[78,79,80,75,75,54,54,78,78,79,80,80,80,79,79,40,80,80,66,66,66,66,52,76,69,69,69,67,63,69,62,86,0],"gold":58,"neow_bonus":"","is_prod":false,"is_daily":false,"chose_seed":false,"campfire_upgraded":1,"win_rate":0.0,"timestamp":1550942880,"path_taken":["M","M","M","M","$","E","?","R","T","M","M","?","M","M","R","BOSS","M","M","$","?","$","E","R","M","T","?","M","M","?","M","R","BOSS"],"build_version":"2019-01-23","purchased_purges":1,"victory":false,"max_hp_per_floor":[80,80,80,80,80,80,80,80,80,80,80,80,80,80,80,80,80,80,80,80,80,80,80,80,80,80,80,80,80,86,86,86,86],"card_choices":[{"not_picked":["Corruption","Sever Soul"],"picked":"Reckless Charge","floor":1.0},{"not_picked":["Disarm","Reckless Charge"],"picked":"Perfected Strike","floor":2.0},{"not_picked":["Perfected Strike","Battle Trance"],"picked":"Shrug It Off","floor":3.0},{"not_picked":["Metallicize","Warcry"],"picked":"Perfected Strike","floor":4.0},{"not_picked":["Headbutt","Clash"],"picked":"Cleave","floor":6.0},{"not_picked":["Cleave","Thunderclap"],"picked":"Infernal Blade+1","floor":10.0},{"not_picked":["Iron Wave","Twin Strike"],"picked":"Berserk","floor":11.0},{"not_picked":["Hemokinesis","Headbutt"],"picked":"Metallicize","floor":13.0},{"not_picked":["Thunderclap","Combust"],"picked":"Flex+1","floor":14.0},{"not_picked":["Reaper","Brutality"],"picked":"Bludgeon","floor":16.0},{"not_picked":["Perfected Strike","Hemokinesis+1"],"picked":"Uppercut+1","floor":18.0},{"not_picked":["Perfected Strike","Body Slam+1"],"picked":"Infernal Blade+1","floor":19.0},{"not_picked":["Iron Wave","Armaments+1"],"picked":"Impervious+1","floor":23.0},{"not_picked":["Thunderclap+1","Armaments+1"],"picked":"Seeing Red+1","floor":25},{"not_picked":["Pummel+1","Sword Boomerang"],"picked":"Shrug It Off+1","floor":28},{"not_picked":["Clothesline","Flex+1"],"picked":"Entrench+1","floor":29},{"not_picked":["True Grit+1","Power Through+1"],"picked":"Rampage","floor":31}],"player_experience":0,"relics_obtained":[{"floor":6.0,"key":"Toxic Egg 2"},{"floor":9.0,"key":"Mercury Hourglass"},{"floor":23.0,"key":"Darkstone Periapt"},{"floor":26,"key":"Juzu Bracelet"}],"event_choices":[{"damage_healed":0.0,"max_hp_gain":0.0,"max_hp_loss":0.0,"gold_gain":0.0,"cards_transformed":["Defend_R"],"event_name":"Transmorgrifier","player_choice":"Transformed","floor":7.0,"gold_loss":0.0,"damage_taken":0.0,"cards_obtained":["Fire Breathing"]},{"damage_healed":0.0,"max_hp_gain":0.0,"max_hp_loss":0.0,"gold_gain":0.0,"event_name":"Back to Basics","player_choice":"Simplicity","floor":21.0,"gold_loss":0.0,"damage_taken":0.0,"cards_upgraded":["Strike_R","Strike_R","Strike_R","Strike_R","Strike_R","Defend_R","Defend_R","Defend_R"]},{"damage_healed":0,"gold_gain":0,"player_choice":"Paid Gold","damage_taken":0,"relics_obtained":["Matryoshka"],"max_hp_gain":0,"max_hp_loss":0,"event_name":"WeMeetAgain","floor":27,"gold_loss":63},{"damage_healed":0,"gold_gain":0,"player_choice":"Smashed Altar","damage_taken":0,"max_hp_gain":0,"max_hp_loss":0,"event_name":"Forgotten Altar","floor":30,"gold_loss":0,"cards_obtained":["Decay"]}],"is_beta":false,"boss_relics":[{"not_picked":["Philosopher\u0027s Stone","Runic Cube"],"picked":"Sozu"}],"items_purged_floors":[20],"is_endless":false,"potions_floor_spawned":[1,11,13,14,18,25,28],"killed_by":"Champ","ascension_level":0}