{"gold_per_floor":[115,115,265,68,79,111,128,162,187,187,217,217,234,260,260,334,334,334],"floor_reached":18,"playtime":557,"items_purged":["Doubt"],"score":426,"play_id":"a41a7341-e354-4a03-80ff-4e814251a1ef","local_time":"20190508145446","is_ascension_mode":true,"campfire_choices":[{"data":"Armaments","floor":10.0,"key":"SMITH"},{"floor":15.0,"key":"REST"}],"neow_cost":"NONE","seed_source_timestamp":1401531751703108,"circlet_count":0,"master_deck":["AscendersBane","Strike_R","Strike_R","Defend_R","Defend_R","Defend_R","Defend_R+1","Bash+1","Armaments+1","Shockwave","Whirlwind","Shrug It Off","Feel No Pain","Spot Weakness","Demon Form","Impervious"],"special_seed":0,"relics":["Burning Blood","NeowsBlessing","Ancient Tea Set","Red Skull","Smiling Mask","Potion Belt","Regal Pillow","Empty Cage"],"potions_floor_usage":[],"damage_taken":[{"damage":0.0,"enemies":"Jaw Worm","floor":1.0,"turns":1.0},{"damage":0.0,"enemies":"Small Slimes","floor":5.0,"turns":1.0},{"damage":0.0,"enemies":"3 Sentries","floor":6.0,"turns":1.0},{"damage":3.0,"enemies":"2 Louse","floor":7.0,"turns":4.0},{"damage":30.0,"enemies":"Gremlin Nob","floor":8.0,"turns":4.0},{"damage":9.0,"enemies":"3 Sentries","floor":11.0,"turns":5.0},{"damage":3.0,"enemies":"Looter","floor":13.0,"turns":3.0},{"damage":32.0,"enemies":"Gremlin Nob","floor":14.0,"turns":4.0},{"damage":18,"enemies":"Slime Boss","floor":16,"turns":7},{"damage":34,"enemies":"Spheric Guardian","floor":18,"turns":9}],"seed_played":"6283716273243633492","potions_obtained":[{"floor":5.0,"key":"Ancient Potion"},{"floor":8.0,"key":"SmokeBomb"},{"floor":11.0,"key":"BloodPotion"},{"floor":14.0,"key":"LiquidBronze"},{"floor":16,"key":"GamblersBrew"}],"is_trial":false,"path_per_floor":["M","?","?","$","M","E","M","E","T","R","E","?","M","E","R","B",null,"M"],"character_chosen":"IRONCLAD","items_purchased":["Shockwave","Whirlwind"],"campfire_rested":1,"item_purchase_floors":[4,4],"current_hp_per_floor":[74,51,51,51,57,63,66,42,42,42,39,32,35,16,53,41,67,33],"gold":334,"neow_bonus":"THREE_ENEMY_KILL","is_prod":false,"is_daily":false,"chose_seed":false,"campfire_upgraded":1,"win_rate":0,"timestamp":1557298486,"path_taken":["M","?","?","$","M","E","?","E","T","R","E","?","M","E","R","BOSS","M"],"build_version":"2019-01-23","purchased_purges":1,"victory":false,"max_hp_per_floor":[75,75,75,75,75,75,75,75,75,75,75,75,75,75,75,75,75,75],"card_choices":[{"not_picked":["Perfected Strike","Cleave"],"picked":"Armaments","floor":1.0},{"not_picked":["Sever Soul","True Grit"],"picked":"Shrug It Off","floor":5.0},{"not_picked":["Hemokinesis","Limit Break"],"picked":"Feel No Pain","floor":6.0},{"not_picked":["Shrug It Off","Warcry"],"picked":"Spot Weakness","floor":7.0},{"not_picked":["Seeing Red","Exhume","Heavy Blade"],"picked":"SKIP","floor":8.0},{"not_picked":["Havoc","True Grit"],"picked":"Demon Form","floor":11.0},{"not_picked":["Blood for Blood","Sentinel","Cleave"],"picked":"SKIP","floor":13.0},{"not_picked":["Armaments","Brutality","Thunderclap"],"picked":"SKIP","floor":14.0},{"not_picked":["Berserk","Bludgeon"],"picked":"Impervious","floor":16}],"player_experience":828532,"relics_obtained":[{"floor":6.0,"key":"Ancient Tea Set"},{"floor":8.0,"key":"Red Skull"},{"floor":9.0,"key":"Smiling Mask"},{"floor":11.0,"key":"Potion Belt"},{"floor":14.0,"key":"Regal Pillow"}],"event_choices":[{"damage_healed":0.0,"max_hp_gain":0.0,"max_hp_loss":0.0,"gold_gain":0.0,"event_name":"Shining Light","player_choice":"Entered Light","floor":2.0,"gold_loss":0.0,"damage_taken":23.0,"cards_upgraded":["Bash","Defend_R"]},{"damage_healed":0.0,"max_hp_gain":0.0,"max_hp_loss":0.0,"gold_gain":150.0,"event_name":"Liars Game","player_choice":"AGREE","floor":3.0,"gold_loss":0.0,"damage_taken":0.0,"cards_obtained":["Doubt"]},{"cards_removed":["Strike_R"],"damage_healed":0.0,"max_hp_gain":0.0,"max_hp_loss":0.0,"gold_gain":0.0,"event_name":"Golden Wing","player_choice":"Card Removal","floor":12.0,"gold_loss":0.0,"damage_taken":7.0}],"is_beta":false,"boss_relics":[{"not_picked":["Orrery","Black Star"],"picked":"Empty Cage"}],"items_purged_floors":[4],"is_endless":false,"potions_floor_spawned":[5,8,11,14,16],"killed_by":"Spheric Guardian","ascension_level":20}