{"gold_per_floor":[112,112,187,200,210,210,225,236,236,236,161,176,194,94,94,189,189,207,132,132,132,152,152,163,188,242,41,59,109,121,141,141,245,245,264,264,278,278],"floor_reached":38,"playtime":896,"items_purged":["Strike_R","Strike_R","Barricade"],"score":370,"play_id":"9381cced-3056-49d3-878d-0b3ee0483f95","local_time":"20190701005521","is_ascension_mode":false,"campfire_choices":[{"data":"Whirlwind","floor":6.0,"key":"SMITH"},{"data":"Armaments","floor":10.0,"key":"SMITH"},{"data":"Spot Weakness","floor":15.0,"key":"SMITH"},{"data":"Limit Break","floor":23.0,"key":"SMITH"},{"floor":32.0,"key":"REST"}],"neow_cost":"TEN_PERCENT_HP_LOSS","seed_source_timestamp":533524051450806,"circlet_count":0,"master_deck":["Defend_R","Defend_R","Defend_R","Defend_R","Spot Weakness+1","Whirlwind+1","Armaments+1","Limit Break+1","Shrug It Off","Sword Boomerang+1","Battle Trance","Double Tap"],"special_seed":0,"relics":["Burning Blood","Letter Opener","Empty Cage","Whetstone","Strawberry","Fusion Hammer"],"potions_floor_usage":[35,37],"damage_taken":[{"damage":4.0,"enemies":"2 Louse","floor":1.0,"turns":4.0},{"damage":8.0,"enemies":"Jaw Worm","floor":4.0,"turns":3.0},{"damage":6.0,"enemies":"Cultist","floor":5.0,"turns":3.0},{"damage":25.0,"enemies":"Exordium Thugs","floor":7.0,"turns":3.0},{"damage":7.0,"enemies":"Blue Slaver","floor":8.0,"turns":3.0},{"damage":5.0,"enemies":"Lots of Slimes","floor":12.0,"turns":2.0},{"damage":5.0,"enemies":"Looter","floor":13.0,"turns":3.0},{"damage":35.0,"enemies":"The Guardian","floor":16.0,"turns":10.0},{"damage":23.0,"enemies":"Spheric Guardian","floor":18.0,"turns":5.0},{"damage":5.0,"enemies":"Shell Parasite","floor":22.0,"turns":6.0},{"damage":28.0,"enemies":"Snake Plant","floor":24.0,"turns":6.0},{"damage":7.0,"enemies":"3 Cultists","floor":28.0,"turns":3.0},{"damage":6.0,"enemies":"Shelled Parasite and Fungi","floor":30.0,"turns":3.0},{"damage":8.0,"enemies":"Snake Plant","floor":31.0,"turns":2.0},{"damage":34.0,"enemies":"Champ","floor":33.0,"turns":7.0},{"damage":47,"enemies":"3 Shapes","floor":35,"turns":2},{"damage":11,"enemies":"3 Darklings","floor":37,"turns":4},{"damage":0,"enemies":"Mind Bloom Boss Battle","floor":38,"turns":1}],"seed_played":"3520039414963359609","potions_obtained":[{"floor":5.0,"key":"Poison Potion"},{"floor":12.0,"key":"LiquidBronze"},{"floor":13.0,"key":"Strength Potion"},{"floor":22.0,"key":"Block Potion"},{"floor":24.0,"key":"Energy Potion"},{"floor":30.0,"key":"SteroidPotion"},{"floor":37,"key":"FearPotion"}],"is_trial":false,"path_per_floor":["M","?","?","M","M","R","M","M","T","R","$","M","M","$","R","B",null,"M","?","?","?","M","R","M","T","T","$","M","?","M","M","R","B",null,"M","?","M","?"],"character_chosen":"IRONCLAD","items_purchased":["Battle Trance"],"campfire_rested":1,"item_purchase_floors":[27],"current_hp_per_floor":[72,72,61,59,59,59,40,39,39,39,39,40,41,41,41,12,72,55,55,55,42,43,43,21,21,28,28,27,27,27,25,50,22,84,43,43,38,38],"gold":278,"neow_bonus":"THREE_RARE_CARDS","is_prod":false,"is_daily":false,"chose_seed":false,"campfire_upgraded":4,"win_rate":0,"timestamp":1561913721,"path_taken":["M","?","?","M","M","R","M","M","T","R","?","M","M","$","R","BOSS","M","?","?","?","M","R","M","?","T","$","?","?","?","M","R","BOSS","M","?","M","?"],"build_version":"2019-01-23","purchased_purges":3,"victory":false,"max_hp_per_floor":[72,72,72,72,72,72,72,72,72,72,72,72,72,72,72,72,72,72,72,72,77,77,77,77,77,84,84,84,84,84,84,84,84,84,84,80,80,80],"card_choices":[{"not_picked":["Reaper","Bludgeon"],"picked":"Barricade","floor":0.0},{"not_picked":["Iron Wave","Feel No Pain","Clothesline"],"picked":"SKIP","floor":1.0},{"not_picked":["Reckless Charge","Entrench"],"picked":"Whirlwind","floor":4.0},{"not_picked":["Thunderclap","Iron Wave","Flame Barrier"],"picked":"SKIP","floor":5.0},{"not_picked":["Perfected Strike","Evolve"],"picked":"Armaments","floor":7.0},{"not_picked":["Combust","Sever Soul"],"picked":"Limit Break","floor":8.0},{"not_picked":["Intimidate","Metallicize"],"picked":"Shrug It Off","floor":12.0},{"not_picked":["Spot Weakness","Clothesline","Rampage"],"picked":"SKIP","floor":13.0},{"not_picked":["Infernal Blade","Ghostly Armor","Second Wind"],"picked":"SKIP","floor":18.0},{"not_picked":["Heavy Blade","Body Slam","Flame Barrier"],"picked":"SKIP","floor":22.0},{"not_picked":["Cleave","Headbutt+1"],"picked":"Sword Boomerang","floor":24.0},{"not_picked":["Sentinel","Wild Strike+1","Heavy Blade"],"picked":"SKIP","floor":28.0},{"not_picked":["Entrench","Heavy Blade","Clash"],"picked":"SKIP","floor":30.0},{"not_picked":["Thunderclap","Warcry+1","Whirlwind"],"picked":"SKIP","floor":31.0},{"not_picked":["Dark Embrace","Feed"],"picked":"Double Tap","floor":33.0},{"not_picked":["Battle Trance+1","Perfected Strike+1","Hemokinesis"],"picked":"SKIP","floor":35},{"not_picked":["Blood for Blood+1","Entrench+1","Dual Wield"],"picked":"SKIP","floor":37}],"player_experience":1020405,"relics_obtained":[{"floor":9.0,"key":"Letter Opener"},{"floor":25.0,"key":"Whetstone"},{"floor":26.0,"key":"Strawberry"}],"event_choices":[{"damage_healed":0.0,"max_hp_gain":0.0,"max_hp_loss":0.0,"gold_gain":0.0,"cards_transformed":["Strike_R"],"event_name":"Living Wall","player_choice":"Change","floor":2.0,"gold_loss":0.0,"damage_taken":0.0,"cards_obtained":["Spot Weakness"]},{"damage_healed":0.0,"max_hp_gain":0.0,"max_hp_loss":0.0,"gold_gain":75.0,"event_name":"World of Goop","player_choice":"Gather Gold","floor":3.0,"gold_loss":0.0,"damage_taken":11.0},{"cards_removed":["Bash"],"damage_healed":0.0,"max_hp_gain":0.0,"max_hp_loss":0.0,"gold_gain":0.0,"event_name":"Beggar","player_choice":"Gave Gold","floor":19.0,"gold_loss":75.0,"damage_taken":0.0},{"damage_healed":0.0,"max_hp_gain":0.0,"max_hp_loss":0.0,"gold_gain":0.0,"event_name":"Vampires","player_choice":"Ignored","floor":20.0,"gold_loss":0.0,"damage_taken":0.0},{"damage_healed":0.0,"max_hp_gain":5.0,"max_hp_loss":0.0,"gold_gain":0.0,"event_name":"Forgotten Altar","player_choice":"Shed Blood","floor":21.0,"gold_loss":0.0,"damage_taken":18.0},{"damage_healed":0.0,"max_hp_gain":0.0,"max_hp_loss":0.0,"gold_gain":100.0,"event_name":"The Joust","player_choice":"Bet on Murderer","floor":29.0,"gold_loss":50.0,"damage_taken":0.0},{"damage_healed":0,"gold_gain":0,"player_choice":"Max HP","damage_taken":0,"max_hp_gain":0,"max_hp_loss":4,"event_name":"Winding Halls","floor":36,"gold_loss":0},{"damage_healed":0,"gold_gain":0,"player_choice":"Fight","damage_taken":0,"max_hp_gain":0,"max_hp_loss":0,"event_name":"MindBloom","floor":38,"gold_loss":0}],"is_beta":false,"boss_relics":[{"not_picked":["Velvet Choker","Runic Dome"],"picked":"Empty Cage"},{"not_picked":["White Beast Statue","Runic Pyramid"],"picked":"Fusion Hammer"}],"items_purged_floors":[11,14,27],"is_endless":false,"potions_floor_spawned":[5,12,13,22,24,30,37],"killed_by":"Mind Bloom Boss Battle","ascension_level":0}