{"gold_per_floor":[117,192,207,207,282,311,236,236,261,275,305,316,316,328,328,328],"floor_reached":16,"playtime":212,"items_purged":["Bash"],"score":135,"play_id":"f0a4da85-7537-4fa8-9352-e62c28da0674","local_time":"20190522182034","is_ascension_mode":false,"campfire_choices":[{"data":"Thunderclap","floor":13,"key":"SMITH"},{"floor":15,"key":"REST"}],"neow_cost":"NONE","seed_source_timestamp":113514476293526,"circlet_count":0,"master_deck":["Strike_R","Strike_R","Strike_R","Strike_R","Defend_R","Defend_R","Defend_R","Defend_R","Thunderclap+1"],"relics":["Burning Blood","NeowsBlessing","Pen Nib","Orichalcum","Matryoshka"],"potions_floor_usage":[14],"damage_taken":[{"damage":0,"enemies":"2 Louse","floor":1,"turns":1},{"damage":0,"enemies":"Cultist","floor":3,"turns":1},{"damage":0,"enemies":"3 Sentries","floor":6,"turns":2},{"damage":2,"enemies":"Small Slimes","floor":10,"turns":3},{"damage":36,"enemies":"Lagavulin","floor":11,"turns":6},{"damage":7,"enemies":"Blue Slaver","floor":12,"turns":3},{"damage":0,"enemies":"3 Louse","floor":14,"turns":3},{"damage":0,"enemies":"Hexaghost","floor":16,"turns":1}],"seed_played":"4967968215961468738","potions_obtained":[{"floor":3,"key":"Fire Potion"},{"floor":6,"key":"SpeedPotion"},{"floor":14,"key":"Dexterity Potion"}],"is_trial":false,"path_per_floor":["M","?","M","?","?","E","$","?","T","M","E","M","R","M","R","B"],"character_chosen":"IRONCLAD","items_purchased":[],"campfire_rested":1,"item_purchase_floors":[],"current_hp_per_floor":[80,72,78,78,67,73,73,66,66,70,40,39,39,45,69,69],"gold":328,"neow_bonus":"THREE_ENEMY_KILL","is_prod":false,"is_daily":false,"chose_seed":false,"campfire_upgraded":1,"win_rate":0,"timestamp":1558520434,"path_taken":["M","?","?","?","?","E","$","?","T","M","E","M","R","M","R","BOSS"],"build_version":"2019-01-23","purchased_purges":1,"victory":false,"max_hp_per_floor":[80,80,80,80,80,80,80,80,80,80,80,80,80,80,80,80],"card_choices":[{"not_picked":["Heavy Blade","Feel No Pain"],"picked":"Thunderclap","floor":1},{"not_picked":["Disarm","Havoc","Cleave"],"picked":"SKIP","floor":3},{"not_picked":["True Grit","Corruption","Clash"],"picked":"SKIP","floor":6},{"not_picked":["Feel No Pain","Carnage","Warcry"],"picked":"SKIP","floor":10},{"not_picked":["Warcry","Anger","Blood for Blood"],"picked":"SKIP","floor":11},{"not_picked":["Dual Wield","Ghostly Armor","Twin Strike"],"picked":"SKIP","floor":12},{"not_picked":["Seeing Red","Shrug It Off","Twin Strike"],"picked":"SKIP","floor":14}],"player_experience":926066,"relics_obtained":[{"floor":6,"key":"Pen Nib"},{"floor":9,"key":"Orichalcum"},{"floor":11,"key":"Matryoshka"}],"event_choices":[{"damage_healed":0,"gold_gain":75,"player_choice":"Touch","damage_taken":8,"max_hp_gain":0,"max_hp_loss":0,"event_name":"FaceTrader","floor":2,"gold_loss":0},{"damage_healed":0,"gold_gain":0,"player_choice":"Ignored","damage_taken":0,"max_hp_gain":0,"max_hp_loss":0,"event_name":"Liars Game","floor":4,"gold_loss":0},{"damage_healed":0,"gold_gain":75,"player_choice":"Gather Gold","damage_taken":11,"max_hp_gain":0,"max_hp_loss":0,"event_name":"World of Goop","floor":5,"gold_loss":0},{"cards_removed":["Strike_R"],"damage_healed":0,"gold_gain":0,"player_choice":"Card Removal","damage_taken":7,"max_hp_gain":0,"max_hp_loss":0,"event_name":"Golden Wing","floor":8,"gold_loss":0}],"is_beta":false,"boss_relics":[],"items_purged_floors":[7],"is_endless":false,"potions_floor_spawned":[3,6,14],"killed_by":"Hexaghost","ascension_level":0}