{"gold_per_floor":[211,6,6,81,81,81,125,137,195,225,17,17,31,4,4,133,133,148,148,148,148,148,148,148,148,148,148,148,172,172,11,11,11],"floor_reached":33,"playtime":925,"items_purged":[],"score":294,"play_id":"21358cf6-5cd5-432a-9ce7-6539536d9420","local_time":"20190208121515","is_ascension_mode":true,"campfire_choices":[{"floor":6,"key":"REST"},{"floor":8,"key":"REST"},{"floor":15,"key":"REST"},{"data":"Venomology","floor":23,"key":"SMITH"},{"data":"Noxious Fumes","floor":25,"key":"SMITH"},{"data":"Noxious Fumes","floor":27,"key":"SMITH"},{"floor":32,"key":"REST"}],"neow_cost":"NONE","seed_source_timestamp":275771340692279,"circlet_count":0,"master_deck":["Defend_G","Defend_G","Defend_G","Defend_G","Defend_G","Strike_G","Strike_G","Strike_G","Survivor","Neutralize","Bane","Quick Slash","A Thousand Cuts+1","Poisoned Stab","Noxious Fumes+1","Noxious Fumes+1","Cloak And Dagger","Venomology+1","Bouncing Flask","Skewer","Quick Slash","Writhe","Dagger Throw","After Image","Deflect+1"],"relics":["Ring of the Snake","Membership Card","Golden Idol","MawBank","Bronze Scales","Juzu Bracelet","TheAbacus","Eternal Feather","Toxic Egg 2","Potion Belt","Gremlin Horn","Ornamental Fan","PreservedInsect"],"potions_floor_usage":[16,18,30,33],"damage_taken":[{"damage":5,"enemies":"2 Louse","floor":1,"turns":3},{"damage":51,"enemies":"Gremlin Nob","floor":7,"turns":6},{"damage":3,"enemies":"Jaw Worm","floor":10,"turns":3},{"damage":1,"enemies":"Small Slimes","floor":13,"turns":3},{"damage":13,"enemies":"The Guardian","floor":16,"turns":9},{"damage":22,"enemies":"3 Byrds","floor":18,"turns":3},{"damage":18,"enemies":"Spheric Guardian","floor":29,"turns":4},{"damage":4,"enemies":"Masked Bandits","floor":30,"turns":2},{"damage":88,"enemies":"Collector","floor":33,"turns":7}],"seed_played":"4520780368351070300","potions_obtained":[{"floor":13,"key":"Weak Potion"}],"is_trial":false,"path_per_floor":["M","$","?","?","?","R","E","R","T","M","$","?","M","$","R","B",null,"M","T","?","?","?","R","?","R","T","R","T","M","?","$","R","B"],"character_chosen":"THE_SILENT","items_purchased":["Membership Card","Quick Slash","Noxious Fumes","Juzu Bracelet","TheAbacus","Cloak And Dagger","After Image","Deflect+1","PreservedInsect"],"campfire_rested":4,"item_purchase_floors":[2,2,11,11,11,14,31,31,31],"current_hp_per_floor":[65,65,65,54,37,58,7,28,28,25,25,25,24,24,45,32,61,39,39,39,39,39,51,51,63,63,70,70,52,48,48,70,0],"gold":11,"neow_bonus":"HUNDRED_GOLD","is_prod":false,"is_daily":false,"chose_seed":false,"campfire_upgraded":3,"win_rate":0,"timestamp":1549599315,"path_taken":["M","$","?","?","?","R","E","R","T","M","$","?","M","$","R","BOSS","M","?","?","?","?","R","?","R","T","R","?","M","?","$","R","BOSS"],"build_version":"2019-01-23","purchased_purges":0,"victory":false,"max_hp_per_floor":[70,70,70,70,70,70,70,70,70,70,70,70,70,70,70,70,70,70,70,70,70,70,70,70,70,70,70,70,70,70,70,70,70],"card_choices":[{"not_picked":["Deflect","Expertise"],"picked":"Bane","floor":1},{"not_picked":["Storm of Steel","Dodge and Roll"],"picked":"A Thousand Cuts","floor":7},{"not_picked":["Sucker Punch","Dagger Throw"],"picked":"Poisoned Stab","floor":10},{"not_picked":["Poisoned Stab","Tactician"],"picked":"Noxious Fumes","floor":13},{"not_picked":["Glass Knife","Die Die Die"],"picked":"Venomology","floor":16},{"not_picked":["PiercingWail+1","Outmaneuver"],"picked":"Bouncing Flask","floor":18},{"not_picked":["Slice+1","Bane+1"],"picked":"Dagger Throw","floor":29}],"player_experience":680298,"relics_obtained":[{"floor":7,"key":"MawBank"},{"floor":9,"key":"Bronze Scales"},{"floor":19,"key":"Toxic Egg 2"},{"floor":26,"key":"Gremlin Horn"},{"floor":28,"key":"Ornamental Fan"}],"event_choices":[{"damage_healed":0,"gold_gain":0,"player_choice":"Leave","damage_taken":0,"max_hp_gain":0,"max_hp_loss":0,"event_name":"The Cleric","floor":3,"gold_loss":0},{"damage_healed":0,"gold_gain":75,"player_choice":"Gather Gold","damage_taken":11,"max_hp_gain":0,"max_hp_loss":0,"event_name":"World of Goop","floor":4,"gold_loss":0},{"damage_healed":0,"gold_gain":0,"player_choice":"Take Damage","damage_taken":17,"relics_obtained":["Golden Idol"],"max_hp_gain":0,"max_hp_loss":0,"event_name":"Golden Idol","floor":5,"gold_loss":0},{"damage_healed":0,"gold_gain":0,"player_choice":"Upgraded","damage_taken":0,"max_hp_gain":0,"max_hp_loss":0,"event_name":"Upgrade Shrine","floor":12,"gold_loss":0,"cards_upgraded":["A Thousand Cuts"]},{"damage_healed":0,"gold_gain":0,"cards_transformed":["Strike_G","Strike_G"],"player_choice":"Became Test Subject","damage_taken":0,"max_hp_gain":0,"max_hp_loss":0,"event_name":"Drug Dealer","floor":20,"gold_loss":0,"cards_obtained":["Skewer","Quick Slash"]},{"damage_healed":0,"gold_gain":0,"player_choice":"Opened","damage_taken":0,"relics_obtained":["Potion Belt"],"max_hp_gain":0,"max_hp_loss":0,"event_name":"The Mausoleum","floor":21,"gold_loss":0,"cards_obtained":["Writhe"]},{"damage_healed":0,"gold_gain":0,"player_choice":"Ignored","damage_taken":0,"max_hp_gain":0,"max_hp_loss":0,"event_name":"Vampires","floor":22,"gold_loss":0},{"damage_healed":0,"gold_gain":0,"player_choice":"Ignored","damage_taken":0,"max_hp_gain":0,"max_hp_loss":0,"event_name":"Ghosts","floor":24,"gold_loss":0},{"damage_healed":0,"gold_gain":0,"player_choice":"Fought Bandits","damage_taken":0,"max_hp_gain":0,"max_hp_loss":0,"event_name":"Masked Bandits","floor":30,"gold_loss":0}],"is_beta":false,"boss_relics":[{"not_picked":["Orrery","Tiny House"],"picked":"Eternal Feather"}],"items_purged_floors":[],"is_endless":false,"potions_floor_spawned":[13],"killed_by":"Collector","ascension_level":5}