{"gold_per_floor":[112,78,78,31,41,75,75,91,91,119,119,119,79,91,91,91],"floor_reached":16,"playtime":833,"items_purged":[],"score":135,"play_id":"c249155a-9c3e-40b4-ac16-ca6193c261b1","local_time":"20190119002814","is_ascension_mode":true,"campfire_choices":[{"floor":7,"key":"REST"},{"floor":12,"key":"REST"},{"floor":15,"key":"REST"}],"neow_cost":"TEN_PERCENT_HP_LOSS","seed_source_timestamp":887651664349202,"circlet_count":0,"master_deck":["Strike_R","Strike_R","Strike_R","Strike_R","Defend_R","Defend_R","Defend_R","Defend_R","Bash","True Grit","Rupture","Anger","Corruption","Power Through","Cleave","Juggernaut","Dropkick"],"relics":["Burning Blood","Pocketwatch","Bottled Flame","Juzu Bracelet","Art of War"],"potions_floor_usage":[14,16,16],"damage_taken":[{"damage":10,"enemies":"Small Slimes","floor":1,"turns":3},{"damage":7,"enemies":"Jaw Worm","floor":5,"turns":3},{"damage":54,"enemies":"Lagavulin","floor":6,"turns":9},{"damage":0,"enemies":"2 Louse","floor":8,"turns":3},{"damage":23,"enemies":"3 Sentries","floor":10,"turns":10},{"damage":8,"enemies":"Gremlin Gang","floor":14,"turns":4},{"damage":76,"enemies":"Hexaghost","floor":16,"turns":9}],"seed_played":"-7698885980432323277","potions_obtained":[{"floor":6,"key":"SneckoOil"},{"floor":10,"key":"AttackPotion"},{"floor":14,"key":"GamblersBrew"}],"is_trial":false,"path_per_floor":["M","$","?","$","M","E","R","M","T","E","?","R","$","M","R","B"],"character_chosen":"IRONCLAD","items_purchased":["Rupture","Anger","Dropkick"],"campfire_rested":3,"item_purchase_floors":[2,4,13],"current_hp_per_floor":[68,68,73,73,72,24,47,53,53,36,29,52,52,50,73,0],"gold":91,"neow_bonus":"ONE_RARE_RELIC","is_prod":false,"is_daily":false,"chose_seed":false,"campfire_upgraded":0,"win_rate":0,"timestamp":1547818094,"path_taken":["M","$","?","$","M","E","R","M","T","E","?","R","$","M","R","BOSS"],"build_version":"2019-01-17v2","purchased_purges":0,"victory":false,"max_hp_per_floor":[72,72,77,77,77,77,77,77,77,77,77,77,77,77,77,77],"card_choices":[{"not_picked":["Armaments","Bloodletting"],"picked":"True Grit","floor":1},{"not_picked":["Clothesline","Searing Blow"],"picked":"Corruption","floor":5},{"not_picked":["Headbutt","Perfected Strike"],"picked":"Power Through","floor":6},{"not_picked":["Twin Strike","Sword Boomerang"],"picked":"Cleave","floor":8},{"not_picked":["Searing Blow","Whirlwind"],"picked":"Juggernaut","floor":10},{"not_picked":["Twin Strike","Sword Boomerang","Dropkick"],"picked":"SKIP","floor":14}],"player_experience":486741,"relics_obtained":[{"floor":6,"key":"Bottled Flame"},{"floor":9,"key":"Juzu Bracelet"},{"floor":10,"key":"Art of War"}],"event_choices":[{"damage_healed":0,"gold_gain":0,"player_choice":"Donut","damage_taken":0,"max_hp_gain":5,"max_hp_loss":0,"event_name":"Big Fish","floor":3,"gold_loss":0},{"cards_removed":["Strike_R"],"damage_healed":0,"gold_gain":0,"player_choice":"Card Removal","damage_taken":7,"max_hp_gain":0,"max_hp_loss":0,"event_name":"Golden Wing","floor":11,"gold_loss":0}],"is_beta":false,"boss_relics":[],"items_purged_floors":[],"is_endless":false,"potions_floor_spawned":[6,10,14],"killed_by":"Hexaghost","ascension_level":5}