{"gold_per_floor":[112,125,135,67,67,67,97,116,116,116,116,116,171,185,185,281,281,292,292,310,25,39,39,59,59,59,59,75,1,13,13,13,114,114,129,149,164,212,212,224,27,27,27,47,47,75,90,109,109,109],"floor_reached":51,"playtime":7635,"items_purged":["Strike_B"],"score":655,"play_id":"7b3d1258-8d39-40e5-b278-89255021bc01","local_time":"20190801020109","is_ascension_mode":false,"campfire_choices":[{"data":"Defragment","floor":6.0,"key":"SMITH"},{"floor":10.0,"key":"REST"},{"data":"Gash","floor":12.0,"key":"SMITH"},{"floor":15.0,"key":"REST"},{"data":"Secret Technique","floor":23,"key":"SMITH"},{"floor":25,"key":"REST"},{"data":"Hologram","floor":27,"key":"SMITH"},{"data":"Glacier","floor":32,"key":"SMITH"},{"data":"Coolheaded","floor":42,"key":"SMITH"},{"floor":45,"key":"REST"},{"data":"Blizzard","floor":49,"key":"SMITH"}],"neow_cost":"NONE","seed_source_timestamp":0,"circlet_count":0,"master_deck":["Strike_B","Strike_B","Defend_B","Defend_B","Zap","Dualcast","Ball Lightning","Defragment+1","Gash+1","Force Field+1","Cold Snap","Biased Cognition+1","Gash","Loop+1","Secret Technique+1","Hologram+1","Gash","Glacier+1","Heatsinks+1","Gash+1","Creative AI+1","Hologram+1","Coolheaded+1","Blizzard+1","Bandage Up","Sunder","Parasite","Gash","Gash","Normality","Storm+1","Coolheaded+1"],"special_seed":0,"relics":["Cracked Core","Oddly Smooth Stone","Happy Flower","Ornamental Fan","Frozen Egg 2","Cursed Key","Pantograph","Spirit Poop","Empty Cage","StoneCalendar","Anchor","Pear","Blood Vial"],"potions_floor_usage":[20,28,33,35,46,50,50,50],"damage_taken":[{"damage":0.0,"enemies":"2 Louse","floor":1.0,"turns":3.0},{"damage":1.0,"enemies":"Cultist","floor":2.0,"turns":4.0},{"damage":1.0,"enemies":"Jaw Worm","floor":3.0,"turns":3.0},{"damage":25.0,"enemies":"3 Sentries","floor":7.0,"turns":6.0},{"damage":4.0,"enemies":"Gremlin Gang","floor":8.0,"turns":5.0},{"damage":31.0,"enemies":"3 Sentries","floor":13.0,"turns":5.0},{"damage":14.0,"enemies":"Exordium Thugs","floor":14.0,"turns":3.0},{"damage":23.0,"enemies":"The Guardian","floor":16.0,"turns":11.0},{"damage":9,"enemies":"3 Byrds","floor":18,"turns":3},{"damage":16,"enemies":"2 Thieves","floor":20,"turns":3},{"damage":4,"enemies":"Cultist and Chosen","floor":22,"turns":6},{"damage":14,"enemies":"3 Cultists","floor":24,"turns":5},{"damage":5,"enemies":"Centurion and Healer","floor":28,"turns":6},{"damage":1,"enemies":"Cultist and Chosen","floor":30,"turns":4},{"damage":26,"enemies":"Champ","floor":33,"turns":11},{"damage":7,"enemies":"Orb Walker","floor":35,"turns":3},{"damage":0,"enemies":"3 Darklings","floor":36,"turns":7},{"damage":3,"enemies":"Jaw Worm Horde","floor":37,"turns":7},{"damage":0,"enemies":"2 Orb Walkers","floor":38,"turns":8},{"damage":4,"enemies":"Writhing Mass","floor":40,"turns":7},{"damage":27,"enemies":"Spire Growth","floor":44,"turns":7},{"damage":1,"enemies":"Giant Head","floor":46,"turns":8},{"damage":0,"enemies":"Maw","floor":47,"turns":7},{"damage":20,"enemies":"Jaw Worm Horde","floor":48,"turns":4},{"damage":15,"enemies":"Donu and Deca","floor":50,"turns":8}],"seed_played":"-7425961301919749778","potions_obtained":[{"floor":8.0,"key":"LiquidBronze"},{"floor":13.0,"key":"FearPotion"},{"floor":14.0,"key":"GamblersBrew"},{"floor":16.0,"key":"AttackPotion"},{"floor":20,"key":"Energy Potion"},{"floor":22,"key":"FearPotion"},{"floor":24,"key":"LiquidBronze"},{"floor":30,"key":"Weak Potion"},{"floor":35,"key":"Ancient Potion"},{"floor":36,"key":"FearPotion"},{"floor":44,"key":"Energy Potion"},{"floor":48,"key":"FocusPotion"}],"is_trial":false,"path_per_floor":["M","M","M","$","?","R","E","M","T","R","?","R","?","M","R","B",null,"M","?","M","$","M","R","M","R","T","R","M","$","M","?","R","B",null,"M","M","M","?","?","M","$","R","T","M","R","E","M","M","R","B",null],"character_chosen":"DEFECT","items_purchased":["Defragment","Loop+1","Secret Technique","Heatsinks+1","Anchor","Gash"],"campfire_rested":4,"item_purchase_floors":[4,21,21,29,41,41],"current_hp_per_floor":[75,74,73,73,66,66,41,37,37,59,59,59,28,14,36,13,75,66,66,50,50,46,46,32,54,54,54,49,49,48,48,48,47,75,68,68,65,65,65,65,65,65,75,52,77,80,85,69,69,74],"gold":109,"neow_bonus":"REMOVE_CARD","is_prod":false,"is_daily":false,"chose_seed":false,"campfire_upgraded":7,"win_rate":0,"timestamp":1564617669,"path_taken":["M","M","M","$","?","R","E","M","T","R","?","R","?","M","R","BOSS","M","?","?","$","M","R","M","R","T","R","M","?","M","?","R","BOSS","M","?","M","?","?","M","$","R","T","M","R","E","?","M","R","BOSS"],"build_version":"2019-07-17","purchased_purges":1,"victory":true,"max_hp_per_floor":[75,75,75,75,75,75,75,75,75,75,75,75,75,75,75,75,75,75,75,75,75,75,75,75,75,75,75,75,75,75,75,75,75,75,75,75,75,75,75,75,75,75,85,85,85,85,85,85,85,85],"card_choices":[{"not_picked":["Beam Cell","Compile Driver","Leap"],"picked":"SKIP","floor":1.0},{"not_picked":["Beam Cell","Redo"],"picked":"Ball Lightning","floor":2.0},{"not_picked":["Beam Cell","Amplify","Sweeping Beam"],"picked":"SKIP","floor":3.0},{"not_picked":["Aggregate","Capacitor"],"picked":"Gash","floor":7.0},{"not_picked":["Beam Cell","Double Energy"],"picked":"Force Field","floor":8.0},{"not_picked":["Aggregate","Auto Shields"],"picked":"Cold Snap","floor":14.0},{"not_picked":["Reboot","Multi-Cast"],"picked":"Biased Cognition+1","floor":16.0},{"not_picked":["Static Discharge+1","Consume","Chaos"],"picked":"SKIP","floor":18},{"not_picked":["Redo","Barrage"],"picked":"Gash","floor":20},{"not_picked":["Rebound+1","Beam Cell"],"picked":"Hologram","floor":22},{"not_picked":["Rebound","Stack+1"],"picked":"Gash","floor":24},{"not_picked":["Stack","Steam+1"],"picked":"Glacier","floor":28},{"not_picked":["Skim","Hologram"],"picked":"Gash+1","floor":30},{"not_picked":["Fission","Hyperbeam"],"picked":"Creative AI+1","floor":33},{"not_picked":["Redo","Leap"],"picked":"Hologram+1","floor":35},{"not_picked":["Barrage+1","Ball Lightning"],"picked":"Coolheaded","floor":36},{"not_picked":["Hologram","Fusion+1","Conserve Battery"],"picked":"SKIP","floor":37},{"not_picked":["Aggregate+1","Ball Lightning"],"picked":"Blizzard","floor":38},{"not_picked":["Self Repair+1","Capacitor+1"],"picked":"Gash","floor":40},{"not_picked":["Ball Lightning+1","Hologram","Blizzard"],"picked":"SKIP","floor":44},{"not_picked":["Compile Driver","Ball Lightning","Reboot"],"picked":"SKIP","floor":46},{"not_picked":["Skim","Compile Driver+1"],"picked":"Storm+1","floor":47},{"not_picked":["Recycle","Turbo"],"picked":"Coolheaded+1","floor":48}],"player_experience":107304,"relics_obtained":[{"floor":7.0,"key":"Oddly Smooth Stone"},{"floor":9.0,"key":"Happy Flower"},{"floor":13.0,"key":"Frozen Egg 2"},{"floor":26,"key":"Pantograph"},{"floor":38,"key":"StoneCalendar"},{"floor":43,"key":"Pear"},{"floor":46,"key":"Blood Vial"}],"event_choices":[{"cards_removed":["Defend_B"],"damage_healed":0.0,"max_hp_gain":0.0,"max_hp_loss":0.0,"gold_gain":0.0,"event_name":"Golden Wing","player_choice":"Card Removal","floor":5.0,"gold_loss":0.0,"damage_taken":7.0},{"damage_healed":0.0,"max_hp_gain":0.0,"max_hp_loss":0.0,"gold_gain":0.0,"event_name":"Big Fish","player_choice":"Box","floor":11.0,"gold_loss":0.0,"damage_taken":0.0,"relics_obtained":["Ornamental Fan"],"cards_obtained":["Regret"]},{"damage_healed":0.0,"max_hp_gain":0.0,"max_hp_loss":0.0,"gold_gain":0.0,"event_name":"Dead Adventurer","player_choice":"Searched \u00271\u0027 times","floor":13.0,"gold_loss":0.0,"damage_taken":0.0},{"damage_healed":0,"gold_gain":0,"player_choice":"Upgraded","damage_taken":0,"max_hp_gain":0,"max_hp_loss":0,"event_name":"Upgrade Shrine","floor":19,"gold_loss":0,"cards_upgraded":["Force Field"]},{"cards_removed":["Regret"],"damage_healed":0,"gold_gain":0,"player_choice":"Offered Curse","damage_taken":0,"relics_obtained":["Spirit Poop"],"max_hp_gain":0,"max_hp_loss":0,"event_name":"Bonfire Elementals","floor":31,"gold_loss":0},{"damage_healed":0,"gold_gain":0,"player_choice":"Fight","damage_taken":0,"max_hp_gain":0,"max_hp_loss":0,"event_name":"Mysterious Sphere","floor":38,"gold_loss":0},{"damage_healed":0,"gold_gain":0,"player_choice":"2 cards matched","damage_taken":0,"max_hp_gain":0,"max_hp_loss":0,"event_name":"Match and Keep!","floor":39,"gold_loss":0,"cards_obtained":["Bandage Up","Sunder"]}],"is_beta":false,"boss_relics":[{"not_picked":["Runic Dome","Eternal Feather"],"picked":"Cursed Key"},{"not_picked":["Black Star","Snecko Eye"],"picked":"Empty Cage"}],"items_purged_floors":[21],"is_endless":false,"potions_floor_spawned":[8,13,14,16,20,22,24,30,35,36,44,48],"ascension_level":0}