{"gold_per_floor":[209,170,120,120,120,149,168,128,128,128,158,158,56,70,70,173,173,187,286,298,298,308,308],"floor_reached":23,"playtime":1531,"items_purged":["Strike_G"],"score":246,"play_id":"79249f90-7453-4149-91b7-c0f2d97db007","local_time":"20190208070214","is_ascension_mode":true,"campfire_choices":[{"floor":10.0,"key":"REST"},{"data":"Venomology","floor":12.0,"key":"SMITH"},{"floor":15.0,"key":"REST"}],"neow_cost":"NONE","seed_source_timestamp":0,"circlet_count":0,"master_deck":["Defend_G+1","Defend_G","Defend_G+1","Defend_G","Defend_G","Strike_G","Strike_G","Strike_G","Survivor","Neutralize","Poisoned Stab","Tactician","Deflect","Dagger Throw","Venomology+1","Backflip","Poisoned Stab","Burst","Deflect","Crippling Poison","Well Laid Plans+1"],"special_seed":0,"relics":["Ring of the Snake","Shuriken","Mango","War Paint","Dodecahedron","Lizard Tail"],"potions_floor_usage":[18,20,20,20,21,21,22,23],"damage_taken":[{"damage":11.0,"enemies":"Small Slimes","floor":1.0,"turns":4.0},{"damage":26.0,"enemies":"Gremlin Nob","floor":6.0,"turns":5.0},{"damage":8.0,"enemies":"2 Louse","floor":7.0,"turns":2.0},{"damage":20.0,"enemies":"3 Sentries","floor":11.0,"turns":9.0},{"damage":0.0,"enemies":"Cultist","floor":14.0,"turns":3.0},{"damage":47.0,"enemies":"Hexaghost","floor":16.0,"turns":11.0},{"damage":37,"enemies":"3 Byrds","floor":18,"turns":7},{"damage":15,"enemies":"Spheric Guardian","floor":20,"turns":7},{"damage":20,"enemies":"Colosseum Slavers","floor":21,"turns":7},{"damage":24,"enemies":"Snake Plant","floor":22,"turns":7},{"damage":64,"enemies":"Book of Stabbing","floor":23,"turns":7}],"seed_played":"803012505326174280","potions_obtained":[{"floor":8.0,"key":"Dexterity Potion"},{"floor":8.0,"key":"Strength Potion"},{"floor":8.0,"key":"SteroidPotion"}],"is_trial":false,"path_per_floor":["M","$","?","?","?","E","M","?","T","R","E","R","$","M","R","B",null,"M","?","M","?","M","E"],"character_chosen":"THE_SILENT","items_purchased":["Tactician","Backflip"],"campfire_rested":2,"item_purchase_floors":[2,13],"current_hp_per_floor":[59,59,59,56,70,58,50,50,50,75,55,55,55,55,80,33,71,34,34,63,43,19,0],"gold":308,"neow_bonus":"HUNDRED_GOLD","is_prod":false,"is_daily":false,"chose_seed":false,"campfire_upgraded":1,"win_rate":0,"timestamp":1549580534,"path_taken":["M","$","?","?","?","E","M","?","T","R","E","R","$","M","R","BOSS","M","?","M","?","M","E"],"build_version":"2019-01-23","purchased_purges":1,"victory":false,"max_hp_per_floor":[70,70,70,70,70,84,84,84,84,84,84,84,84,84,84,84,84,84,84,84,84,84,84],"card_choices":[{"not_picked":["Underhanded Strike","Dagger Throw"],"picked":"Poisoned Stab","floor":1.0},{"not_picked":["Terror","Sucker Punch"],"picked":"Deflect","floor":6.0},{"not_picked":["Quick Slash","Phantasmal Killer"],"picked":"Dagger Throw","floor":7.0},{"not_picked":["Prepared","Masterful Stab"],"picked":"Venomology","floor":11.0},{"not_picked":["Bouncing Flask","Setup"],"picked":"Poisoned Stab","floor":14.0},{"not_picked":["Glass Knife","Malaise"],"picked":"Burst","floor":16.0},{"not_picked":["Flechettes","Slice"],"picked":"Deflect","floor":18},{"not_picked":["Prepared","Sucker Punch"],"picked":"Crippling Poison","floor":20},{"not_picked":["Blade Dance+1","Masterful Stab"],"picked":"Well Laid Plans+1","floor":22}],"player_experience":670558,"relics_obtained":[{"floor":6.0,"key":"Mango"},{"floor":9.0,"key":"War Paint"},{"floor":11.0,"key":"Dodecahedron"}],"event_choices":[{"cards_removed":["Strike_G"],"damage_healed":0.0,"max_hp_gain":0.0,"max_hp_loss":0.0,"gold_gain":0.0,"event_name":"The Cleric","player_choice":"Card Removal","floor":3.0,"gold_loss":50.0,"damage_taken":0.0},{"damage_healed":0.0,"max_hp_gain":0.0,"max_hp_loss":0.0,"gold_gain":0.0,"event_name":"Scrap Ooze","player_choice":"Success","floor":4.0,"gold_loss":0.0,"damage_taken":3.0,"relics_obtained":["Shuriken"]},{"damage_healed":23.0,"max_hp_gain":0.0,"max_hp_loss":0.0,"gold_gain":0.0,"event_name":"Big Fish","player_choice":"Banana","floor":5.0,"gold_loss":0.0,"damage_taken":0.0},{"damage_healed":0.0,"max_hp_gain":0.0,"max_hp_loss":0.0,"gold_gain":0.0,"event_name":"The Woman in Blue","player_choice":"Bought 3 Potions","floor":8.0,"gold_loss":0.0,"damage_taken":0.0},{"damage_healed":0,"gold_gain":99,"player_choice":"Stole From Cult","damage_taken":0,"max_hp_gain":0,"max_hp_loss":0,"event_name":"Nest","floor":19,"gold_loss":0},{"damage_healed":0,"gold_gain":0,"player_choice":"Fight","damage_taken":0,"max_hp_gain":0,"max_hp_loss":0,"event_name":"Colosseum","floor":21,"gold_loss":0},{"damage_healed":0,"gold_gain":0,"player_choice":"Fled From Nobs","damage_taken":0,"max_hp_gain":0,"max_hp_loss":0,"event_name":"Colosseum","floor":21,"gold_loss":0}],"is_beta":false,"boss_relics":[{"not_picked":["Ring of the Serpent","White Beast Statue"],"picked":"Lizard Tail"}],"items_purged_floors":[13],"is_endless":false,"potions_floor_spawned":[11,14,18],"killed_by":"Book of Stabbing","ascension_level":5}