{"gold_per_floor":[11,286,117,133,33,62,73,22,22,38,66,78,110,120,120,217,217,232,38,50,61,80,108,89,89],"floor_reached":25,"playtime":2700,"items_purged":["Regret","Strike_R","Strike_R"],"score":270,"play_id":"feb41088-8c7b-409f-ab55-871e7b678e91","local_time":"20190808185002","is_ascension_mode":false,"campfire_choices":[{"floor":15,"key":"REST"}],"neow_cost":"NO_GOLD","seed_source_timestamp":581256419817578,"circlet_count":0,"master_deck":["Strike_R","Strike_R","Strike_R","Defend_R","Defend_R","Defend_R","Defend_R","Bash","Entrench","Shrug It Off","Anger","Body Slam","Metallicize","Inflame","Shrug It Off","Intimidate","Rage","Corruption","Pommel Strike","Evolve","Limit Break","Flex+1","Rampage","Headbutt","Impervious","Infernal Blade","Armaments"],"relics":["Black Blood","Pantograph","Mercury Hourglass","Nunchaku","Dream Catcher","The Courier"],"potions_floor_usage":[11,25],"damage_taken":[{"damage":0,"enemies":"2 Louse","floor":1,"turns":3},{"damage":1,"enemies":"Cultist","floor":4,"turns":4},{"damage":55,"enemies":"Lagavulin","floor":6,"turns":9},{"damage":0,"enemies":"Jaw Worm","floor":7,"turns":4},{"damage":0,"enemies":"2 Fungi Beasts","floor":10,"turns":3},{"damage":22,"enemies":"3 Sentries","floor":11,"turns":6},{"damage":0,"enemies":"Exordium Thugs","floor":12,"turns":4},{"damage":34,"enemies":"Gremlin Nob","floor":13,"turns":5},{"damage":1,"enemies":"Lots of Slimes","floor":14,"turns":3},{"damage":22,"enemies":"Slime Boss","floor":16,"turns":9},{"damage":9,"enemies":"Chosen","floor":18,"turns":6},{"damage":26,"enemies":"3 Byrds","floor":20,"turns":6},{"damage":19,"enemies":"Snecko","floor":21,"turns":6},{"damage":26,"enemies":"Shelled Parasite and Fungi","floor":22,"turns":8},{"damage":38,"enemies":"Gremlin Leader","floor":23,"turns":9},{"damage":29,"enemies":"Slavers","floor":25,"turns":5}],"seed_played":"-8577630791991526352","potions_obtained":[{"floor":1,"key":"BloodPotion"},{"floor":4,"key":"SpeedPotion"},{"floor":6,"key":"SteroidPotion"},{"floor":18,"key":"Ancient Potion"},{"floor":20,"key":"EssenceOfSteel"}],"is_trial":false,"path_per_floor":["M","?","$","M","$","E","M","$","T","M","E","M","E","M","R","B",null,"M","$","M","M","M","E","$","E"],"character_chosen":"IRONCLAD","items_purchased":["Shrug It Off","Anger","Shrug It Off","Rampage","Armaments"],"campfire_rested":1,"item_purchase_floors":[3,3,8,19,24],"current_hp_per_floor":[96,96,96,96,96,47,53,53,53,59,67,73,45,50,78,80,96,96,96,80,71,55,27,27,0],"gold":89,"neow_bonus":"TWENTY_PERCENT_HP_BONUS","is_prod":false,"is_daily":false,"chose_seed":false,"campfire_upgraded":0,"win_rate":0,"timestamp":1565283002,"path_taken":["M","?","$","M","$","E","M","$","T","M","E","M","E","M","R","BOSS","M","?","?","M","M","E","$","E"],"build_version":"2019-07-17","purchased_purges":3,"victory":false,"max_hp_per_floor":[96,96,96,96,96,96,96,96,96,96,96,96,96,96,96,96,96,96,96,96,96,96,96,96,96],"card_choices":[{"not_picked":["Rampage","Shrug It Off"],"picked":"Entrench","floor":1},{"not_picked":["Headbutt","Blood for Blood"],"picked":"Body Slam","floor":4},{"not_picked":["Iron Wave","Infernal Blade"],"picked":"Metallicize","floor":6},{"not_picked":["Flex","Thunderclap"],"picked":"Inflame","floor":7},{"not_picked":["Thunderclap","Sever Soul"],"picked":"Intimidate","floor":10},{"not_picked":["Power Through","Intimidate"],"picked":"Rage","floor":11},{"not_picked":["Flame Barrier","Shockwave","Sword Boomerang"],"picked":"SKIP","floor":12},{"not_picked":["Uppercut","Dropkick"],"picked":"Corruption","floor":13},{"not_picked":["Intimidate","Ghostly Armor"],"picked":"Pommel Strike","floor":14},{"not_picked":["Hemokinesis","Warcry"],"picked":"Evolve","floor":15},{"not_picked":["Berserk","Impervious"],"picked":"Limit Break","floor":16},{"not_picked":["Rage+1","Clothesline"],"picked":"Flex+1","floor":18},{"not_picked":["Twin Strike","Clothesline","True Grit"],"picked":"SKIP","floor":20},{"not_picked":["Intimidate","Havoc"],"picked":"Headbutt","floor":21},{"not_picked":["Clothesline+1","Power Through"],"picked":"Impervious","floor":22},{"not_picked":["Pommel Strike","Flex"],"picked":"Infernal Blade","floor":23}],"player_experience":185727,"relics_obtained":[{"floor":6,"key":"Pantograph"},{"floor":9,"key":"Mercury Hourglass"},{"floor":11,"key":"Nunchaku"},{"floor":13,"key":"Dream Catcher"},{"floor":23,"key":"The Courier"}],"event_choices":[{"damage_healed":0,"gold_gain":275,"player_choice":"Desecrate","damage_taken":0,"max_hp_gain":0,"max_hp_loss":0,"event_name":"Golden Shrine","floor":2,"gold_loss":0,"cards_obtained":["Regret"]}],"is_beta":false,"boss_relics":[{"not_picked":["Busted Crown","Fusion Hammer"],"picked":"Black Blood"}],"items_purged_floors":[3,5,19],"is_endless":false,"potions_floor_spawned":[1,4,6,10,18,20],"killed_by":"Slavers","ascension_level":0}