{"gold_per_floor":[118,129,148,223,240,240,275,275,275,291,318,318,71,105,105,105],"floor_reached":16,"playtime":974,"items_purged":["Strike_R"],"score":190,"play_id":"5231a09f-8280-4289-bf28-c8c7973f393a","local_time":"20190705124219","is_ascension_mode":true,"campfire_choices":[{"data":"Metallicize","floor":6,"key":"SMITH"},{"data":"Wild Strike","floor":8,"key":"SMITH"},{"data":"Flame Barrier","floor":15,"key":"SMITH"}],"neow_cost":"NONE","seed_source_timestamp":144655595309504,"circlet_count":0,"master_deck":["AscendersBane","Strike_R","Strike_R","Strike_R","Defend_R","Defend_R","Defend_R","Defend_R","Bash","Metallicize+1","Wild Strike+1","Sword Boomerang","Pommel Strike","Flame Barrier+1","HandOfGreed","Perfected Strike"],"relics":["Burning Blood","Happy Flower","Singing Bowl","Meat on the Bone","Strawberry"],"potions_floor_usage":[5,10,11,16],"damage_taken":[{"damage":1,"enemies":"Small Slimes","floor":1,"turns":4},{"damage":1,"enemies":"2 Louse","floor":2,"turns":2},{"damage":6,"enemies":"Jaw Worm","floor":3,"turns":4},{"damage":37,"enemies":"Gremlin Gang","floor":5,"turns":6},{"damage":25,"enemies":"Gremlin Nob","floor":7,"turns":5},{"damage":14,"enemies":"Red Slaver","floor":10,"turns":4},{"damage":27,"enemies":"Lagavulin","floor":11,"turns":7},{"damage":21,"enemies":"Large Slime","floor":14,"turns":6},{"damage":43,"enemies":"The Guardian","floor":16,"turns":11}],"seed_played":"-1712684199897978017","potions_obtained":[{"floor":1,"key":"BloodPotion"},{"floor":2,"key":"SpeedPotion"},{"floor":5,"key":"SkillPotion"},{"floor":14,"key":"PowerPotion"}],"is_trial":false,"path_per_floor":["M","M","M","?","M","R","E","R","T","M","E","?","$","M","R","B"],"character_chosen":"IRONCLAD","items_purchased":["HandOfGreed"],"campfire_rested":0,"item_purchase_floors":[13],"current_hp_per_floor":[73,75,75,64,33,33,16,16,16,39,39,32,32,29,29,0],"gold":105,"neow_bonus":"RANDOM_COMMON_RELIC","is_prod":false,"is_daily":false,"chose_seed":false,"campfire_upgraded":3,"win_rate":0,"timestamp":1562344939,"path_taken":["M","M","M","?","M","R","E","R","T","M","E","?","$","M","R","BOSS"],"build_version":"2019-07-01","purchased_purges":1,"victory":false,"max_hp_per_floor":[75,75,75,75,75,75,77,77,77,77,86,86,86,86,86,86],"card_choices":[{"not_picked":["Dual Wield","Thunderclap"],"picked":"Metallicize","floor":1},{"not_picked":["Rupture","Sever Soul"],"picked":"Wild Strike","floor":2},{"not_picked":["Sever Soul","Reckless Charge"],"picked":"Sword Boomerang","floor":3},{"not_picked":["Corruption","Clothesline"],"picked":"Pommel Strike","floor":5},{"not_picked":["Power Through","Flex","Whirlwind"],"picked":"Singing Bowl","floor":7},{"not_picked":["Dual Wield","Heavy Blade"],"picked":"Flame Barrier","floor":10},{"not_picked":["Twin Strike","Clash","Body Slam"],"picked":"Singing Bowl","floor":11},{"not_picked":["Pommel Strike","Blood for Blood"],"picked":"Perfected Strike","floor":14}],"player_experience":350718,"relics_obtained":[{"floor":7,"key":"Singing Bowl"},{"floor":9,"key":"Meat on the Bone"},{"floor":11,"key":"Strawberry"}],"event_choices":[{"damage_healed":0,"gold_gain":75,"player_choice":"Gather Gold","damage_taken":11,"max_hp_gain":0,"max_hp_loss":0,"event_name":"World of Goop","floor":4,"gold_loss":0},{"cards_removed":["Strike_R"],"damage_healed":0,"gold_gain":0,"player_choice":"Card Removal","damage_taken":7,"max_hp_gain":0,"max_hp_loss":0,"event_name":"Golden Wing","floor":12,"gold_loss":0}],"is_beta":false,"boss_relics":[],"items_purged_floors":[13],"is_endless":false,"potions_floor_spawned":[1,2,5,14],"killed_by":"The Guardian","ascension_level":14}