{"gold_per_floor":[116,66,66,66,66,81,81,111,111,141,155,155,172,191,191,294,294,310,235,235,235,251,251,262,262,285,330,344,361,286,301,301,405,405,420,420,440,340,340,340,358,370,370,383,383,383,383,398,398,398],"floor_reached":51,"playtime":995,"items_purged":["Defend_R","Defend_R"],"score":774,"play_id":"339067c1-ab4b-430e-a44f-0726d8a9796c","local_time":"20190520171116","is_ascension_mode":false,"campfire_choices":[{"data":"Searing Blow","floor":7.0,"key":"SMITH"},{"data":"Armaments","floor":12.0,"key":"SMITH"},{"data":"Searing Blow+1","floor":15.0,"key":"SMITH"},{"data":"Searing Blow+2","floor":23.0,"key":"SMITH"},{"data":"Searing Blow+3","floor":25.0,"key":"SMITH"},{"floor":32.0,"key":"REST"},{"data":"Searing Blow+5","floor":40,"key":"SMITH"},{"data":"Searing Blow+6","floor":45,"key":"SMITH"},{"data":"Searing Blow+8","floor":47,"key":"SMITH"},{"data":"Searing Blow+9","floor":49,"key":"SMITH"}],"neow_cost":"NONE","seed_source_timestamp":322936924592049,"circlet_count":0,"master_deck":["Bash","Offering","Searing Blow+10","Armaments+1","Double Tap"],"special_seed":0,"relics":["Burning Blood","Bottled Lightning","Bottled Flame","Empty Cage","Bag of Preparation","Bronze Scales","Busted Crown","Letter Opener"],"potions_floor_usage":[],"damage_taken":[{"damage":10.0,"enemies":"Small Slimes","floor":1.0,"turns":3.0},{"damage":12.0,"enemies":"Jaw Worm","floor":6.0,"turns":3.0},{"damage":37.0,"enemies":"Lagavulin","floor":10.0,"turns":5.0},{"damage":6.0,"enemies":"Cultist","floor":11.0,"turns":3.0},{"damage":16.0,"enemies":"Looter","floor":13.0,"turns":2.0},{"damage":0.0,"enemies":"3 Louse","floor":14.0,"turns":4.0},{"damage":21.0,"enemies":"The Guardian","floor":16.0,"turns":11.0},{"damage":11.0,"enemies":"3 Byrds","floor":18.0,"turns":5.0},{"damage":11.0,"enemies":"Shell Parasite","floor":22.0,"turns":3.0},{"damage":28.0,"enemies":"Shelled Parasite and Fungi","floor":24.0,"turns":3.0},{"damage":6.0,"enemies":"Centurion and Healer","floor":28.0,"turns":2.0},{"damage":5.0,"enemies":"Sentry and Sphere","floor":29.0,"turns":3.0},{"damage":7.0,"enemies":"3 Cultists","floor":31.0,"turns":3.0},{"damage":45.0,"enemies":"Champ","floor":33.0,"turns":7.0},{"damage":10,"enemies":"Orb Walker","floor":35,"turns":2},{"damage":6,"enemies":"3 Shapes","floor":37,"turns":3},{"damage":6,"enemies":"Writhing Mass","floor":41,"turns":1},{"damage":8,"enemies":"Maw","floor":42,"turns":3},{"damage":6,"enemies":"Jaw Worm Horde","floor":44,"turns":2},{"damage":6,"enemies":"3 Darklings","floor":48,"turns":2},{"damage":17,"enemies":"Time Eater","floor":50,"turns":2}],"seed_played":"1221721809152481173","potions_obtained":[{"floor":10.0,"key":"SteroidPotion"},{"floor":11.0,"key":"SpeedPotion"},{"floor":16.0,"key":"Poison Potion"},{"floor":22.0,"key":"Ancient Potion"},{"floor":48,"key":"EntropicBrew"}],"is_trial":false,"path_per_floor":["M","?","$","?","$","M","R","?","T","E","M","R","M","M","R","B",null,"M","$","?","?","M","R","M","R","T","T","M","M","?","M","R","B",null,"M","?","M","$","?","R","M","M","T","M","R","?","R","M","R","B",null],"character_chosen":"IRONCLAD","items_purchased":[],"campfire_rested":1,"item_purchase_floors":[],"current_hp_per_floor":[76,76,76,76,76,70,70,70,70,39,39,39,29,35,35,20,80,75,75,75,60,55,55,33,33,33,33,33,34,34,33,58,19,85,81,81,81,81,81,81,81,79,79,79,79,79,79,79,79,68],"gold":398,"neow_bonus":"REMOVE_CARD","is_prod":false,"is_daily":false,"chose_seed":false,"campfire_upgraded":9,"win_rate":0,"timestamp":1558343476,"path_taken":["M","?","$","?","$","?","R","?","T","E","M","R","M","M","R","BOSS","M","$","?","?","M","R","M","R","T","?","M","?","?","M","R","BOSS","M","?","M","$","?","R","M","M","T","?","R","?","R","M","R","BOSS"],"build_version":"2019-01-23","purchased_purges":2,"victory":true,"max_hp_per_floor":[80,80,80,80,80,80,80,80,80,80,80,80,80,80,80,80,80,80,80,80,85,85,85,85,85,85,85,85,85,85,85,85,85,85,85,85,85,85,85,85,85,85,85,85,85,85,85,85,85,85],"card_choices":[{"not_picked":["True Grit","Wild Strike","Sword Boomerang"],"picked":"SKIP","floor":1.0},{"not_picked":["Armaments","Carnage"],"picked":"Searing Blow","floor":6.0},{"not_picked":["Dropkick","Searing Blow"],"picked":"Armaments","floor":10.0},{"not_picked":["Intimidate","Heavy Blade","Pommel Strike"],"picked":"SKIP","floor":11.0},{"not_picked":["Fire Breathing","Cleave","Clothesline"],"picked":"SKIP","floor":13.0},{"not_picked":["Dropkick","Reaper","Spot Weakness"],"picked":"SKIP","floor":14.0},{"not_picked":["Fiend Fire","Impervious"],"picked":"Double Tap","floor":16.0},{"not_picked":["Flame Barrier+1","Cleave","Clash"],"picked":"SKIP","floor":18.0},{"not_picked":["Sever Soul","Rampage","Pommel Strike"],"picked":"SKIP","floor":22.0},{"not_picked":["Flex","Feel No Pain","Combust"],"picked":"SKIP","floor":24.0},{"not_picked":["Armaments","Metallicize","Inflame"],"picked":"SKIP","floor":28.0},{"not_picked":["Sever Soul","Twin Strike+1","True Grit"],"picked":"SKIP","floor":29.0},{"not_picked":["Perfected Strike","Pommel Strike","Wild Strike"],"picked":"SKIP","floor":31.0},{"not_picked":["Sword Boomerang"],"picked":"SKIP","floor":35},{"not_picked":["Clothesline"],"picked":"SKIP","floor":37},{"not_picked":["Iron Wave+1"],"picked":"SKIP","floor":41},{"not_picked":["Flex"],"picked":"SKIP","floor":42},{"not_picked":["Headbutt"],"picked":"SKIP","floor":44},{"not_picked":["Anger"],"picked":"SKIP","floor":48}],"player_experience":901329,"relics_obtained":[{"floor":9.0,"key":"Bottled Lightning"},{"floor":10.0,"key":"Bottled Flame"},{"floor":26.0,"key":"Bag of Preparation"},{"floor":27.0,"key":"Bronze Scales"},{"floor":43,"key":"Letter Opener"}],"event_choices":[{"cards_removed":["Strike_R"],"damage_healed":0.0,"max_hp_gain":0.0,"max_hp_loss":0.0,"gold_gain":0.0,"event_name":"The Cleric","player_choice":"Card Removal","floor":2.0,"gold_loss":50.0,"damage_taken":0.0},{"damage_healed":0.0,"max_hp_gain":0.0,"max_hp_loss":0.0,"gold_gain":0.0,"cards_transformed":["Strike_R"],"event_name":"Transmorgrifier","player_choice":"Transformed","floor":4.0,"gold_loss":0.0,"damage_taken":0.0,"cards_obtained":["Offering"]},{"damage_healed":0.0,"max_hp_gain":0.0,"max_hp_loss":0.0,"gold_gain":30.0,"event_name":"Dead Adventurer","player_choice":"Searched \u00272\u0027 times","floor":8.0,"gold_loss":0.0,"damage_taken":0.0},{"cards_removed":["Defend_R"],"damage_healed":0.0,"max_hp_gain":0.0,"max_hp_loss":0.0,"gold_gain":0.0,"event_name":"Back to Basics","player_choice":"Elegance","floor":20.0,"gold_loss":0.0,"damage_taken":0.0},{"damage_healed":0.0,"max_hp_gain":5.0,"max_hp_loss":0.0,"gold_gain":0.0,"event_name":"Forgotten Altar","player_choice":"Shed Blood","floor":21.0,"gold_loss":0.0,"damage_taken":20.0},{"cards_removed":["Defend_R"],"damage_healed":0.0,"max_hp_gain":0.0,"max_hp_loss":0.0,"gold_gain":0.0,"event_name":"Beggar","player_choice":"Gave Gold","floor":30.0,"gold_loss":75.0,"damage_taken":0.0},{"damage_healed":0,"gold_gain":0,"player_choice":"Ignored","damage_taken":0,"max_hp_gain":0,"max_hp_loss":0,"event_name":"Mysterious Sphere","floor":36,"gold_loss":0},{"damage_healed":0,"gold_gain":0,"player_choice":"Upgraded","damage_taken":0,"max_hp_gain":0,"max_hp_loss":0,"event_name":"Upgrade Shrine","floor":39,"gold_loss":0,"cards_upgraded":["Searing Blow"]},{"damage_healed":0,"gold_gain":0,"player_choice":"Forge","damage_taken":0,"max_hp_gain":0,"max_hp_loss":0,"event_name":"Accursed Blacksmith","floor":46,"gold_loss":0,"cards_upgraded":["Searing Blow"]}],"is_beta":false,"boss_relics":[{"not_picked":["Mark of Pain","Black Star"],"picked":"Empty Cage"},{"not_picked":["Astrolabe","Orrery"],"picked":"Busted Crown"}],"items_purged_floors":[19,38],"is_endless":false,"potions_floor_spawned":[10,11,16,22,31,33,35,41,48],"ascension_level":0}