{"gold_per_floor":[109,184,184,19,33,33,67,67,67,83,83,83,113,126,126,126],"floor_reached":16,"playtime":374,"items_purged":["Strike_R"],"score":266,"play_id":"ebfe685b-363f-433b-abbe-e0b0faf9d4c8","local_time":"20190520003134","is_ascension_mode":true,"campfire_choices":[{"data":"Inflame","floor":6.0,"key":"SMITH"},{"data":"Body Slam","floor":8.0,"key":"SMITH"},{"floor":11.0,"key":"RECALL"},{"data":"True Grit","floor":15.0,"key":"SMITH"}],"neow_cost":"NONE","seed_source_timestamp":263762497520212,"circlet_count":0,"master_deck":["AscendersBane","Strike_R","Strike_R","Strike_R","Strike_R","Defend_R","Defend_R","Defend_R","Defend_R","Bash","Body Slam+1","Inflame+1","Battle Trance","Feed","Shrug It Off","True Grit+1"],"special_seed":0,"relics":["Burning Blood","NeowsBlessing","Art of War","Mercury Hourglass","Ancient Tea Set","Boot"],"potions_floor_usage":[16],"damage_taken":[{"damage":0.0,"enemies":"Jaw Worm","floor":1.0,"turns":1.0},{"damage":0.0,"enemies":"2 Louse","floor":5.0,"turns":1.0},{"damage":0.0,"enemies":"Lagavulin","floor":7.0,"turns":1.0},{"damage":11.0,"enemies":"Cultist","floor":10.0,"turns":4.0},{"damage":11.0,"enemies":"Gremlin Nob","floor":13.0,"turns":3.0},{"damage":18.0,"enemies":"Large Slime","floor":14.0,"turns":7.0},{"damage":50,"enemies":"Slime Boss","floor":16,"turns":6}],"seed_played":"1713754156600447531","potions_obtained":[{"floor":5.0,"key":"BloodPotion"},{"floor":7.0,"key":"Block Potion"},{"floor":14.0,"key":"Ancient Potion"}],"is_trial":false,"path_per_floor":["M","?","?","$","M","R","E","R","T","M","R","?","E","M","R","B"],"character_chosen":"IRONCLAD","items_purchased":["Inflame"],"campfire_rested":0,"item_purchase_floors":[4],"current_hp_per_floor":[74,63,52,52,58,58,64,64,64,69,69,58,56,47,47,0],"gold":126,"neow_bonus":"THREE_ENEMY_KILL","is_prod":false,"is_daily":false,"chose_seed":false,"campfire_upgraded":3,"win_rate":0,"timestamp":1558283494,"path_taken":["M","?","?","$","M","R","E","R","T","?","R","?","E","M","R","BOSS"],"build_version":"2019-01-23","purchased_purges":1,"victory":false,"max_hp_per_floor":[75,75,75,75,75,75,75,75,75,78,78,78,81,84,84,84],"card_choices":[{"not_picked":["Perfected Strike","Thunderclap"],"picked":"Body Slam","floor":1.0},{"not_picked":["Seeing Red","Cleave"],"picked":"Battle Trance","floor":5.0},{"not_picked":["Infernal Blade","Wild Strike"],"picked":"Feed","floor":7.0},{"not_picked":["Seeing Red","Metallicize"],"picked":"Shrug It Off","floor":10.0},{"not_picked":["Warcry","Rage"],"picked":"True Grit","floor":13.0},{"not_picked":["Entrench","Hemokinesis","Twin Strike"],"picked":"SKIP","floor":14.0}],"player_experience":885648,"relics_obtained":[{"floor":7.0,"key":"Art of War"},{"floor":9.0,"key":"Mercury Hourglass"},{"floor":13.0,"key":"Boot"}],"event_choices":[{"damage_healed":0.0,"max_hp_gain":0.0,"max_hp_loss":0.0,"gold_gain":75.0,"event_name":"World of Goop","player_choice":"Gather Gold","floor":2.0,"gold_loss":0.0,"damage_taken":11.0},{"damage_healed":0.0,"max_hp_gain":0.0,"max_hp_loss":0.0,"gold_gain":0.0,"event_name":"Wheel of Change","player_choice":"Damaged","floor":3.0,"gold_loss":0.0,"damage_taken":11.0},{"damage_healed":0.0,"max_hp_gain":0.0,"max_hp_loss":0.0,"gold_gain":0.0,"event_name":"Scrap Ooze","player_choice":"Success","floor":12.0,"gold_loss":0.0,"damage_taken":11.0,"relics_obtained":["Ancient Tea Set"]}],"is_beta":false,"boss_relics":[],"items_purged_floors":[4],"is_endless":false,"potions_floor_spawned":[5,7,14],"killed_by":"Slime Boss","ascension_level":20}