{"gold_per_floor":[219,237,21,41,41,85,99,99,99,118,43,18,33,53,53,149,149,174,174,193,206,14,14,14],"floor_reached":24,"playtime":934,"items_purged":["Strike_B","Strike_B"],"score":404,"play_id":"a50516fd-0ab1-4c32-88d7-d0abef1f2934","local_time":"20190527215330","is_ascension_mode":true,"campfire_choices":[{"data":"Dualcast","floor":8,"key":"SMITH"},{"floor":15,"key":"REST"},{"data":"Turbo","floor":23,"key":"SMITH"}],"neow_cost":"NONE","seed_source_timestamp":0,"circlet_count":0,"master_deck":["AscendersBane","Strike_B","Defend_B","Defend_B","Defend_B","Defend_B","Zap","Dualcast+1","Self Repair","Undo","Ball Lightning","Recycle","Heatsinks","Coolheaded","Turbo+1","Capacitor","Defragment","Reinforced Body+1","Skim","Finesse"],"special_seed":0,"relics":["Cracked Core","DataDisk","Golden Idol","Calipers","Runic Dome"],"potions_floor_usage":[6,14,20],"damage_taken":[{"damage":0.0,"enemies":"2 Louse","floor":1.0,"turns":3.0},{"damage":9.0,"enemies":"Small Slimes","floor":2.0,"turns":4.0},{"damage":6.0,"enemies":"Cultist","floor":4.0,"turns":3.0},{"damage":32,"enemies":"Gremlin Nob","floor":6,"turns":4},{"damage":3,"enemies":"2 Fungi Beasts","floor":7,"turns":3},{"damage":11,"enemies":"Looter","floor":10,"turns":2},{"damage":8,"enemies":"Exordium Thugs","floor":12,"turns":6},{"damage":22,"enemies":"Large Slime","floor":13,"turns":5},{"damage":11,"enemies":"Blue Slaver","floor":14,"turns":4},{"damage":13,"enemies":"The Guardian","floor":16,"turns":13},{"damage":17,"enemies":"Spheric Guardian","floor":18,"turns":5},{"damage":21,"enemies":"2 Thieves","floor":20,"turns":4},{"damage":22,"enemies":"Snake Plant","floor":21,"turns":5},{"damage":7,"enemies":"Shelled Parasite and Fungi","floor":24,"turns":2}],"seed_played":"4890242800726871418","potions_obtained":[{"floor":1.0,"key":"Weak Potion"},{"floor":2.0,"key":"Poison Potion"},{"floor":7,"key":"SneckoOil"},{"floor":16,"key":"AttackPotion"},{"floor":18,"key":"FocusPotion"}],"is_trial":false,"path_per_floor":["M","M","$","M","?","E","M","R","T","M","$","M","M","M","R","B",null,"M","?","M","M","$","R","M"],"character_chosen":"DEFECT","items_purchased":["DataDisk","Ball Lightning","Finesse"],"campfire_rested":1,"item_purchase_floors":[3,3,22],"current_hp_per_floor":[64,62,62,63,63,38,42,42,42,31,31,30,15,11,30,24,54,44,44,30,15,15,15,8],"gold":14,"neow_bonus":"HUNDRED_GOLD","is_prod":false,"is_daily":false,"chose_seed":true,"campfire_upgraded":2,"win_rate":0,"timestamp":1558965210,"path_taken":["M","M","$","M","?","E","M","R","T","M","$","M","M","M","R","BOSS","M","?","M","?","$","R","M"],"build_version":"2019-01-23","purchased_purges":2,"victory":false,"max_hp_per_floor":[71,71,71,71,64,64,64,64,64,64,64,64,64,64,64,64,64,64,64,64,64,64,64,64],"card_choices":[{"not_picked":["Darkness","Gash"],"picked":"Self Repair","floor":1.0},{"not_picked":["Go for the Eyes","Gash"],"picked":"Undo","floor":2.0},{"not_picked":["Beam Cell","Hologram","Sweeping Beam"],"picked":"SKIP","floor":4.0},{"not_picked":["Ball Lightning","Barrage"],"picked":"Recycle","floor":6},{"not_picked":["Conserve Battery","Go for the Eyes"],"picked":"Heatsinks","floor":7},{"not_picked":["Hyperbeam","Redo"],"picked":"Coolheaded","floor":10},{"not_picked":["Loop","Auto Shields"],"picked":"Turbo","floor":12},{"not_picked":["Hologram","Go for the Eyes"],"picked":"Capacitor","floor":13},{"not_picked":["Ball Lightning","Barrage"],"picked":"Defragment","floor":14},{"not_picked":["Go for the Eyes+1","Leap"],"picked":"Reinforced Body+1","floor":18},{"not_picked":["Turbo","Reprogram+1"],"picked":"Skim","floor":20},{"not_picked":["Hello World","Auto Shields","Coolheaded"],"picked":"SKIP","floor":21}],"player_experience":956478,"relics_obtained":[{"floor":6,"key":"Calipers"}],"event_choices":[{"damage_healed":0.0,"max_hp_gain":0.0,"max_hp_loss":7.0,"gold_gain":0.0,"event_name":"Golden Idol","player_choice":"Lose Max HP","floor":5.0,"gold_loss":0.0,"damage_taken":0.0,"relics_obtained":["Golden Idol"]},{"cards_removed":["Strike_B"],"damage_healed":0,"gold_gain":0,"player_choice":"Offered Basic","damage_taken":0,"max_hp_gain":0,"max_hp_loss":0,"event_name":"Bonfire Elementals","floor":19,"gold_loss":0}],"is_beta":false,"boss_relics":[{"not_picked":["Calling Bell","Black Star"],"picked":"Runic Dome"}],"items_purged_floors":[11,22],"is_endless":false,"potions_floor_spawned":[1,2,7,16,18],"killed_by":"Shelled Parasite and Fungi","ascension_level":20}