{"gold_per_floor":[113,1,20,20,20,50,69,69,121,121,145,145,160,175,175,175],"floor_reached":16,"playtime":796,"items_purged":["Strike_R"],"score":135,"play_id":"fbf418ee-f28b-4369-ab04-f6d2e23ee64a","local_time":"20190102214308","is_ascension_mode":true,"campfire_choices":[{"floor":8,"key":"REST"},{"data":"Uppercut","floor":10,"key":"SMITH"},{"floor":15,"key":"REST"}],"neow_cost":"PERCENT_DAMAGE","seed_source_timestamp":219596491898633,"circlet_count":0,"master_deck":["Strike_R","Strike_R","Strike_R","Defend_R","Defend_R","Defend_R","Defend_R","Bash","Searing Blow","Uppercut+1","Warcry","Ghostly Armor","Headbutt","Body Slam","Combust","Anger","Clothesline"],"relics":["Burning Blood","Letter Opener","Smiling Mask","Happy Flower","Odd Mushroom"],"potions_floor_usage":[11,11],"damage_taken":[{"damage":16,"enemies":"Cultist","floor":1,"turns":4},{"damage":7,"enemies":"Jaw Worm","floor":3,"turns":3},{"damage":43,"enemies":"3 Sentries","floor":6,"turns":11},{"damage":0,"enemies":"Small Slimes","floor":7,"turns":3},{"damage":30,"enemies":"The Mushroom Lair","floor":11,"turns":6},{"damage":10,"enemies":"2 Fungi Beasts","floor":13,"turns":4},{"damage":9,"enemies":"Exordium Thugs","floor":14,"turns":4},{"damage":58,"enemies":"Slime Boss","floor":16,"turns":7}],"seed_played":"6763790607598209697","potions_obtained":[{"floor":1,"key":"Block Potion"},{"floor":3,"key":"Poison Potion"}],"is_trial":false,"path_per_floor":["M","$","M","T","?","E","M","R","T","R","?","?","M","M","R","B"],"character_chosen":"IRONCLAD","items_purchased":["Uppercut"],"campfire_rested":2,"item_purchase_floors":[2],"current_hp_per_floor":[62,62,61,61,61,24,30,58,58,58,34,34,30,27,55,0],"gold":175,"neow_bonus":"TWENTY_PERCENT_HP_BONUS","is_prod":false,"is_daily":false,"chose_seed":false,"campfire_upgraded":1,"win_rate":0,"timestamp":1546425788,"path_taken":["M","$","M","?","?","E","M","R","T","R","?","?","?","M","R","BOSS"],"build_version":"2018-12-20","purchased_purges":1,"victory":false,"max_hp_per_floor":[96,96,96,96,96,96,96,96,96,96,96,96,96,96,96,96],"card_choices":[{"not_picked":["Body Slam","Iron Wave"],"picked":"Searing Blow","floor":1},{"not_picked":["Sword Boomerang","Perfected Strike"],"picked":"Warcry","floor":3},{"not_picked":["Disarm","Headbutt"],"picked":"Ghostly Armor","floor":6},{"not_picked":["Cleave","Intimidate"],"picked":"Headbutt","floor":7},{"not_picked":["Flex","Intimidate"],"picked":"Body Slam","floor":11},{"not_picked":["Sword Boomerang","Perfected Strike"],"picked":"Anger","floor":13},{"not_picked":["Perfected Strike","Twin Strike"],"picked":"Clothesline","floor":14}],"player_experience":386616,"relics_obtained":[{"floor":4,"key":"Letter Opener"},{"floor":6,"key":"Smiling Mask"},{"floor":9,"key":"Happy Flower"},{"floor":11,"key":"Odd Mushroom"}],"event_choices":[{"damage_healed":0,"gold_gain":0,"player_choice":"Ignored","damage_taken":0,"max_hp_gain":0,"max_hp_loss":0,"event_name":"Liars Game","floor":5,"gold_loss":0},{"damage_healed":0,"gold_gain":0,"player_choice":"Fought Mushrooms","damage_taken":0,"max_hp_gain":0,"max_hp_loss":0,"event_name":"Mushrooms","floor":11,"gold_loss":0},{"damage_healed":0,"gold_gain":0,"cards_transformed":["Strike_R"],"player_choice":"Transformed","damage_taken":0,"max_hp_gain":0,"max_hp_loss":0,"event_name":"Transmorgrifier","floor":12,"gold_loss":0,"cards_obtained":["Combust"]}],"is_beta":false,"boss_relics":[],"items_purged_floors":[2],"is_endless":false,"potions_floor_spawned":[1,3],"killed_by":"Slime Boss","ascension_level":2}