{"gold_per_floor":[11,23,43,56,21,55,55,25,25,25,51,51,69,69,69,173,173,189,189],"floor_reached":19,"playtime":3855,"items_purged":[],"score":186,"play_id":"7eccfaa4-a786-4160-9b67-d18848be86e3","local_time":"20190226121615","is_ascension_mode":true,"campfire_choices":[{"data":"Armaments","floor":7,"key":"SMITH"},{"data":"Rampage","floor":10,"key":"SMITH"},{"data":"Seeing Red","floor":15,"key":"SMITH"}],"neow_cost":"NO_GOLD","seed_source_timestamp":155847552136600,"circlet_count":0,"master_deck":["Strike_R","Strike_R","Strike_R","Defend_R","Defend_R","Defend_R","Bash","Limit Break","Armaments+1","Rampage+1","Seeing Red+1","Reaper","Feel No Pain","Power Through","Demon Form","Rage"],"relics":["Burning Blood","Happy Flower","Bottled Lightning","Calipers","Empty Cage"],"potions_floor_usage":[6,6,19],"damage_taken":[{"damage":6,"enemies":"Jaw Worm","floor":1,"turns":5},{"damage":0,"enemies":"Small Slimes","floor":2,"turns":5},{"damage":1,"enemies":"Cultist","floor":3,"turns":4},{"damage":9,"enemies":"Blue Slaver","floor":4,"turns":4},{"damage":35,"enemies":"3 Sentries","floor":6,"turns":12},{"damage":5,"enemies":"Looter","floor":8,"turns":4},{"damage":13,"enemies":"Lagavulin","floor":11,"turns":5},{"damage":11,"enemies":"2 Fungi Beasts","floor":13,"turns":5},{"damage":56,"enemies":"The Guardian","floor":16,"turns":17},{"damage":25,"enemies":"Shell Parasite","floor":18,"turns":6},{"damage":64,"enemies":"3 Byrds","floor":19,"turns":7}],"seed_played":"-5190101717899280789","potions_obtained":[{"floor":1,"key":"Weak Potion"},{"floor":4,"key":"Regen Potion"},{"floor":18,"key":"Ancient Potion"}],"is_trial":false,"path_per_floor":["M","M","M","M","$","E","R","M","T","R","E","?","M","?","R","B",null,"M","M"],"character_chosen":"IRONCLAD","items_purchased":["Seeing Red"],"campfire_rested":0,"item_purchase_floors":[5],"current_hp_per_floor":[80,80,80,77,77,63,63,64,64,64,57,57,62,62,62,17,80,61,0],"gold":189,"neow_bonus":"THREE_RARE_CARDS","is_prod":false,"is_daily":false,"chose_seed":false,"campfire_upgraded":3,"win_rate":0,"timestamp":1551208575,"path_taken":["M","M","M","M","$","E","R","M","T","R","E","?","M","?","R","BOSS","M","M"],"build_version":"2019-01-23","purchased_purges":0,"victory":false,"max_hp_per_floor":[80,80,80,80,80,80,80,80,80,80,80,80,80,80,80,80,80,80,80],"card_choices":[{"not_picked":["Dark Embrace","Exhume"],"picked":"Limit Break","floor":0},{"not_picked":["Fire Breathing","Havoc"],"picked":"Armaments","floor":1},{"not_picked":["True Grit","Flex"],"picked":"Rampage","floor":2},{"not_picked":["Bloodletting","Havoc","Perfected Strike"],"picked":"SKIP","floor":3},{"not_picked":["True Grit","Armaments","Feel No Pain"],"picked":"SKIP","floor":4},{"not_picked":["Headbutt","Sentinel","Cleave"],"picked":"SKIP","floor":6},{"not_picked":["True Grit","Headbutt","Armaments"],"picked":"SKIP","floor":8},{"not_picked":["Power Through","Clash"],"picked":"Reaper","floor":11},{"not_picked":["Flex","True Grit"],"picked":"Feel No Pain","floor":13},{"not_picked":["Offering","Barricade"],"picked":"Demon Form","floor":16},{"not_picked":["Headbutt","Clash"],"picked":"Rage","floor":18}],"player_experience":104101,"relics_obtained":[{"floor":6,"key":"Happy Flower"},{"floor":9,"key":"Bottled Lightning"},{"floor":11,"key":"Calipers"}],"event_choices":[{"damage_healed":0,"gold_gain":0,"player_choice":"Ignored","damage_taken":0,"max_hp_gain":0,"max_hp_loss":0,"event_name":"Shining Light","floor":12,"gold_loss":0},{"damage_healed":0,"gold_gain":0,"cards_transformed":["Strike_R"],"player_choice":"Transformed","damage_taken":0,"max_hp_gain":0,"max_hp_loss":0,"event_name":"Transmorgrifier","floor":14,"gold_loss":0,"cards_obtained":["Power Through"]}],"is_beta":false,"boss_relics":[{"not_picked":["Velvet Choker","Cursed Key"],"picked":"Empty Cage"}],"items_purged_floors":[],"is_endless":false,"potions_floor_spawned":[1,4,18],"killed_by":"3 Byrds","ascension_level":1}