{"gold_per_floor":[114,71,71,81,37,62,62,92,92,102,102,116,116,131,131,208,208,224,196,196,169,149,184,184,184],"floor_reached":25,"playtime":921,"items_purged":[],"score":483,"play_id":"f6c8db27-fe13-45e8-b669-89764e7e452c","local_time":"20190305213542","is_ascension_mode":true,"campfire_choices":[{"data":"Rampage","floor":7,"key":"SMITH"},{"floor":15,"key":"REST"},{"floor":24,"key":"REST"}],"neow_cost":"NONE","seed_source_timestamp":7687152293117,"circlet_count":0,"master_deck":["AscendersBane","Strike_R+1","Strike_R","Strike_R","Strike_R","Strike_R","Defend_R","Defend_R+1","Defend_R+1","Defend_R","Bash","Cleave","Anger+1","Flame Barrier","Rampage+1","Iron Wave","Armaments","Feel No Pain","Feed","Juggernaut","True Grit","Shrug It Off","Feel No Pain","Impervious"],"relics":["Burning Blood","NeowsBlessing","War Paint","Whetstone","Nunchaku","Du-Vu Doll","Magic Flower","Runic Cube","Lantern"],"potions_floor_usage":[8,16,23,23],"damage_taken":[{"damage":0,"enemies":"Cultist","floor":1,"turns":1},{"damage":0,"enemies":"2 Louse","floor":4,"turns":1},{"damage":0,"enemies":"3 Sentries","floor":6,"turns":1},{"damage":32,"enemies":"Gremlin Nob","floor":8,"turns":4},{"damage":5,"enemies":"Small Slimes","floor":10,"turns":2},{"damage":0,"enemies":"Exordium Thugs","floor":12,"turns":4},{"damage":9,"enemies":"2 Fungi Beasts","floor":14,"turns":3},{"damage":60,"enemies":"Hexaghost","floor":16,"turns":10},{"damage":23,"enemies":"Spheric Guardian","floor":18,"turns":6},{"damage":12,"enemies":"2 Thieves","floor":21,"turns":4},{"damage":59,"enemies":"Book of Stabbing","floor":23,"turns":6},{"damage":76,"enemies":"Gremlin Leader","floor":25,"turns":5}],"seed_played":"5051843351280718763","potions_obtained":[{"floor":6,"key":"Explosive Potion"},{"floor":10,"key":"FearPotion"},{"floor":21,"key":"PowerPotion"},{"floor":22,"key":"Strength Potion"}],"is_trial":false,"path_per_floor":["M","$","T","M","$","E","R","E","T","M","?","M","?","M","R","B",null,"M","$","?","M","?","E","R","E"],"character_chosen":"IRONCLAD","items_purchased":["Power Through","Flame Barrier","Shrug It Off"],"campfire_rested":2,"item_purchase_floors":[2,5,19],"current_hp_per_floor":[74,74,74,75,75,75,75,49,49,50,55,61,61,61,80,29,67,58,58,83,85,85,40,66,0],"gold":184,"neow_bonus":"THREE_ENEMY_KILL","is_prod":false,"is_daily":false,"chose_seed":false,"campfire_upgraded":1,"win_rate":0,"timestamp":1551782142,"path_taken":["M","$","?","M","$","E","R","E","T","?","?","M","?","?","R","BOSS","M","$","?","?","?","E","R","E"],"build_version":"2019-01-23","purchased_purges":0,"victory":false,"max_hp_per_floor":[75,75,75,75,75,75,75,75,75,75,80,80,80,80,80,80,80,83,83,83,86,86,89,89,89],"card_choices":[{"not_picked":["Wild Strike","Pommel Strike"],"picked":"Cleave","floor":1},{"not_picked":["Dropkick","Thunderclap"],"picked":"Anger","floor":4},{"not_picked":["Dual Wield","Burning Pact"],"picked":"Rampage","floor":6},{"not_picked":["Rampage","Carnage"],"picked":"Iron Wave","floor":8},{"not_picked":["Fire Breathing","Clash"],"picked":"Armaments","floor":10},{"not_picked":["Twin Strike","Flex"],"picked":"Feel No Pain","floor":12},{"not_picked":["Clothesline","Clash"],"picked":"Feed","floor":14},{"not_picked":["Exhume","Fiend Fire"],"picked":"Juggernaut","floor":16},{"not_picked":["Flex","Pommel Strike"],"picked":"True Grit","floor":18},{"not_picked":["Armaments","Headbutt"],"picked":"Feel No Pain","floor":21},{"not_picked":["Intimidate","Thunderclap"],"picked":"Impervious","floor":23}],"player_experience":802400,"relics_obtained":[{"floor":3,"key":"War Paint"},{"floor":6,"key":"Whetstone"},{"floor":8,"key":"Nunchaku"},{"floor":9,"key":"Du-Vu Doll"},{"floor":23,"key":"Lantern"}],"event_choices":[{"damage_healed":0,"gold_gain":0,"player_choice":"Donut","damage_taken":0,"max_hp_gain":5,"max_hp_loss":0,"event_name":"Big Fish","floor":11,"gold_loss":0},{"damage_healed":0,"gold_gain":0,"player_choice":"Searched \u00271\u0027 times","damage_taken":0,"relics_obtained":["Magic Flower"],"max_hp_gain":0,"max_hp_loss":0,"event_name":"Dead Adventurer","floor":13,"gold_loss":0},{"cards_removed":["Power Through"],"damage_healed":25,"gold_gain":0,"player_choice":"Offered Uncommon","damage_taken":0,"max_hp_gain":0,"max_hp_loss":0,"event_name":"Bonfire Elementals","floor":20,"gold_loss":0},{"damage_healed":0,"gold_gain":0,"player_choice":"Bought 1 Potion","damage_taken":0,"max_hp_gain":0,"max_hp_loss":0,"event_name":"The Woman in Blue","floor":22,"gold_loss":0}],"is_beta":false,"boss_relics":[{"not_picked":["Velvet Choker","Snecko Eye"],"picked":"Runic Cube"}],"items_purged_floors":[],"is_endless":false,"potions_floor_spawned":[6,10,21],"killed_by":"Gremlin Leader","ascension_level":18}