{"gold_per_floor":[119,41,41,64,38,38,38,54,54,54,54,87,87,121,121,212,212,233,252,252],"floor_reached":20,"playtime":836,"items_purged":[],"score":342,"play_id":"78ae86f6-65ef-46b9-9046-62754e32155f","local_time":"20190313213848","is_ascension_mode":true,"campfire_choices":[{"data":"Feel No Pain","floor":6,"key":"SMITH"},{"data":"Anger","floor":10,"key":"SMITH"},{"data":"Disarm","floor":13,"key":"SMITH"},{"floor":15,"key":"REST"}],"neow_cost":"NONE","seed_source_timestamp":330829889916496,"circlet_count":0,"master_deck":["AscendersBane","Defend_R","Defend_R","Defend_R","Defend_R","Bash","Twin Strike","Feel No Pain+1","Metallicize","Shrug It Off","Disarm+1","Anger+1","Thunderclap","Fire Breathing","Impervious","Double Tap+1","Sever Soul+1","Barricade+1","Body Slam","Corruption"],"relics":["Burning Blood","NeowsBlessing","Golden Idol","Question Card","Art of War","Happy Flower","Astrolabe"],"potions_floor_usage":[12,16,16,20],"damage_taken":[{"damage":0,"enemies":"Cultist","floor":1,"turns":1},{"damage":0,"enemies":"2 Louse","floor":4,"turns":1},{"damage":0,"enemies":"Jaw Worm","floor":8,"turns":1},{"damage":11,"enemies":"Lagavulin","floor":12,"turns":8},{"damage":18,"enemies":"3 Sentries","floor":14,"turns":11},{"damage":42,"enemies":"Slime Boss","floor":16,"turns":10},{"damage":17,"enemies":"3 Byrds","floor":18,"turns":7},{"damage":31,"enemies":"2 Thieves","floor":19,"turns":5},{"damage":45,"enemies":"Cultist and Chosen","floor":20,"turns":7}],"seed_played":"-9187381394806694524","potions_obtained":[{"floor":4,"key":"BloodPotion"},{"floor":8,"key":"EssenceOfSteel"},{"floor":14,"key":"Explosive Potion"},{"floor":19,"key":"Regen Potion"}],"is_trial":false,"path_per_floor":["M","$","?","M","$","R","?","M","T","R","?","E","R","E","R","B",null,"M","M","M"],"character_chosen":"IRONCLAD","items_purchased":["Feel No Pain","Shrug It Off"],"campfire_rested":1,"item_purchase_floors":[2,5],"current_hp_per_floor":[74,74,48,54,54,54,54,60,60,60,60,55,55,43,65,36,65,54,29,0],"gold":252,"neow_bonus":"THREE_ENEMY_KILL","is_prod":false,"is_daily":false,"chose_seed":false,"campfire_upgraded":3,"win_rate":0,"timestamp":1552473528,"path_taken":["M","?","?","M","?","R","?","?","T","R","?","E","R","E","R","BOSS","M","M","M"],"build_version":"2019-01-23","purchased_purges":0,"victory":false,"max_hp_per_floor":[75,75,75,75,75,75,75,75,75,75,75,75,75,75,75,75,75,75,75,75],"card_choices":[{"not_picked":["Power Through","Wild Strike"],"picked":"Twin Strike","floor":1},{"not_picked":["Thunderclap","Wild Strike"],"picked":"Metallicize","floor":4},{"not_picked":["Pommel Strike","Searing Blow"],"picked":"Anger","floor":8},{"not_picked":["Sever Soul","Havoc","Pummel"],"picked":"Thunderclap","floor":12},{"not_picked":["Immolate","Wild Strike","Bloodletting"],"picked":"Fire Breathing","floor":14},{"not_picked":["Brutality","Offering","Dark Embrace"],"picked":"Impervious","floor":16},{"not_picked":["Power Through+1","Evolve","Fire Breathing"],"picked":"Body Slam","floor":18},{"not_picked":["Thunderclap","Shrug It Off","Havoc"],"picked":"Corruption","floor":19}],"player_experience":847161,"relics_obtained":[{"floor":9,"key":"Question Card"},{"floor":12,"key":"Art of War"},{"floor":14,"key":"Happy Flower"}],"event_choices":[{"damage_healed":0,"gold_gain":0,"player_choice":"Take Damage","damage_taken":26,"relics_obtained":["Golden Idol"],"max_hp_gain":0,"max_hp_loss":0,"event_name":"Golden Idol","floor":3,"gold_loss":0},{"damage_healed":0,"gold_gain":0,"cards_transformed":["Strike_R"],"player_choice":"Change","damage_taken":0,"max_hp_gain":0,"max_hp_loss":0,"event_name":"Living Wall","floor":7,"gold_loss":0,"cards_obtained":["Disarm"]},{"cards_removed":["Strike_R"],"damage_healed":0,"gold_gain":0,"player_choice":"Offered Basic","damage_taken":0,"max_hp_gain":0,"max_hp_loss":0,"event_name":"Bonfire Elementals","floor":11,"gold_loss":0}],"is_beta":false,"boss_relics":[{"not_picked":["Coffee Dripper","Tiny House"],"picked":"Astrolabe"}],"items_purged_floors":[],"is_endless":false,"potions_floor_spawned":[4,8,14,19],"killed_by":"Cultist and Chosen","ascension_level":18}