{"gold_per_floor":[15,26,26,26,201,201,230,249,249,149,149,175,185,261,261,357,357,376,387,387,404,36,36,53,53,53,65,65,65,65],"floor_reached":30,"playtime":2086,"items_purged":["Strike_B"],"score":274,"play_id":"507f0e2f-0051-43df-b618-1b4828ff2cc4","local_time":"20190125103854","is_ascension_mode":true,"campfire_choices":[{"data":"Madness","floor":6.0,"key":"SMITH"},{"floor":11.0,"key":"REST"},{"floor":15.0,"key":"REST"},{"floor":23.0,"key":"REST"},{"floor":25.0,"key":"REST"}],"neow_cost":"NO_GOLD","seed_source_timestamp":0,"circlet_count":0,"master_deck":["Strike_B","Defend_B","Defend_B","Defend_B","Zap","Dualcast","Madness+1","Purity","Cold Snap","Double Energy","Melter","Doubt","Sunder","Leap","Cold Snap","Hello World+1","Redo","Creative AI+1","Auto Shields+1","Leap+1","FTL","Steam","Cold Snap+1","Heatsinks+1","Gash"],"special_seed":0,"relics":["FrozenCore","Frozen Egg 2","Omamori","Dead Branch","Gremlin Horn","Letter Opener","Tiny Chest","Pen Nib"],"potions_floor_usage":[30],"damage_taken":[{"damage":3.0,"enemies":"2 Louse","floor":1.0,"turns":3.0},{"damage":10.0,"enemies":"Jaw Worm","floor":2.0,"turns":3.0},{"damage":37.0,"enemies":"Lagavulin","floor":7.0,"turns":6.0},{"damage":0.0,"enemies":"Small Slimes","floor":8.0,"turns":2.0},{"damage":12.0,"enemies":"3 Sentries","floor":12.0,"turns":10.0},{"damage":10.0,"enemies":"Blue Slaver","floor":13.0,"turns":3.0},{"damage":40.0,"enemies":"Hexaghost","floor":16.0,"turns":12.0},{"damage":34.0,"enemies":"2 Thieves","floor":18.0,"turns":5.0},{"damage":0.0,"enemies":"Spheric Guardian","floor":19.0,"turns":1.0},{"damage":1.0,"enemies":"Snecko","floor":21.0,"turns":10.0},{"damage":26.0,"enemies":"Chosen and Byrds","floor":24.0,"turns":7.0},{"damage":60.0,"enemies":"3 Cultists","floor":27.0,"turns":9.0},{"damage":34,"enemies":"Book of Stabbing","floor":30,"turns":7}],"seed_played":"700381902216193686","potions_obtained":[{"floor":7.0,"key":"Strength Potion"},{"floor":12.0,"key":"Poison Potion"},{"floor":13.0,"key":"EssenceOfSteel"},{"floor":21.0,"key":"Ancient Potion"},{"floor":27.0,"key":"EssenceOfSteel"}],"is_trial":false,"path_per_floor":["M","M","?","?","?","R","E","M","T","$","R","E","M","T","R","B",null,"M","M","?","M","$","R","M","R","T","M","?","?","E"],"character_chosen":"DEFECT","items_purchased":["Cold Snap","Letter Opener","Tiny Chest"],"campfire_rested":4,"item_purchase_floors":[10,22,22],"current_hp_per_floor":[72,62,67,67,67,67,30,30,30,30,54,42,32,32,56,16,80,46,46,46,45,45,69,43,67,67,7,33,33,0],"gold":65,"neow_bonus":"RANDOM_COLORLESS_2","is_prod":false,"is_daily":false,"chose_seed":false,"campfire_upgraded":1,"win_rate":0,"timestamp":1548373134,"path_taken":["M","M","?","?","?","R","E","M","T","?","R","E","?","?","R","BOSS","M","M","?","M","$","R","M","R","T","M","?","?","E"],"build_version":"2019-01-23","purchased_purges":1,"victory":false,"max_hp_per_floor":[75,75,80,80,80,80,80,80,80,80,80,80,80,80,80,80,80,80,80,80,80,80,80,80,80,80,80,80,80,80],"card_choices":[{"not_picked":["Darkness","Redo"],"picked":"Cold Snap","floor":1.0},{"not_picked":["Reinforced Body","Beam Cell"],"picked":"Double Energy","floor":2.0},{"not_picked":["Stack","Go for the Eyes"],"picked":"Sunder","floor":7.0},{"not_picked":["White Noise","Barrage"],"picked":"Leap","floor":8.0},{"not_picked":["Meteor Strike","Ball Lightning"],"picked":"Hello World+1","floor":12.0},{"not_picked":["Recycle","Go for the Eyes"],"picked":"Redo","floor":13.0},{"not_picked":["Machine Learning+1","Meteor Strike"],"picked":"Creative AI+1","floor":16.0},{"not_picked":["Skim+1","Cold Snap"],"picked":"Auto Shields+1","floor":18.0},{"not_picked":["Barrage","Glacier"],"picked":"Leap+1","floor":19.0},{"not_picked":["Doom and Gloom+1","Beam Cell+1"],"picked":"FTL","floor":21.0},{"not_picked":["Rebound","Undo"],"picked":"Steam","floor":24.0},{"not_picked":["Stack","Hologram+1"],"picked":"Cold Snap+1","floor":27.0}],"player_experience":544167,"relics_obtained":[{"floor":7.0,"key":"Frozen Egg 2"},{"floor":9.0,"key":"Omamori"},{"floor":12.0,"key":"Dead Branch"},{"floor":14.0,"key":"Gremlin Horn"},{"floor":26.0,"key":"Pen Nib"}],"event_choices":[{"damage_healed":0.0,"max_hp_gain":5.0,"max_hp_loss":0.0,"gold_gain":0.0,"event_name":"Big Fish","player_choice":"Donut","floor":3.0,"gold_loss":0.0,"damage_taken":0.0},{"damage_healed":0.0,"max_hp_gain":0.0,"max_hp_loss":0.0,"gold_gain":0.0,"cards_transformed":["Strike_B"],"event_name":"Living Wall","player_choice":"Change","floor":4.0,"gold_loss":0.0,"damage_taken":0.0,"cards_obtained":["Melter"]},{"damage_healed":0.0,"max_hp_gain":0.0,"max_hp_loss":0.0,"gold_gain":175.0,"event_name":"Liars Game","player_choice":"AGREE","floor":5.0,"gold_loss":0.0,"damage_taken":0.0,"cards_obtained":["Doubt"]},{"damage_healed":0.0,"max_hp_gain":0.0,"max_hp_loss":0.0,"gold_gain":0.0,"event_name":"Ghosts","player_choice":"Ignored","floor":20.0,"gold_loss":0.0,"damage_taken":0.0},{"damage_healed":26.0,"max_hp_gain":0.0,"max_hp_loss":0.0,"gold_gain":0.0,"event_name":"The Library","player_choice":"Heal","floor":28.0,"gold_loss":0.0,"damage_taken":0.0},{"damage_healed":0.0,"max_hp_gain":0.0,"max_hp_loss":0.0,"gold_gain":0.0,"cards_transformed":["Strike_B","Defend_B"],"event_name":"Drug Dealer","player_choice":"Became Test Subject","floor":29.0,"gold_loss":0.0,"damage_taken":0.0,"cards_obtained":["Heatsinks","Gash"]}],"is_beta":false,"boss_relics":[{"not_picked":["Astrolabe","Snecko Eye"],"picked":"FrozenCore"}],"items_purged_floors":[10],"is_endless":false,"potions_floor_spawned":[7,12,13,21,24,27],"killed_by":"Book of Stabbing","ascension_level":3}