{"gold_per_floor":[117,131,131,131,155,155,120,120,120,138,128,139,139,151,151,249,249,263,277,293,49,66,66,66,91,91,91,91],"floor_reached":28,"playtime":5952,"items_purged":["Strike_B"],"score":267,"play_id":"178e0220-e760-48e7-a2dd-ca93b7ee39f5","local_time":"20190314132451","is_ascension_mode":true,"campfire_choices":[{"floor":6.0,"key":"REST"},{"data":"Zap","floor":8.0,"key":"SMITH"},{"data":"Self Repair","floor":15.0,"key":"SMITH"},{"data":"Chrysalis","floor":23,"key":"SMITH"}],"neow_cost":"NONE","seed_source_timestamp":0,"circlet_count":0,"master_deck":["Defend_B+1","Zap+1","Dualcast","Undo","Doom and Gloom+1","Capacitor","Self Repair+1","Cold Snap","Multi-Cast","Core Surge+1","Rainbow+1","Reinforced Body+1","Rip and Tear+1","Chrysalis+1","Bite","Bite","Bite","Bite","Bite"],"special_seed":0,"relics":["Cracked Core","Potion Belt","Bottled Tornado","Singing Bowl","Astrolabe","Oddly Smooth Stone","Lantern","Bird Faced Urn"],"potions_floor_usage":[20,28,28],"damage_taken":[{"damage":0.0,"enemies":"Small Slimes","floor":1.0,"turns":3.0},{"damage":0.0,"enemies":"2 Louse","floor":2.0,"turns":4.0},{"damage":6.0,"enemies":"Jaw Worm","floor":10.0,"turns":3.0},{"damage":4.0,"enemies":"Exordium Thugs","floor":11.0,"turns":4.0},{"damage":5.0,"enemies":"Gremlin Gang","floor":12.0,"turns":2.0},{"damage":7.0,"enemies":"Large Slime","floor":14.0,"turns":3.0},{"damage":22.0,"enemies":"Hexaghost","floor":16.0,"turns":11.0},{"damage":2.0,"enemies":"Chosen","floor":18.0,"turns":5.0},{"damage":13,"enemies":"Spheric Guardian","floor":19,"turns":4},{"damage":28,"enemies":"Shelled Parasite and Fungi","floor":20,"turns":7},{"damage":17,"enemies":"Cultist and Chosen","floor":22,"turns":9},{"damage":62,"enemies":"Book of Stabbing","floor":25,"turns":7},{"damage":38,"enemies":"3 Cultists","floor":28,"turns":4}],"seed_played":"7777147764899866173","potions_obtained":[{"floor":1.0,"key":"LiquidBronze"},{"floor":14.0,"key":"Explosive Potion"},{"floor":18,"key":"AttackPotion"},{"floor":19,"key":"Dexterity Potion"},{"floor":22,"key":"SteroidPotion"}],"is_trial":false,"path_per_floor":["M","M","?","?","T","R","$","R","T","M","M","M","T","M","R","B",null,"M","M","M","$","M","R","?","E","T","T","M"],"character_chosen":"DEFECT","items_purchased":["Capacitor","Chrysalis"],"campfire_rested":1,"item_purchase_floors":[7,21],"current_hp_per_floor":[75,75,75,60,60,75,75,75,75,69,72,67,67,69,69,57,77,79,78,60,60,55,55,55,15,15,15,0],"gold":91,"neow_bonus":"TRANSFORM_CARD","is_prod":false,"is_daily":false,"chose_seed":false,"campfire_upgraded":3,"win_rate":0,"timestamp":1552595091,"path_taken":["M","M","?","?","?","R","$","R","T","M","M","?","?","M","R","BOSS","M","?","M","$","M","R","?","E","T","?","M"],"build_version":"2019-01-23","purchased_purges":1,"victory":false,"max_hp_per_floor":[75,75,75,75,75,75,75,75,75,75,75,75,75,77,77,77,77,79,81,81,81,83,83,58,60,60,60,60],"card_choices":[{"not_picked":["Melter","Stack"],"picked":"Doom and Gloom","floor":1.0},{"not_picked":["Turbo","Leap","Beam Cell"],"picked":"SKIP","floor":2.0},{"not_picked":["Double Energy","Stack"],"picked":"Self Repair","floor":10.0},{"not_picked":["Scrape","Rip and Tear","Reinforced Body"],"picked":"SKIP","floor":11.0},{"not_picked":["Turbo","BootSequence"],"picked":"Cold Snap","floor":12.0},{"not_picked":["Doom and Gloom","Melter","Conserve Battery"],"picked":"Singing Bowl","floor":14.0},{"not_picked":["Rainbow","Seek"],"picked":"Multi-Cast","floor":16.0},{"not_picked":["Sweeping Beam","Redo","Conserve Battery"],"picked":"Singing Bowl","floor":18},{"not_picked":["BootSequence+1","Self Repair","Heatsinks"],"picked":"Singing Bowl","floor":19},{"not_picked":["Ball Lightning","Beam Cell+1"],"picked":"Rip and Tear+1","floor":20},{"not_picked":["Hologram+1","Leap","Beam Cell+1"],"picked":"Singing Bowl","floor":22},{"not_picked":["Leap","Coolheaded+1","Skim+1"],"picked":"Singing Bowl","floor":25}],"player_experience":284818,"relics_obtained":[{"floor":5.0,"key":"Potion Belt"},{"floor":9.0,"key":"Bottled Tornado"},{"floor":13.0,"key":"Singing Bowl"},{"floor":25,"key":"Oddly Smooth Stone"},{"floor":26,"key":"Lantern"},{"floor":27,"key":"Bird Faced Urn"}],"event_choices":[{"cards_removed":["Defend_B"],"damage_healed":0.0,"max_hp_gain":0.0,"max_hp_loss":0.0,"gold_gain":0.0,"event_name":"Living Wall","player_choice":"Forget","floor":3.0,"gold_loss":0.0,"damage_taken":0.0},{"damage_healed":0.0,"max_hp_gain":0.0,"max_hp_loss":0.0,"gold_gain":0.0,"event_name":"Shining Light","player_choice":"Entered Light","floor":4.0,"gold_loss":0.0,"damage_taken":15.0,"cards_upgraded":["Defend_B","Doom and Gloom"]},{"damage_healed":0,"gold_gain":0,"player_choice":"Became a vampire","damage_taken":0,"max_hp_gain":0,"max_hp_loss":25,"event_name":"Vampires","floor":24,"gold_loss":0,"cards_obtained":["Bite","Bite","Bite","Bite","Bite"]}],"is_beta":false,"boss_relics":[{"not_picked":["Cursed Key","Tiny House"],"picked":"Astrolabe"}],"items_purged_floors":[21],"is_endless":false,"potions_floor_spawned":[1,14,18,19,22],"killed_by":"3 Cultists","ascension_level":1}