{"gold_per_floor":[109,34,50,70,70,70,87,46,46,46,46,74,86,98,98,98],"floor_reached":16,"playtime":1292,"items_purged":["Strike_R"],"score":102,"play_id":"7a663218-f717-4ecf-91ce-851aeaf73164","local_time":"20190303210319","is_ascension_mode":false,"campfire_choices":[{"data":"Seeing Red","floor":6,"key":"SMITH"},{"floor":11,"key":"RECALL"},{"floor":15,"key":"REST"}],"neow_cost":"NONE","seed_source_timestamp":622045296647200,"circlet_count":0,"master_deck":["Strike_R","Strike_R","Strike_R","Strike_R","Defend_R","Defend_R","Defend_R","Defend_R","Bash","Seeing Red+1","Hemokinesis","Metallicize","Flex+1","Fire Breathing"],"relics":["Burning Blood","NlothsMask","Toxic Egg 2"],"potions_floor_usage":[12,12,13],"damage_taken":[{"damage":1,"enemies":"Cultist","floor":1,"turns":3},{"damage":0,"enemies":"Small Slimes","floor":3,"turns":3},{"damage":0,"enemies":"2 Louse","floor":4,"turns":3},{"damage":12,"enemies":"Exordium Wildlife","floor":7,"turns":7},{"damage":51,"enemies":"Lagavulin","floor":12,"turns":11},{"damage":8,"enemies":"Exordium Thugs","floor":13,"turns":6},{"damage":0,"enemies":"Large Slime","floor":14,"turns":5},{"damage":75,"enemies":"The Guardian","floor":16,"turns":12}],"seed_played":"-6411656963562235457","potions_obtained":[{"floor":4,"key":"SpeedPotion"},{"floor":7,"key":"SteroidPotion"},{"floor":12,"key":"Ancient Potion"}],"is_trial":false,"path_per_floor":["M","$","M","M","?","R","M","$","T","?","R","E","M","M","R","B"],"character_chosen":"IRONCLAD","items_purchased":["Metallicize"],"campfire_rested":1,"item_purchase_floors":[8],"current_hp_per_floor":[88,88,88,88,93,93,87,87,87,87,87,42,40,46,73,0],"gold":98,"neow_bonus":"TEN_PERCENT_HP_BONUS","is_prod":false,"is_daily":false,"chose_seed":false,"campfire_upgraded":1,"win_rate":0,"timestamp":1551672199,"path_taken":["M","$","M","M","?","R","M","$","T","?","R","E","M","M","R","BOSS"],"build_version":"2019-01-23","purchased_purges":1,"victory":false,"max_hp_per_floor":[88,88,88,88,93,93,93,93,93,93,93,93,93,93,93,93],"card_choices":[{"not_picked":["Pommel Strike","Anger","Body Slam"],"picked":"SKIP","floor":1},{"not_picked":["Burning Pact","Twin Strike"],"picked":"Seeing Red","floor":3},{"not_picked":["Clothesline","True Grit","Second Wind"],"picked":"SKIP","floor":4},{"not_picked":["Sever Soul","Second Wind"],"picked":"Hemokinesis","floor":7},{"not_picked":["Thunderclap","Body Slam"],"picked":"Flex","floor":12},{"not_picked":["Clothesline","Clash","Anger"],"picked":"SKIP","floor":13},{"not_picked":["Sever Soul","Immolate"],"picked":"Fire Breathing","floor":14}],"player_experience":182364,"relics_obtained":[{"floor":12,"key":"Toxic Egg 2"}],"event_choices":[{"damage_healed":0,"gold_gain":0,"player_choice":"Donut","damage_taken":0,"max_hp_gain":5,"max_hp_loss":0,"event_name":"Big Fish","floor":5,"gold_loss":0},{"damage_healed":0,"gold_gain":0,"player_choice":"Trade","damage_taken":0,"relics_obtained":["NlothsMask"],"max_hp_gain":0,"max_hp_loss":0,"event_name":"FaceTrader","floor":10,"gold_loss":0}],"is_beta":false,"boss_relics":[],"items_purged_floors":[2],"is_endless":false,"potions_floor_spawned":[4,7,12],"killed_by":"The Guardian","ascension_level":0}