{"gold_per_floor":[111,63,238,91,166,197,209,209,209,228,228,244,244,270,270,367,367,386,27,18,28,41,41,76,1,31,0,0,0,0,14,14,14],"floor_reached":33,"playtime":3569,"items_purged":["Doubt"],"score":328,"play_id":"a50489c9-6cff-4ad5-a95f-5d20ccf5d103","local_time":"20190802090434","is_ascension_mode":true,"campfire_choices":[{"floor":8.0,"key":"REST"},{"data":"Footwork","floor":11.0,"key":"SMITH"},{"floor":13.0,"key":"REST"},{"data":"Bane","floor":15.0,"key":"SMITH"},{"floor":23,"key":"REST"},{"floor":28,"key":"REST"},{"floor":30,"key":"REST"},{"floor":32,"key":"REST"}],"neow_cost":"TEN_PERCENT_HP_LOSS","seed_source_timestamp":467090818117000,"circlet_count":0,"master_deck":["Strike_G","Strike_G","Strike_G","Strike_G","Defend_G","Defend_G","Defend_G","Defend_G","Defend_G","Survivor","Neutralize","Envenom","Footwork+1","Bane+1","Infinite Blades","Corpse Explosion","Bane","Cloak And Dagger","Setup","Crippling Poison","Storm of Steel","Blur+1","After Image","Sadistic Nature","Dodge and Roll+1","Flying Knee","Masterful Stab"],"special_seed":0,"relics":["Ring of the Snake","Anchor","Pantograph","Ninja Scroll","WristBlade","Membership Card","Mercury Hourglass","Tiny Chest"],"potions_floor_usage":[24,24,24],"damage_taken":[{"damage":1.0,"enemies":"Jaw Worm","floor":1.0,"turns":4.0},{"damage":24.0,"enemies":"Gremlin Nob","floor":6.0,"turns":5.0},{"damage":0.0,"enemies":"2 Louse","floor":7.0,"turns":2.0},{"damage":0.0,"enemies":"Small Slimes","floor":10.0,"turns":3.0},{"damage":0.0,"enemies":"2 Fungi Beasts","floor":12.0,"turns":2.0},{"damage":5.0,"enemies":"3 Sentries","floor":14.0,"turns":4.0},{"damage":31.0,"enemies":"Slime Boss","floor":16.0,"turns":7.0},{"damage":0,"enemies":"3 Byrds","floor":18,"turns":2},{"damage":0,"enemies":"2 Thieves","floor":20,"turns":4},{"damage":18,"enemies":"Centurion and Healer","floor":21,"turns":6},{"damage":26,"enemies":"Snake Plant","floor":22,"turns":4},{"damage":28,"enemies":"Gremlin Leader","floor":24,"turns":6},{"damage":20,"enemies":"Snecko","floor":31,"turns":8},{"damage":67,"enemies":"Champ","floor":33,"turns":9}],"seed_played":"-1776629649670959686","potions_obtained":[{"floor":6.0,"key":"SteroidPotion"},{"floor":7.0,"key":"Block Potion"},{"floor":10.0,"key":"PowerPotion"},{"floor":14.0,"key":"LiquidBronze"},{"floor":16.0,"key":"Weak Potion"},{"floor":21,"key":"Poison Potion"}],"is_trial":false,"path_per_floor":["M","$","?","$","?","E","M","R","T","M","R","M","R","E","R","B",null,"M","$","M","M","M","R","E","?","T","?","R","?","R","M","R","B"],"character_chosen":"THE_SILENT","items_purchased":["Bane","Infinite Blades","Membership Card","After Image","Sadistic Nature"],"campfire_rested":6,"item_purchase_floors":[2,4,19,19,19],"current_hp_per_floor":[62,62,62,62,51,27,27,45,45,45,45,45,63,58,58,32,63,63,63,63,45,19,37,9,9,9,9,27,27,45,25,43,0],"gold":14,"neow_bonus":"THREE_RARE_CARDS","is_prod":false,"is_daily":false,"chose_seed":false,"campfire_upgraded":2,"win_rate":0,"timestamp":1564761874,"path_taken":["M","$","?","$","?","E","M","R","T","M","R","M","R","E","R","BOSS","M","$","M","M","M","R","E","?","T","?","R","?","R","M","R","BOSS"],"build_version":"2019-07-17","purchased_purges":1,"victory":false,"max_hp_per_floor":[63,63,63,63,63,63,63,63,63,63,63,63,63,63,63,63,63,63,63,63,63,63,63,63,63,63,63,63,63,63,63,63,63],"card_choices":[{"not_picked":["Unload","Die Die Die"],"picked":"Envenom","floor":0.0},{"not_picked":["Slice","Sucker Punch"],"picked":"Footwork","floor":1.0},{"not_picked":["Flying Knee","Unload"],"picked":"Corpse Explosion","floor":6.0},{"not_picked":["Dash","Reflex"],"picked":"Bane","floor":7.0},{"not_picked":["Outmaneuver","Eviscerate"],"picked":"Cloak And Dagger","floor":10.0},{"not_picked":["Dodge and Roll","Heel Hook"],"picked":"Setup","floor":12.0},{"not_picked":["Reflex","Dagger Throw"],"picked":"Crippling Poison","floor":14.0},{"not_picked":["Night Terror","Bullet Time"],"picked":"Storm of Steel","floor":16.0},{"not_picked":["Outmaneuver","Bane+1"],"picked":"Blur+1","floor":18},{"not_picked":["Masterful Stab","Sucker Punch"],"picked":"Dodge and Roll+1","floor":20},{"not_picked":["Acrobatics","Footwork","PiercingWail"],"picked":"SKIP","floor":21},{"not_picked":["Quick Slash","Bane+1"],"picked":"Flying Knee","floor":22},{"not_picked":["Acrobatics","Bouncing Flask+1"],"picked":"Masterful Stab","floor":24},{"not_picked":["Poisoned Stab+1","Die Die Die","Deadly Poison+1"],"picked":"SKIP","floor":31}],"player_experience":842701,"relics_obtained":[{"floor":6.0,"key":"Anchor"},{"floor":9.0,"key":"Pantograph"},{"floor":14.0,"key":"Ninja Scroll"},{"floor":24,"key":"Mercury Hourglass"},{"floor":26,"key":"Tiny Chest"}],"event_choices":[{"damage_healed":0.0,"max_hp_gain":0.0,"max_hp_loss":0.0,"gold_gain":175.0,"event_name":"Liars Game","player_choice":"AGREE","floor":3.0,"gold_loss":0.0,"damage_taken":0.0,"cards_obtained":["Doubt"]},{"damage_healed":0.0,"max_hp_gain":0.0,"max_hp_loss":0.0,"gold_gain":75.0,"event_name":"World of Goop","player_choice":"Gather Gold","floor":5.0,"gold_loss":0.0,"damage_taken":11.0},{"cards_removed":["Strike_G"],"damage_healed":0,"gold_gain":0,"player_choice":"Gave Gold","damage_taken":0,"max_hp_gain":0,"max_hp_loss":0,"event_name":"Beggar","floor":25,"gold_loss":75},{"damage_healed":0,"gold_gain":0,"player_choice":"Paid Fearfully","damage_taken":0,"max_hp_gain":0,"max_hp_loss":0,"event_name":"Masked Bandits","floor":27,"gold_loss":31},{"damage_healed":0,"gold_gain":0,"player_choice":"Ignored","damage_taken":0,"max_hp_gain":0,"max_hp_loss":0,"event_name":"Ghosts","floor":29,"gold_loss":0}],"is_beta":false,"boss_relics":[{"not_picked":["Cursed Key","Fusion Hammer"],"picked":"WristBlade"}],"items_purged_floors":[4],"is_endless":false,"potions_floor_spawned":[6,7,10,14,16,21],"killed_by":"Champ","ascension_level":4}