{"gold_per_floor":[364,381,401,351,31,31,56,56,56,74,93,93,103,117,117,222,222,241,6,6,19,19],"floor_reached":22,"playtime":1068,"items_purged":["Strike_R","Strike_R"],"score":263,"play_id":"bece7361-270b-48aa-b4dd-d7dc8db10cea","local_time":"20190805123014","is_ascension_mode":true,"campfire_choices":[{"data":"Searing Blow","floor":6.0,"key":"SMITH"},{"floor":8.0,"key":"REST"},{"data":"Searing Blow+1","floor":15,"key":"SMITH"}],"neow_cost":"PERCENT_DAMAGE","seed_source_timestamp":2215106535814799,"circlet_count":0,"master_deck":["Strike_R","Strike_R","Defend_R","Defend_R","Defend_R","Defend_R","Bash","Headbutt","Wild Strike","Searing Blow+2","Shrug It Off","True Grit","Headbutt","Flame Barrier","Fiend Fire","Shockwave","Armaments","Shrug It Off","Evolve"],"special_seed":0,"relics":["Burning Blood","Lantern","Unceasing Top","Magic Flower","Coffee Dripper"],"potions_floor_usage":[14,16],"damage_taken":[{"damage":2.0,"enemies":"2 Louse","floor":1.0,"turns":3.0},{"damage":6.0,"enemies":"Cultist","floor":2.0,"turns":3.0},{"damage":7.0,"enemies":"Jaw Worm","floor":3.0,"turns":2.0},{"damage":44.0,"enemies":"Lagavulin","floor":7.0,"turns":10.0},{"damage":12,"enemies":"Exordium Thugs","floor":10,"turns":6},{"damage":13,"enemies":"Blue Slaver","floor":11,"turns":4},{"damage":0,"enemies":"Large Slime","floor":13,"turns":3},{"damage":0,"enemies":"Gremlin Gang","floor":14,"turns":3},{"damage":53,"enemies":"Slime Boss","floor":16,"turns":13},{"damage":4,"enemies":"3 Byrds","floor":18,"turns":4},{"damage":23,"enemies":"Spheric Guardian","floor":21,"turns":5},{"damage":42,"enemies":"Snecko","floor":22,"turns":6}],"seed_played":"-1019373508095902193","potions_obtained":[{"floor":2.0,"key":"FairyPotion"},{"floor":10,"key":"Explosive Potion"},{"floor":11,"key":"EssenceOfSteel"}],"is_trial":false,"path_per_floor":["M","M","M","?","$","R","E","R","T","M","M","?","M","M","R","B",null,"M","$","?","M","M"],"character_chosen":"IRONCLAD","items_purchased":["Shrug It Off","True Grit","Lantern","Armaments","Shrug It Off","Evolve"],"campfire_rested":1,"item_purchase_floors":[5,5,5,19,19,19],"current_hp_per_floor":[55,55,54,54,54,54,16,40,40,37,33,25,34,43,43,13,63,68,68,53,39,0],"gold":19,"neow_bonus":"TWO_FIFTY_GOLD","is_prod":false,"is_daily":false,"chose_seed":false,"campfire_upgraded":2,"win_rate":0,"timestamp":1565029814,"path_taken":["M","M","M","?","$","R","E","R","T","M","M","?","M","M","R","BOSS","M","$","?","M","M"],"build_version":"2019-07-18","purchased_purges":2,"victory":false,"max_hp_per_floor":[80,80,80,80,80,80,80,80,80,80,80,80,80,80,80,80,80,80,80,85,85,85],"card_choices":[{"not_picked":["Thunderclap","Heavy Blade"],"picked":"Headbutt","floor":1.0},{"not_picked":["True Grit","Thunderclap"],"picked":"Wild Strike","floor":2.0},{"not_picked":["Wild Strike","Armaments"],"picked":"Searing Blow","floor":3.0},{"not_picked":["Heavy Blade","Cleave","Inflame"],"picked":"SKIP","floor":7.0},{"not_picked":["Warcry","Carnage"],"picked":"Headbutt","floor":10},{"not_picked":["Blood for Blood","Iron Wave"],"picked":"Flame Barrier","floor":11},{"not_picked":["Reckless Charge","Uppercut","Heavy Blade"],"picked":"SKIP","floor":13},{"not_picked":["Cleave","Headbutt","Rage"],"picked":"SKIP","floor":14},{"not_picked":["Immolate","Feed"],"picked":"Fiend Fire","floor":16},{"not_picked":["Flex","Bloodletting+1"],"picked":"Shockwave","floor":18},{"not_picked":["Body Slam","Thunderclap","Havoc"],"picked":"SKIP","floor":21}],"player_experience":145999,"relics_obtained":[{"floor":7.0,"key":"Unceasing Top"},{"floor":9.0,"key":"Magic Flower"}],"event_choices":[{"cards_removed":["Strike_R"],"damage_healed":0.0,"max_hp_gain":0.0,"max_hp_loss":0.0,"gold_gain":0.0,"event_name":"The Cleric","player_choice":"Card Removal","floor":4.0,"gold_loss":50.0,"damage_taken":0.0},{"damage_healed":0,"gold_gain":0,"player_choice":"Damaged","damage_taken":8,"max_hp_gain":0,"max_hp_loss":0,"event_name":"Wheel of Change","floor":12,"gold_loss":0},{"damage_healed":0,"gold_gain":0,"player_choice":"Shed Blood","damage_taken":20,"max_hp_gain":5,"max_hp_loss":0,"event_name":"Forgotten Altar","floor":20,"gold_loss":0}],"is_beta":true,"boss_relics":[{"not_picked":["Mark of Pain","Cursed Key"],"picked":"Coffee Dripper"}],"items_purged_floors":[5,19],"is_endless":false,"potions_floor_spawned":[2,10,11],"killed_by":"Snecko","ascension_level":8}