{"gold_per_floor":[110,35,53,53,66,66,83,83,151,151,183,183,194,205,205,301,301,311,221,232,132,143,171,187,199,499,515,258,208,243,257,257,362,362,378,378,392,116,116,116,134,134,134,134],"floor_reached":44,"playtime":4837,"items_purged":["Strike_B","Defend_B","Strike_B"],"score":452,"play_id":"14ab536a-c6de-47d1-ad4c-fe44ce737b77","local_time":"20190808232922","is_ascension_mode":false,"campfire_choices":[{"data":"Coolheaded","floor":6.0,"key":"SMITH"},{"data":"Consume","floor":8.0,"key":"SMITH"},{"data":"Zap","floor":15.0,"key":"SMITH"},{"floor":32.0,"key":"REST"},{"floor":40.0,"key":"RECALL"},{"floor":42.0,"key":"REST"}],"neow_cost":"PERCENT_DAMAGE","seed_source_timestamp":0,"circlet_count":0,"master_deck":["Defend_B+1","Zap+1","Dualcast","Barrage+1","Cold Snap","Coolheaded+1","Consume+1","Go for the Eyes","Coolheaded","Multi-Cast","Capacitor","Coolheaded+1","Hologram","Hologram+1","Conserve Battery","Barrage","Chill","Good Instincts","Barrage","Streamline+1","Rainbow","Hologram+1","FTL+1","Defragment+1","Glacier+1","Blizzard","Thinking Ahead","Dramatic Entrance","Master of Strategy"],"special_seed":0,"relics":["FrozenCore","Calipers","Orichalcum","Bottled Lightning","Old Coin","Vajra","Astrolabe","Sling","Question Card"],"potions_floor_usage":[],"damage_taken":[{"damage":1.0,"enemies":"Jaw Worm","floor":1.0,"turns":5.0},{"damage":0.0,"enemies":"Cultist","floor":3.0,"turns":3.0},{"damage":0.0,"enemies":"2 Louse","floor":5.0,"turns":2.0},{"damage":0.0,"enemies":"2 Fungi Beasts","floor":7.0,"turns":2.0},{"damage":21.0,"enemies":"3 Sentries","floor":11.0,"turns":10.0},{"damage":1.0,"enemies":"Red Slaver","floor":13.0,"turns":4.0},{"damage":5.0,"enemies":"3 Louse","floor":14.0,"turns":3.0},{"damage":19.0,"enemies":"Slime Boss","floor":16.0,"turns":14.0},{"damage":0.0,"enemies":"Shell Parasite","floor":18.0,"turns":9.0},{"damage":15.0,"enemies":"3 Byrds","floor":20.0,"turns":8.0},{"damage":11.0,"enemies":"Snake Plant","floor":22.0,"turns":7.0},{"damage":17.0,"enemies":"Slavers","floor":23.0,"turns":7.0},{"damage":0.0,"enemies":"Snecko","floor":24.0,"turns":6.0},{"damage":0.0,"enemies":"Centurion and Healer","floor":25.0,"turns":8.0},{"damage":1.0,"enemies":"Cultist and Chosen","floor":27.0,"turns":7.0},{"damage":2.0,"enemies":"Book of Stabbing","floor":30.0,"turns":8.0},{"damage":0.0,"enemies":"Snake Plant","floor":31.0,"turns":8.0},{"damage":2.0,"enemies":"Champ","floor":33.0,"turns":21.0},{"damage":4.0,"enemies":"Orb Walker","floor":35.0,"turns":4.0},{"damage":5.0,"enemies":"3 Shapes","floor":37.0,"turns":6.0},{"damage":54.0,"enemies":"Transient","floor":41.0,"turns":5.0},{"damage":31,"enemies":"2 Orb Walkers","floor":44,"turns":4}],"seed_played":"5136924345462727484","potions_obtained":[{"floor":7.0,"key":"Energy Potion"},{"floor":13.0,"key":"Explosive Potion"},{"floor":23.0,"key":"SpeedPotion"},{"floor":27.0,"key":"LiquidBronze"}],"is_trial":false,"path_per_floor":["M","$","M","?","M","R","M","R","T","?","E","?","M","M","R","B",null,"M","?","M","$","M","E","M","M","T","M","$","?","E","M","R","B",null,"M","?","M","$","?","R","M","R","T","?"],"character_chosen":"DEFECT","items_purchased":["Chill","Good Instincts","Sling","Blizzard"],"campfire_rested":2,"item_purchase_floors":[28,28,38,38],"current_hp_per_floor":[53,53,53,53,53,53,53,53,53,58,37,37,36,31,31,12,80,80,80,65,65,54,37,37,37,37,36,36,36,34,34,58,56,80,76,76,71,71,61,61,7,31,31,0],"gold":134,"neow_bonus":"ONE_RARE_RELIC","is_prod":false,"is_daily":false,"chose_seed":false,"campfire_upgraded":3,"win_rate":0,"timestamp":1565299762,"path_taken":["M","$","M","?","?","R","M","R","T","?","E","?","?","M","R","BOSS","M","?","M","$","?","E","M","?","T","M","$","?","E","?","R","BOSS","M","?","M","$","?","R","M","R","T","?"],"build_version":"2019-07-17","purchased_purges":3,"victory":false,"max_hp_per_floor":[75,75,75,75,75,75,75,75,75,80,80,80,80,80,80,80,80,80,80,80,80,80,80,80,80,80,80,80,80,80,80,80,80,80,80,80,80,80,80,80,80,80,80,80],"card_choices":[{"not_picked":["Compile Driver","Sweeping Beam"],"picked":"Barrage","floor":1.0},{"not_picked":["Stack","Conserve Battery"],"picked":"Cold Snap","floor":3.0},{"not_picked":["White Noise","BootSequence"],"picked":"Coolheaded","floor":5.0},{"not_picked":["Heatsinks","Coolheaded"],"picked":"Consume","floor":7.0},{"not_picked":["Fission","Ball Lightning"],"picked":"Go for the Eyes","floor":11.0},{"not_picked":["Compile Driver","Ball Lightning"],"picked":"Coolheaded","floor":13.0},{"not_picked":["Barrage","Go for the Eyes"],"picked":"Multi-Cast","floor":14.0},{"not_picked":["Reboot","Hyperbeam"],"picked":"Amplify","floor":16.0},{"not_picked":["Cold Snap","Doom and Gloom+1"],"picked":"Capacitor","floor":18.0},{"not_picked":["Sunder","Go for the Eyes"],"picked":"Coolheaded+1","floor":20.0},{"not_picked":["Rebound","Static Discharge"],"picked":"Hologram","floor":22.0},{"not_picked":["Conserve Battery","Core Surge"],"picked":"Hologram+1","floor":23.0},{"not_picked":["Auto Shields","Hologram"],"picked":"Conserve Battery","floor":24.0},{"not_picked":["Go for the Eyes","Ball Lightning"],"picked":"Barrage","floor":25.0},{"not_picked":["Coolheaded","Undo","Compile Driver+1"],"picked":"SKIP","floor":27.0},{"not_picked":["Steam","Hologram"],"picked":"Barrage","floor":30.0},{"not_picked":["Hologram","Redo"],"picked":"Streamline+1","floor":31.0},{"not_picked":["Buffer","Thunder Strike"],"picked":"Rainbow","floor":33.0},{"not_picked":["Conserve Battery","Barrage","Beam Cell+1"],"picked":"SKIP","floor":35.0},{"not_picked":["FTL+1","Ball Lightning+1"],"picked":"Glacier+1","floor":37.0},{"not_picked":["Bandage Up","Madness"],"picked":"Thinking Ahead","floor":39.0},{"not_picked":["Bandage Up","Secret Weapon"],"picked":"Dramatic Entrance","floor":39.0},{"not_picked":["Deep Breath","The Bomb"],"picked":"Master of Strategy","floor":39.0},{"not_picked":["Hologram+1","Hello World+1","Rebound+1"],"picked":"SKIP","floor":41.0}],"player_experience":188427,"relics_obtained":[{"floor":11.0,"key":"Orichalcum"},{"floor":23.0,"key":"Bottled Lightning"},{"floor":26.0,"key":"Old Coin"},{"floor":30.0,"key":"Vajra"},{"floor":43.0,"key":"Question Card"}],"event_choices":[{"cards_removed":["Strike_B"],"damage_healed":0.0,"max_hp_gain":0.0,"max_hp_loss":0.0,"gold_gain":0.0,"event_name":"Purifier","player_choice":"Purged","floor":4.0,"gold_loss":0.0,"damage_taken":0.0},{"damage_healed":0.0,"max_hp_gain":5.0,"max_hp_loss":0.0,"gold_gain":0.0,"event_name":"Big Fish","player_choice":"Donut","floor":10.0,"gold_loss":0.0,"damage_taken":0.0},{"damage_healed":0.0,"max_hp_gain":0.0,"max_hp_loss":0.0,"gold_gain":0.0,"event_name":"Accursed Blacksmith","player_choice":"Forge","floor":12.0,"gold_loss":0.0,"damage_taken":0.0,"cards_upgraded":["Barrage"]},{"cards_removed":["Strike_B"],"damage_healed":0.0,"max_hp_gain":0.0,"max_hp_loss":0.0,"gold_gain":0.0,"event_name":"Designer","player_choice":"Upgrade and Remove","floor":19.0,"gold_loss":90.0,"damage_taken":0.0,"cards_upgraded":["Defend_B"]},{"damage_healed":0.0,"max_hp_gain":0.0,"max_hp_loss":0.0,"gold_gain":0.0,"event_name":"The Joust","player_choice":"Bet on Murderer","floor":29.0,"gold_loss":50.0,"damage_taken":0.0},{"damage_healed":0.0,"max_hp_gain":0.0,"max_hp_loss":0.0,"gold_gain":0.0,"event_name":"Tomb of Lord Red Mask","player_choice":"Ignored","floor":36.0,"gold_loss":0.0,"damage_taken":0.0},{"damage_healed":0.0,"max_hp_gain":0.0,"max_hp_loss":0.0,"gold_gain":0.0,"event_name":"SensoryStone","player_choice":"Memory 3","floor":39.0,"gold_loss":0.0,"damage_taken":10.0},{"damage_healed":0,"gold_gain":0,"player_choice":"Fight","damage_taken":0,"max_hp_gain":0,"max_hp_loss":0,"event_name":"Mysterious Sphere","floor":44,"gold_loss":0}],"is_beta":false,"boss_relics":[{"not_picked":["Sozu","Coffee Dripper"],"picked":"FrozenCore"},{"not_picked":["Runic Pyramid","Busted Crown"],"picked":"Astrolabe"}],"items_purged_floors":[2,21,28],"is_endless":false,"potions_floor_spawned":[7,13,23,27,31],"killed_by":"2 Orb Walkers","ascension_level":0}