{"gold_per_floor":[111,111,124,124,15,47,58,117,117,117,144,144,172,189,189,291,291,309,323,323,323,4,4],"floor_reached":23,"playtime":2134,"items_purged":[],"score":248,"play_id":"783a68ab-12c6-4338-b0c2-2e0ddf766fd1","local_time":"20190805153453","is_ascension_mode":true,"campfire_choices":[{"data":"Neutralize","floor":10.0,"key":"SMITH"},{"floor":15,"key":"REST"}],"neow_cost":"NONE","seed_source_timestamp":0,"circlet_count":0,"master_deck":["Strike_G","Strike_G","Strike_G","Strike_G","Strike_G","Defend_G","Defend_G","Defend_G","Defend_G","Survivor","Neutralize+1","Prepared","Deflect","Venomology","Choke","Terror","Backstab+1","Flying Knee","Escape Plan","Quick Slash","Leg Sweep","Escape Plan","Underhanded Strike","Slice","Outmaneuver","Dodge and Roll","Noxious Fumes","Forethought"],"special_seed":0,"relics":["Ring of the Snake","Gambling Chip","Boot","Prayer Wheel","Bag of Marbles","Snecko Eye","Nloth\u0027s Gift","Dream Catcher"],"potions_floor_usage":[16,16,18],"damage_taken":[{"damage":0.0,"enemies":"2 Louse","floor":1.0,"turns":3.0},{"damage":2.0,"enemies":"Cultist","floor":3.0,"turns":4.0},{"damage":10.0,"enemies":"Lagavulin","floor":6.0,"turns":5.0},{"damage":0.0,"enemies":"Small Slimes","floor":7.0,"turns":2.0},{"damage":11.0,"enemies":"3 Sentries","floor":8.0,"turns":4.0},{"damage":12.0,"enemies":"3 Sentries","floor":11.0,"turns":10.0},{"damage":10.0,"enemies":"Lagavulin","floor":13.0,"turns":4.0},{"damage":8,"enemies":"3 Louse","floor":14,"turns":2},{"damage":10,"enemies":"Slime Boss","floor":16,"turns":10},{"damage":45,"enemies":"Spheric Guardian","floor":18,"turns":8},{"damage":20,"enemies":"3 Byrds","floor":19,"turns":6},{"damage":17,"enemies":"Book of Stabbing","floor":23,"turns":2}],"seed_played":"8543768591337769184","potions_obtained":[{"floor":2.0,"key":"Poison Potion"},{"floor":2.0,"key":"GamblersBrew"},{"floor":2.0,"key":"Block Potion"},{"floor":6.0,"key":"SpeedPotion"},{"floor":11.0,"key":"Poison Potion"},{"floor":13,"key":"SpeedPotion"},{"floor":14,"key":"Dexterity Potion"}],"is_trial":false,"path_per_floor":["M","?","M","?","$","E","M","?","T","R","E","?","E","M","R","B",null,"M","M","?","?","$","E"],"character_chosen":"THE_SILENT","items_purchased":["Choke","Terror","Dream Catcher","Noxious Fumes","Forethought"],"campfire_rested":1,"item_purchase_floors":[5,5,22,22,22],"current_hp_per_floor":[77,77,75,75,75,65,65,54,54,54,42,42,32,24,47,37,77,32,12,12,12,12,0],"gold":4,"neow_bonus":"TEN_PERCENT_HP_BONUS","is_prod":false,"is_daily":false,"chose_seed":false,"campfire_upgraded":1,"win_rate":0,"timestamp":1565044493,"path_taken":["M","?","?","?","?","E","M","?","T","R","E","?","E","M","R","BOSS","M","?","?","?","$","E"],"build_version":"2019-07-17","purchased_purges":0,"victory":false,"max_hp_per_floor":[77,77,77,77,77,77,77,77,77,77,77,77,77,77,77,77,77,77,77,77,77,77,77],"card_choices":[{"not_picked":["Outmaneuver","Slice"],"picked":"Prepared","floor":1.0},{"not_picked":["Prepared","Eviscerate"],"picked":"Deflect","floor":3.0},{"not_picked":["Corpse Explosion","Sucker Punch"],"picked":"Backstab","floor":6.0},{"not_picked":["Deadly Poison","Distraction"],"picked":"Flying Knee","floor":7.0},{"not_picked":["Cloak And Dagger","Outmaneuver"],"picked":"Escape Plan","floor":8.0},{"not_picked":["PiercingWail","Bane"],"picked":"Quick Slash","floor":11.0},{"not_picked":["Unload","All Out Attack"],"picked":"Leg Sweep","floor":13},{"not_picked":["PiercingWail","Cloak And Dagger"],"picked":"Escape Plan","floor":14},{"not_picked":["Dagger Throw","Distraction","Tactician"],"picked":"SKIP","floor":14},{"not_picked":["Expertise+1","Catalyst"],"picked":"Underhanded Strike","floor":18},{"not_picked":["Quick Slash+1","Cloak And Dagger"],"picked":"Slice","floor":18},{"not_picked":["Prepared","Deadly Poison+1"],"picked":"Outmaneuver","floor":19},{"not_picked":["Heel Hook","Dagger Spray"],"picked":"Dodge and Roll","floor":19}],"player_experience":849291,"relics_obtained":[{"floor":6.0,"key":"Gambling Chip"},{"floor":8.0,"key":"Boot"},{"floor":9.0,"key":"Prayer Wheel"},{"floor":11.0,"key":"Smiling Mask"},{"floor":13,"key":"Bag of Marbles"}],"event_choices":[{"damage_healed":0.0,"max_hp_gain":0.0,"max_hp_loss":0.0,"gold_gain":0.0,"event_name":"Lab","player_choice":"Got Potions","floor":2.0,"gold_loss":0.0,"damage_taken":0.0},{"damage_healed":0.0,"max_hp_gain":0.0,"max_hp_loss":0.0,"gold_gain":0.0,"cards_transformed":["Defend_G"],"event_name":"Transmorgrifier","player_choice":"Transformed","floor":4.0,"gold_loss":0.0,"damage_taken":0.0,"cards_obtained":["Venomology"]},{"damage_healed":0.0,"max_hp_gain":0.0,"max_hp_loss":0.0,"gold_gain":0.0,"event_name":"Dead Adventurer","player_choice":"Searched \u00272\u0027 times","floor":8.0,"gold_loss":0.0,"damage_taken":0.0},{"damage_healed":0.0,"max_hp_gain":0.0,"max_hp_loss":0.0,"gold_gain":0.0,"event_name":"Accursed Blacksmith","player_choice":"Forge","floor":12.0,"gold_loss":0.0,"damage_taken":0.0,"cards_upgraded":["Backstab"]},{"damage_healed":0,"gold_gain":0,"player_choice":"Ignored","damage_taken":0,"max_hp_gain":0,"max_hp_loss":0,"event_name":"Beggar","floor":20,"gold_loss":0},{"damage_healed":0,"gold_gain":0,"player_choice":"Traded Relic","damage_taken":0,"relics_obtained":["Nloth\u0027s Gift"],"max_hp_gain":0,"max_hp_loss":0,"event_name":"N\u0027loth","floor":21,"relics_lost":["Smiling Mask"],"gold_loss":0}],"is_beta":false,"boss_relics":[{"not_picked":["Philosopher\u0027s Stone","Fusion Hammer"],"picked":"Snecko Eye"}],"items_purged_floors":[],"is_endless":false,"potions_floor_spawned":[6,11,13,14],"killed_by":"Book of Stabbing","ascension_level":4}