{"gold_per_floor":[110,121,296,296,37,37,62,62,62,14,30,48,62,90,90,188,188,205,62,74,0,20,54,54,88,88,100,135,135,12,23,23,122,122,138,138,149,149,163,182,216,228,251,251,278,278,278,278],"floor_reached":48,"playtime":4035,"items_purged":[],"score":818,"play_id":"f7813df2-f974-4066-8bc4-ce57e800e8e0","local_time":"20190623023643","is_ascension_mode":true,"campfire_choices":[{"data":"Deadly Poison","floor":6.0,"key":"SMITH"},{"data":"Outmaneuver","floor":8.0,"key":"SMITH"},{"data":"Catalyst","floor":15.0,"key":"SMITH"},{"floor":24.0,"key":"REST"},{"floor":29.0,"key":"REST"},{"floor":32.0,"key":"REST"},{"floor":44,"key":"RECALL"}],"neow_cost":"NONE","seed_source_timestamp":0,"circlet_count":0,"master_deck":["Defend_G","Defend_G","Defend_G","Defend_G","Defend_G","Strike_G","Strike_G+1","Strike_G","Strike_G","Survivor","Neutralize+1","Cloak And Dagger","Deadly Poison+1","Outmaneuver+1","Poisoned Stab+1","Catalyst+1","Backflip","Dodge and Roll","Terror","Adrenaline","Blur","Crippling Poison+1","After Image+1","Cloak And Dagger+1","Shame","Footwork","Blur+1","Noxious Fumes","Deadly Poison","Deflect","Malaise","Blade Dance+1","Acrobatics+1","Backflip+1","Bane+1","Bane+1","Setup","Pain","Madness","Madness"],"special_seed":0,"relics":["Ring of the Snake","Mummified Hand","Happy Flower","FossilizedHelix","Blue Candle","Cursed Key","Letter Opener","Whetstone","Pantograph","Kunai","Sundial","Eternal Feather","Bottled Lightning","Juzu Bracelet"],"potions_floor_usage":[41,48],"damage_taken":[{"damage":1.0,"enemies":"2 Louse","floor":1.0,"turns":4.0},{"damage":1.0,"enemies":"Jaw Worm","floor":2.0,"turns":4.0},{"damage":19.0,"enemies":"Lagavulin","floor":7.0,"turns":7.0},{"damage":0.0,"enemies":"Cultist","floor":11.0,"turns":3.0},{"damage":0.0,"enemies":"Blue Slaver","floor":12.0,"turns":3.0},{"damage":0.0,"enemies":"Red Slaver","floor":13.0,"turns":3.0},{"damage":0.0,"enemies":"Gremlin Nob","floor":14.0,"turns":3.0},{"damage":8.0,"enemies":"The Guardian","floor":16.0,"turns":8.0},{"damage":9.0,"enemies":"3 Byrds","floor":18.0,"turns":5.0},{"damage":23.0,"enemies":"Spheric Guardian","floor":20.0,"turns":6.0},{"damage":8.0,"enemies":"Snecko","floor":22.0,"turns":6.0},{"damage":6.0,"enemies":"Book of Stabbing","floor":23.0,"turns":5.0},{"damage":0.0,"enemies":"Gremlin Leader","floor":25.0,"turns":6.0},{"damage":24.0,"enemies":"Sentry and Sphere","floor":27.0,"turns":10.0},{"damage":21.0,"enemies":"Book of Stabbing","floor":28.0,"turns":6.0},{"damage":10.0,"enemies":"Chosen and Byrds","floor":31.0,"turns":7.0},{"damage":34.0,"enemies":"Automaton","floor":33.0,"turns":9.0},{"damage":5,"enemies":"3 Darklings","floor":35,"turns":5},{"damage":0,"enemies":"Orb Walker","floor":37,"turns":3},{"damage":0,"enemies":"Maw","floor":39,"turns":8},{"damage":0,"enemies":"3 Darklings","floor":40,"turns":3},{"damage":9,"enemies":"Reptomancer","floor":41,"turns":6},{"damage":0,"enemies":"Writhing Mass","floor":42,"turns":7},{"damage":34,"enemies":"Nemesis","floor":45,"turns":7},{"damage":27,"enemies":"Giant Head","floor":48,"turns":7}],"seed_played":"3375380063290687076","potions_obtained":[{"floor":2.0,"key":"Fire Potion"},{"floor":12.0,"key":"Poison Potion"},{"floor":13.0,"key":"Regen Potion"},{"floor":14.0,"key":"EntropicBrew"},{"floor":16.0,"key":"FearPotion"},{"floor":23.0,"key":"GhostInAJar"},{"floor":27.0,"key":"Regen Potion"},{"floor":33.0,"key":"GamblersBrew"},{"floor":35,"key":"Strength Potion"},{"floor":41,"key":"Swift Potion"}],"is_trial":false,"path_per_floor":["M","M","?","?","$","R","E","R","T","$","M","M","M","E","R","B",null,"M","?","M","?","M","E","R","E","T","M","E","R","$","M","R","B",null,"M","?","M","?","M","M","E","M","T","R","E","?","?","E"],"character_chosen":"THE_SILENT","items_purchased":["Mummified Hand","Poisoned Stab","Noxious Fumes","Deadly Poison"],"campfire_rested":3,"item_purchase_floors":[5,10,30,30],"current_hp_per_floor":[62,61,61,54,54,54,35,35,35,35,35,35,35,47,47,39,62,53,53,30,30,22,16,37,37,37,13,7,28,28,18,39,30,60,55,55,55,55,55,55,46,46,46,67,33,33,24,0],"gold":278,"neow_bonus":"UPGRADE_CARD","is_prod":false,"is_daily":false,"chose_seed":false,"campfire_upgraded":3,"win_rate":0,"timestamp":1561271803,"path_taken":["M","M","?","?","?","R","E","R","T","$","M","?","M","E","R","BOSS","M","?","?","?","M","E","R","E","T","M","E","R","$","M","R","BOSS","M","?","?","?","?","M","E","M","T","R","E","?","?","E"],"build_version":"2019-01-23","purchased_purges":0,"victory":false,"max_hp_per_floor":[70,70,70,70,70,70,70,70,70,70,70,70,70,70,70,70,70,70,70,70,70,70,70,70,70,70,70,70,70,70,70,70,70,70,70,70,70,70,70,70,70,70,70,70,70,70,70,70],"card_choices":[{"not_picked":["Slice","Quick Slash"],"picked":"Cloak And Dagger","floor":1.0},{"not_picked":["Quick Slash","PiercingWail"],"picked":"Deadly Poison","floor":2.0},{"not_picked":["Acrobatics","Eviscerate"],"picked":"Outmaneuver","floor":7.0},{"not_picked":["Glass Knife","PiercingWail"],"picked":"Catalyst","floor":11.0},{"not_picked":["Quick Slash","Acrobatics"],"picked":"Backflip","floor":12.0},{"not_picked":["Dagger Throw","Flying Knee"],"picked":"Dodge and Roll","floor":13.0},{"not_picked":["Flying Knee","Outmaneuver"],"picked":"Terror","floor":14.0},{"not_picked":["Night Terror","Grand Finale"],"picked":"Adrenaline","floor":16.0},{"not_picked":["Flying Knee","Slice","Sucker Punch"],"picked":"SKIP","floor":18.0},{"not_picked":["Prepared","All Out Attack"],"picked":"Blur","floor":20.0},{"not_picked":["Accuracy+1","Sucker Punch+1"],"picked":"Crippling Poison+1","floor":22.0},{"not_picked":["Backflip","Deflect"],"picked":"After Image","floor":23.0},{"not_picked":["Storm of Steel","Terror"],"picked":"Cloak And Dagger+1","floor":25.0},{"not_picked":["Cloak And Dagger","Slice"],"picked":"Footwork","floor":27.0},{"not_picked":["Dagger Throw","Expertise+1"],"picked":"Blur+1","floor":28.0},{"not_picked":["Backflip","Tactician"],"picked":"Deflect","floor":31.0},{"not_picked":["After Image","Corpse Explosion"],"picked":"Malaise","floor":33.0},{"not_picked":["Flechettes","Skewer"],"picked":"Blade Dance+1","floor":35},{"not_picked":["Tactician","Sucker Punch"],"picked":"Acrobatics+1","floor":37},{"not_picked":["Acrobatics","Tactician+1"],"picked":"Backflip+1","floor":39},{"not_picked":["Dagger Throw+1","Expertise"],"picked":"Bane+1","floor":40},{"not_picked":["Dash","Blur"],"picked":"Bane+1","floor":41},{"not_picked":["Cloak And Dagger","Setup","Underhanded Strike+1"],"picked":"SKIP","floor":42},{"not_picked":["Cloak And Dagger","Underhanded Strike+1"],"picked":"Setup","floor":42},{"not_picked":["Choke+1","Dagger Throw","Outmaneuver+1"],"picked":"SKIP","floor":45}],"player_experience":339969,"relics_obtained":[{"floor":7.0,"key":"Happy Flower"},{"floor":9.0,"key":"FossilizedHelix"},{"floor":14.0,"key":"Blue Candle"},{"floor":23.0,"key":"Whetstone"},{"floor":25.0,"key":"Pantograph"},{"floor":26.0,"key":"Kunai"},{"floor":28.0,"key":"Sundial"},{"floor":41,"key":"Bottled Lightning"},{"floor":45,"key":"Juzu Bracelet"}],"event_choices":[{"damage_healed":0.0,"max_hp_gain":0.0,"max_hp_loss":0.0,"gold_gain":175.0,"event_name":"Liars Game","player_choice":"AGREE","floor":3.0,"gold_loss":0.0,"damage_taken":0.0,"cards_obtained":["Doubt"]},{"cards_removed":["Doubt"],"damage_healed":0.0,"max_hp_gain":0.0,"max_hp_loss":0.0,"gold_gain":0.0,"event_name":"Golden Wing","player_choice":"Card Removal","floor":4.0,"gold_loss":0.0,"damage_taken":7.0},{"damage_healed":0.0,"max_hp_gain":0.0,"max_hp_loss":0.0,"gold_gain":0.0,"event_name":"WeMeetAgain","player_choice":"Paid Gold","floor":19.0,"gold_loss":143.0,"damage_taken":0.0,"relics_obtained":["Letter Opener"]},{"damage_healed":0.0,"max_hp_gain":0.0,"max_hp_loss":0.0,"gold_gain":0.0,"event_name":"Masked Bandits","player_choice":"Paid Fearfully","floor":21.0,"gold_loss":74.0,"damage_taken":0.0},{"damage_healed":0,"gold_gain":0,"player_choice":"Forge","damage_taken":0,"max_hp_gain":0,"max_hp_loss":0,"event_name":"Accursed Blacksmith","floor":36,"gold_loss":0,"cards_upgraded":["After Image"]},{"damage_healed":0,"gold_gain":0,"player_choice":"Ignored","damage_taken":0,"max_hp_gain":0,"max_hp_loss":0,"event_name":"SecretPortal","floor":38,"gold_loss":0},{"cards_removed":["Strike_G"],"damage_healed":0,"gold_gain":0,"player_choice":"Removed Attack","damage_taken":0,"max_hp_gain":0,"max_hp_loss":0,"event_name":"Falling","floor":46,"gold_loss":0},{"damage_healed":0,"gold_gain":0,"player_choice":"Embrace Madness","damage_taken":9,"max_hp_gain":0,"max_hp_loss":0,"event_name":"Winding Halls","floor":47,"gold_loss":0,"cards_obtained":["Madness","Madness"]}],"is_beta":false,"boss_relics":[{"not_picked":["Lizard Tail","White Beast Statue"],"picked":"Cursed Key"},{"not_picked":["Runic Dome","Orrery"],"picked":"Eternal Feather"}],"items_purged_floors":[],"is_endless":false,"potions_floor_spawned":[2,12,13,14,16,23,27,33,35,40,41],"killed_by":"Giant Head","ascension_level":6}