{"gold_per_floor":[111,35,49,68,68,97,97,125,203,203,278,278,278,288,288,393,393,409,324,357,357],"floor_reached":21,"playtime":1127,"items_purged":[],"score":266,"play_id":"bc2e1769-6ccd-4df9-ba57-73a9af7cf834","local_time":"20190212225925","is_ascension_mode":true,"campfire_choices":[{"floor":7,"key":"REST"},{"floor":10,"key":"REST"},{"floor":13,"key":"REST"},{"floor":15,"key":"REST"}],"neow_cost":"CURSE","seed_source_timestamp":113148080949683,"circlet_count":0,"master_deck":["Defend_G","Defend_G","Defend_G","Defend_G","Defend_G","Strike_G","Strike_G","Strike_G","Strike_G","Strike_G","Survivor","Neutralize","Writhe","Bane","Noxious Fumes","Crippling Poison","Tactician","Burst","Prepared","Deadly Poison","Backflip","Burst","Leg Sweep"],"relics":["Ring of the Snake","Prayer Wheel","Happy Flower","Singing Bowl","Sundial","Eternal Feather","Blue Candle","Red Mask"],"potions_floor_usage":[8,16,18,20],"damage_taken":[{"damage":0,"enemies":"Cultist","floor":1,"turns":5},{"damage":0,"enemies":"Jaw Worm","floor":3,"turns":4},{"damage":4,"enemies":"2 Louse","floor":4,"turns":3},{"damage":47,"enemies":"Lagavulin","floor":6,"turns":7},{"damage":30,"enemies":"Gremlin Nob","floor":8,"turns":5},{"damage":12,"enemies":"Blue Slaver","floor":14,"turns":5},{"damage":49,"enemies":"Slime Boss","floor":16,"turns":14},{"damage":6,"enemies":"Spheric Guardian","floor":18,"turns":5},{"damage":60,"enemies":"Masked Bandits","floor":20,"turns":6},{"damage":8,"enemies":"Shell Parasite","floor":21,"turns":5}],"seed_played":"7941340095322332708","potions_obtained":[{"floor":1,"key":"GamblersBrew"},{"floor":6,"key":"Poison Potion"},{"floor":16,"key":"Block Potion"},{"floor":18,"key":"Ancient Potion"}],"is_trial":false,"path_per_floor":["M","$","M","M","?","E","R","E","T","R","?","T","R","M","R","B",null,"M","?","?","M"],"character_chosen":"THE_SILENT","items_purchased":["Noxious Fumes"],"campfire_rested":4,"item_purchase_floors":[2],"current_hp_per_floor":[77,77,77,73,73,26,51,21,21,46,35,35,60,48,73,26,71,65,65,5,0],"gold":357,"neow_bonus":"TWENTY_PERCENT_HP_BONUS","is_prod":false,"is_daily":false,"chose_seed":false,"campfire_upgraded":0,"win_rate":0,"timestamp":1549972765,"path_taken":["M","$","?","M","?","E","R","E","T","R","?","?","R","M","R","BOSS","M","?","?","M"],"build_version":"2019-01-23","purchased_purges":0,"victory":false,"max_hp_per_floor":[84,84,84,84,84,84,84,84,84,84,84,84,84,84,84,86,86,86,86,86,86],"card_choices":[{"not_picked":["Finisher","Quick Slash"],"picked":"Bane","floor":1},{"not_picked":["Underhanded Strike","Concentrate","Caltrops"],"picked":"SKIP","floor":3},{"not_picked":["Prepared","Eviscerate"],"picked":"Crippling Poison","floor":4},{"not_picked":["Heel Hook","Dagger Spray"],"picked":"Tactician","floor":6},{"not_picked":["Blade Dance","Terror"],"picked":"Burst","floor":8},{"not_picked":["Eviscerate","Tactician"],"picked":"Prepared","floor":14},{"not_picked":["Predator","Riddle With Holes"],"picked":"Deadly Poison","floor":14},{"not_picked":["Wraith Form v2","Die Die Die","Burst"],"picked":"Singing Bowl","floor":16},{"not_picked":["Tactician","Blade Dance"],"picked":"Backflip","floor":18},{"not_picked":["Outmaneuver+1","All Out Attack"],"picked":"Burst","floor":18},{"not_picked":["Quick Slash+1","Flying Knee"],"picked":"Leg Sweep","floor":20}],"player_experience":699675,"relics_obtained":[{"floor":6,"key":"Prayer Wheel"},{"floor":8,"key":"Happy Flower"},{"floor":9,"key":"Singing Bowl"},{"floor":12,"key":"Sundial"},{"floor":20,"key":"Red Mask"}],"event_choices":[{"damage_healed":0,"gold_gain":0,"player_choice":"Ignored","damage_taken":0,"max_hp_gain":0,"max_hp_loss":0,"event_name":"Shining Light","floor":5,"gold_loss":0},{"damage_healed":0,"gold_gain":75,"player_choice":"Gather Gold","damage_taken":11,"max_hp_gain":0,"max_hp_loss":0,"event_name":"World of Goop","floor":11,"gold_loss":0},{"damage_healed":0,"gold_gain":0,"player_choice":"Obtained Relic","damage_taken":0,"relics_obtained":["Blue Candle"],"max_hp_gain":0,"max_hp_loss":0,"event_name":"Addict","floor":19,"gold_loss":85},{"damage_healed":0,"gold_gain":0,"player_choice":"Fought Bandits","damage_taken":0,"max_hp_gain":0,"max_hp_loss":0,"event_name":"Masked Bandits","floor":20,"gold_loss":0}],"is_beta":false,"boss_relics":[{"not_picked":["WristBlade","Empty Cage"],"picked":"Eternal Feather"}],"items_purged_floors":[],"is_endless":false,"potions_floor_spawned":[1,6,16,18],"killed_by":"Shell Parasite","ascension_level":6}